trade_seq,trade_id,timestamp,tick_direction,price,mark_price,iv,instrument_name,index_price,direction,contracts,amount,combo_trade_id,combo_id,liquidation,block_trade_leg_count,block_trade_id,block_rfq_id,unix_sec
871,364032369,1746055088672,2,0.0023,0.00242778,53.45,BTC-30MAY25-125000-C,94288.53,sell,0.1,0.1,,,,,,,1746055088.672
872,364032657,1746055688223,3,0.0023,0.00240229,53.47,BTC-30MAY25-125000-C,94280.62,sell,0.1,0.1,,,,,,,1746055688.223
873,364033072,1746056277404,3,0.0023,0.00238135,53.54,BTC-30MAY25-125000-C,94250.17,sell,0.1,0.1,,,,,,,1746056277.404
874,364036913,1746061411793,3,0.0023,0.00243077,53.24,BTC-30MAY25-125000-C,94476.77,buy,0.1,0.1,,,,,,,1746061411.793
875,364037570,1746061911133,3,0.0023,0.00242666,53.13,BTC-30MAY25-125000-C,94551.86,buy,0.1,0.1,,,,,,,1746061911.133
876,364040244,1746065454752,3,0.0023,0.00247941,52.73,BTC-30MAY25-125000-C,94813.67,buy,0.2,0.2,,,,,,,1746065454.752
877,364043898,1746069478416,3,0.0023,0.00242906,52.9,BTC-30MAY25-125000-C,94740.05,sell,0.1,0.1,,,,,,,1746069478.416
878,364043926,1746069514022,0,0.0024,0.00243129,53.32,BTC-30MAY25-125000-C,94728.09,buy,0.1,0.1,,,,,,,1746069514.022
879,364046208,1746072809409,1,0.0024,0.00248525,53.21,BTC-30MAY25-125000-C,94823.7,buy,0.2,0.2,,,,,,,1746072809.409
880,364048029,1746076307549,1,0.0024,0.00251271,53.03,BTC-30MAY25-125000-C,94951.21,buy,0.2,0.2,,,,,,,1746076307.549
881,364051183,1746080248404,1,0.0024,0.00248793,52.81,BTC-30MAY25-125000-C,95085.65,sell,0.1,0.1,,,,,,,1746080248.404
882,364051711,1746080847558,2,0.0023,0.00247151,52.52,BTC-30MAY25-125000-C,95027.68,sell,0.1,0.1,,,,,,,1746080847.558
883,364053827,1746083932982,3,0.0023,0.00245642,52.62,BTC-30MAY25-125000-C,94977.99,sell,0.1,0.1,,,,,,,1746083932.982
884,364054379,1746084473011,3,0.0023,0.00245629,52.55,BTC-30MAY25-125000-C,95017.15,sell,0.1,0.1,,,,,,,1746084473.011
885,364056613,1746087381335,3,0.0023,0.00247309,52.55,BTC-30MAY25-125000-C,95025.62,buy,0.2,0.2,,,,,,,1746087381.335
886,364059249,1746091007018,0,0.0025,0.00254151,53.08,BTC-30MAY25-125000-C,95200.91,buy,0.2,0.2,,,,,,,1746091007.018
887,364061743,1746092613009,0,0.0026,0.0026082,53.05,BTC-30MAY25-125000-C,95432.52,buy,1.0,1.0,,,,,,,1746092613.009
888,364072443,1746095264297,0,0.0029,0.0030344,52.77,BTC-30MAY25-125000-C,96261.89,sell,0.1,0.1,,,,,,,1746095264.297
889,364087526,1746100263389,0,0.003,0.00310269,53.2,BTC-30MAY25-125000-C,96229.03,sell,0.1,0.1,,,,,,,1746100263.389
890,364094162,1746102292048,0,0.0032,0.00323153,53.61,BTC-30MAY25-125000-C,96399.28,buy,0.1,0.1,,,,,,,1746102292.048
891,364102516,1746105255971,0,0.0033,0.00336675,53.76,BTC-30MAY25-125000-C,96525.67,sell,0.2,0.2,,,,,,,1746105255.971
892,364113101,1746107678121,1,0.0033,0.0032496,54.75,BTC-30MAY25-125000-C,95975.24,sell,0.1,0.1,,,,,,,1746107678.121
893,364118366,1746108604826,1,0.0033,0.00334078,54.44,BTC-30MAY25-125000-C,96194.06,sell,0.1,0.1,,,,,,,1746108604.826
894,364121118,1746109633455,1,0.0033,0.00338541,54.01,BTC-30MAY25-125000-C,96432.08,sell,0.1,0.1,,,,,,,1746109633.455
895,364123343,1746110487071,0,0.0034,0.0034085,54.06,BTC-30MAY25-125000-C,96612.42,sell,12.5,12.5,,BTC-CS-30MAY25-125000_250000,,2.0,BLOCK-195484,,1746110487.071
896,364126463,1746111606020,0,0.0035,0.00357312,53.78,BTC-30MAY25-125000-C,96947.4,sell,0.1,0.1,,,,,,,1746111606.02
897,364126683,1746111638864,1,0.0035,0.00353517,53.89,BTC-30MAY25-125000-C,96885.38,sell,25.0,25.0,,BTC-CSR12-30MAY25-115000_125000,,2.0,BLOCK-195489,,1746111638.864
898,364134016,1746112639083,1,0.0035,0.00351888,53.37,BTC-30MAY25-125000-C,97209.59,buy,0.1,0.1,,,,,,,1746112639.083
899,364137497,1746113229834,1,0.0035,0.00352339,53.51,BTC-30MAY25-125000-C,97111.42,sell,0.1,0.1,,,,,,,1746113229.834
900,364145088,1746116235656,2,0.0034,0.00347099,53.51,BTC-30MAY25-125000-C,96959.13,sell,0.1,0.1,,,,,,,1746116235.656
901,364146171,1746116835673,0,0.0035,0.00361754,53.33,BTC-30MAY25-125000-C,97241.77,sell,0.1,0.1,,,,,,,1746116835.673
902,364152804,1746119838829,0,0.0036,0.00363285,53.62,BTC-30MAY25-125000-C,97268.36,sell,0.1,0.1,,,,,,,1746119838.829
903,364153598,1746120438563,2,0.0035,0.00351394,53.71,BTC-30MAY25-125000-C,97046.51,sell,0.1,0.1,,,,,,,1746120438.563
904,364159211,1746123587944,2,0.0033,0.0033785,53.69,BTC-30MAY25-125000-C,96693.48,sell,0.1,0.1,,,,,,,1746123587.944
905,364159643,1746123784677,3,0.0033,0.00333524,53.84,BTC-30MAY25-125000-C,96612.31,buy,0.1,0.1,,,,,,,1746123784.677
906,364165380,1746127084900,3,0.0033,0.00334353,53.94,BTC-30MAY25-125000-C,96586.41,sell,0.1,0.1,,,,,,,1746127084.9
907,364165496,1746127204920,0,0.0034,0.00338993,54.17,BTC-30MAY25-125000-C,96641.64,buy,0.1,0.1,,,,,,,1746127204.92
908,364170807,1746130684130,1,0.0034,0.00351292,53.88,BTC-30MAY25-125000-C,96864.2,sell,0.1,0.1,,,,,,,1746130684.13
909,364171111,1746130803276,1,0.0034,0.00352125,53.82,BTC-30MAY25-125000-C,96891.42,buy,0.1,0.1,,,,,,,1746130803.276
910,364171764,1746131221963,1,0.0034,0.00351491,53.81,BTC-30MAY25-125000-C,96917.02,sell,0.1,0.1,,,,,,,1746131221.963
911,364171770,1746131234202,2,0.0033,0.00351112,53.51,BTC-30MAY25-125000-C,96901.8,sell,0.4,0.4,,,,,,,1746131234.202
912,364171771,1746131234202,3,0.0033,0.00351112,53.51,BTC-30MAY25-125000-C,96901.8,sell,1.0,1.0,,,,,,,1746131234.202
913,364171772,1746131234204,3,0.0033,0.00351112,53.51,BTC-30MAY25-125000-C,96901.8,buy,0.9,0.9,,,,,,,1746131234.204
914,364171773,1746131234207,3,0.0033,0.00351112,53.51,BTC-30MAY25-125000-C,96901.8,buy,0.4,0.4,,,,,,,1746131234.207
915,364171774,1746131234211,3,0.0033,0.00351112,53.51,BTC-30MAY25-125000-C,96901.8,buy,2.8,2.8,,,,,,,1746131234.211
917,364171781,1746131234251,3,0.0033,0.00351112,53.51,BTC-30MAY25-125000-C,96901.8,buy,0.2,0.2,,,,,,,1746131234.251
916,364171780,1746131234251,3,0.0033,0.00351112,53.51,BTC-30MAY25-125000-C,96901.8,buy,0.1,0.1,,,,,,,1746131234.251
918,364171784,1746131236234,3,0.0033,0.00350296,53.51,BTC-30MAY25-125000-C,96899.73,buy,0.1,0.1,,,,,,,1746131236.234
919,364171785,1746131236235,3,0.0033,0.00350296,53.51,BTC-30MAY25-125000-C,96899.73,buy,2.0,2.0,,,,,,,1746131236.235
920,364171787,1746131236806,3,0.0033,0.0035021,53.51,BTC-30MAY25-125000-C,96899.68,buy,4.5,4.5,,,,,,,1746131236.806
921,364174159,1746133603755,3,0.0033,0.00340019,53.96,BTC-30MAY25-125000-C,96636.13,sell,0.2,0.2,,,,,,,1746133603.755
922,364176560,1746137326751,0,0.0034,0.003364,54.45,BTC-30MAY25-125000-C,96538.22,sell,0.2,0.2,,,,,,,1746137326.751
924,364176599,1746137371494,1,0.0036,0.00338691,55.05,BTC-30MAY25-125000-C,96553.05,buy,2.3,2.3,,,,,,,1746137371.494
923,364176598,1746137371494,0,0.0036,0.00338691,55.05,BTC-30MAY25-125000-C,96553.05,buy,0.4,0.4,,,,,,,1746137371.494
925,364176600,1746137371494,1,0.0036,0.00338691,55.05,BTC-30MAY25-125000-C,96553.05,buy,1.1,1.1,,,,,,,1746137371.494
926,364179883,1746141446123,2,0.0031,0.00325568,53.87,BTC-30MAY25-125000-C,96351.1,sell,0.1,0.1,,,,,,,1746141446.123
927,364179989,1746141506142,3,0.0031,0.0032655,53.81,BTC-30MAY25-125000-C,96383.65,buy,0.1,0.1,,,,,,,1746141506.142
928,364183575,1746145137798,0,0.0032,0.0032868,53.79,BTC-30MAY25-125000-C,96624.95,sell,0.1,0.1,,,,,,,1746145137.798
929,364184348,1746145677525,1,0.0032,0.00337935,53.35,BTC-30MAY25-125000-C,96870.29,sell,0.1,0.1,,,,,,,1746145677.525
930,364190880,1746148606459,1,0.0032,0.00329089,53.15,BTC-30MAY25-125000-C,97002.81,buy,0.2,0.2,,,,,,,1746148606.459
931,364194889,1746151475866,0,0.0033,0.00330432,53.83,BTC-30MAY25-125000-C,96775.16,buy,0.2,0.2,,,,,,,1746151475.866
932,364200216,1746156045535,0,0.0034,0.00351666,53.65,BTC-30MAY25-125000-C,97083.43,sell,0.1,0.1,,,,,,,1746156045.535
933,364200350,1746156240515,0,0.0035,0.00351011,54.02,BTC-30MAY25-125000-C,97056.42,buy,0.3,0.3,,,,,,,1746156240.515
934,364200351,1746156240515,1,0.0035,0.00351011,54.02,BTC-30MAY25-125000-C,97056.42,buy,0.1,0.1,,,,,,,1746156240.515
935,364205768,1746159003363,0,0.0036,0.00363342,54.05,BTC-30MAY25-125000-C,97240.83,buy,0.2,0.2,,,,,,,1746159003.363
936,364242005,1746173579315,0,0.0037,0.00374392,55.57,BTC-30MAY25-125000-C,96594.46,buy,0.1,0.1,,,,,,,1746173579.315
937,364242090,1746173616622,1,0.0037,0.00374357,55.57,BTC-30MAY25-125000-C,96594.79,buy,0.1,0.1,,,,,,,1746173616.622
938,364246811,1746175345314,0,0.0039,0.00400407,55.8,BTC-30MAY25-125000-C,96768.8,sell,12.5,12.5,,BTC-ICOND-30MAY25-76000_84000_125000_200000,,4.0,BLOCK-195642,,1746175345.314
939,364246891,1746175387139,0,0.004,0.00402079,56.03,BTC-30MAY25-125000-C,96795.76,sell,12.5,12.5,,BTC-ICOND-30MAY25-76000_85000_125000_200000,,4.0,BLOCK-195644,,1746175387.139
940,364262971,1746188323399,2,0.0035,0.00360061,54.78,BTC-30MAY25-125000-C,96860.3,sell,0.1,0.1,,,,,,,1746188323.399
941,364263894,1746188922198,3,0.0035,0.00359739,54.86,BTC-30MAY25-125000-C,96832.95,sell,0.1,0.1,,,,,,,1746188922.198
942,364273932,1746192426791,3,0.0035,0.00353143,54.71,BTC-30MAY25-125000-C,96940.28,sell,1.4,1.4,,,,,,,1746192426.791
943,364282807,1746195499852,2,0.0032,0.00331661,53.61,BTC-30MAY25-125000-C,97022.26,sell,0.1,0.1,,,,,,,1746195499.852
944,364282953,1746195686559,3,0.0032,0.00325944,53.78,BTC-30MAY25-125000-C,96941.09,buy,0.1,0.1,,,,,,,1746195686.559
945,364296940,1746199029767,0,0.0034,0.00342583,53.17,BTC-30MAY25-125000-C,97665.41,sell,0.1,0.1,,,,,,,1746199029.767
946,364297977,1746199418802,2,0.0033,0.0033014,53.25,BTC-30MAY25-125000-C,97442.47,sell,0.1,0.1,,,,,,,1746199418.802
947,364300300,1746199629839,2,0.003,0.00313813,52.74,BTC-30MAY25-125000-C,97177.03,sell,0.1,0.1,,,,,,,1746199629.839
948,364300931,1746199724124,0,0.0032,0.0031861,53.29,BTC-30MAY25-125000-C,97231.8,sell,0.1,0.1,,,,,,,1746199724.124
949,364305338,1746201553194,0,0.0033,0.00321971,53.37,BTC-30MAY25-125000-C,97419.47,buy,6.2,6.2,,,,,,,1746201553.194
950,364310560,1746202481304,1,0.0033,0.00328881,53.03,BTC-30MAY25-125000-C,97623.17,buy,0.2,0.2,,,,,,,1746202481.304
951,364310575,1746202498771,1,0.0033,0.00331444,52.96,BTC-30MAY25-125000-C,97659.53,sell,0.8,0.8,,,,,,,1746202498.771
952,364313220,1746203716973,2,0.0031,0.00327514,52.28,BTC-30MAY25-125000-C,97699.47,sell,25.0,25.0,,BTC-CS-30MAY25-125000_140000,,2.0,BLOCK-195720,,1746203716.973
953,364317740,1746205953044,2,0.0029,0.00293581,52.53,BTC-30MAY25-125000-C,97177.78,sell,0.1,0.1,,,,,,,1746205953.044
954,364317741,1746205953054,3,0.0029,0.00293581,52.53,BTC-30MAY25-125000-C,97177.78,sell,0.1,0.1,,,,,,,1746205953.054
955,364318011,1746206058882,3,0.0029,0.00291627,52.53,BTC-30MAY25-125000-C,97176.67,buy,0.2,0.2,,,,,,,1746206058.882
956,364318017,1746206063390,3,0.0029,0.00291558,52.53,BTC-30MAY25-125000-C,97177.1,buy,0.1,0.1,,,,,,,1746206063.39
957,364318064,1746206099728,3,0.0029,0.00290699,52.53,BTC-30MAY25-125000-C,97178.53,buy,0.1,0.1,,,,,,,1746206099.728
958,364318122,1746206108702,3,0.0029,0.0029168,52.49,BTC-30MAY25-125000-C,97206.95,buy,0.1,0.1,,,,,,,1746206108.702
959,364326537,1746208948797,3,0.0029,0.00288445,52.11,BTC-30MAY25-125000-C,97459.2,buy,0.2,0.2,,,,,,,1746208948.797
960,364335076,1746212556077,3,0.0029,0.00282209,52.66,BTC-30MAY25-125000-C,97161.26,buy,0.2,0.2,,,,,,,1746212556.077
961,364348504,1746216205101,2,0.0027,0.00279085,52.43,BTC-30MAY25-125000-C,96928.97,buy,0.1,0.1,,,,,,,1746216205.101
962,364352169,1746220283427,3,0.0027,0.00284102,52.17,BTC-30MAY25-125000-C,97048.03,buy,0.2,0.2,,,,,,,1746220283.427
963,364357819,1746223645172,3,0.0027,0.00279147,52.76,BTC-30MAY25-125000-C,96718.86,buy,0.1,0.1,,,,,,,1746223645.172
964,364361853,1746227527316,2,0.0026,0.00277408,52.43,BTC-30MAY25-125000-C,96724.47,buy,0.1,0.1,,,,,,,1746227527.316
965,364364493,1746232039175,3,0.0026,0.0027676,52.37,BTC-30MAY25-125000-C,96816.92,sell,0.1,0.1,,,,,,,1746232039.175
966,364367504,1746234383472,3,0.0026,0.00275132,52.63,BTC-30MAY25-125000-C,96667.03,buy,0.1,0.1,,,,,,,1746234383.472
967,364372488,1746238010800,0,0.0027,0.00277888,53.09,BTC-30MAY25-125000-C,96638.48,buy,0.1,0.1,,,,,,,1746238010.8
968,364375843,1746242975400,2,0.0026,0.00271738,53.16,BTC-30MAY25-125000-C,96422.6,buy,0.1,0.1,,,,,,,1746242975.4
969,364380694,1746245829674,2,0.0023,0.00250407,51.92,BTC-30MAY25-125000-C,96481.82,sell,0.1,0.1,,,,,,,1746245829.674
970,364382136,1746246273053,3,0.0023,0.002491,51.83,BTC-30MAY25-125000-C,96552.96,buy,0.1,0.1,,,,,,,1746246273.053
971,364387635,1746249550437,3,0.0023,0.00255028,51.88,BTC-30MAY25-125000-C,96549.01,sell,0.1,0.1,,,,,,,1746249550.437
972,364387906,1746250150461,3,0.0023,0.00251836,51.85,BTC-30MAY25-125000-C,96567.76,sell,0.1,0.1,,,,,,,1746250150.461
973,364390060,1746253145799,3,0.0023,0.0024533,52.35,BTC-30MAY25-125000-C,96309.51,sell,0.1,0.1,,,,,,,1746253145.799
974,364390264,1746253745221,2,0.0022,0.00242656,51.93,BTC-30MAY25-125000-C,96316.03,sell,0.1,0.1,,,,,,,1746253745.221
975,364392425,1746256635255,0,0.0023,0.00249727,52.34,BTC-30MAY25-125000-C,96300.92,sell,0.1,0.1,,,,,,,1746256635.255
976,364393691,1746257235233,1,0.0023,0.00247734,52.44,BTC-30MAY25-125000-C,96252.41,sell,0.1,0.1,,,,,,,1746257235.233
977,364406031,1746260069071,0,0.0025,0.00250945,53.47,BTC-30MAY25-125000-C,96180.86,buy,0.2,0.2,,,,,,,1746260069.071
978,364413428,1746263835279,2,0.0024,0.00259272,52.77,BTC-30MAY25-125000-C,96332.18,sell,0.1,0.1,,,,,,,1746263835.279
979,364413707,1746264194693,3,0.0024,0.00256622,52.74,BTC-30MAY25-125000-C,96354.19,sell,0.1,0.1,,,,,,,1746264194.693
980,364419393,1746267459076,0,0.0025,0.00259756,53.52,BTC-30MAY25-125000-C,96195.32,sell,0.1,0.1,,,,,,,1746267459.076
981,364420039,1746267939098,2,0.0024,0.0025619,53.13,BTC-30MAY25-125000-C,96196.76,sell,0.1,0.1,,,,,,,1746267939.098
982,364449958,1746272722542,2,0.0023,0.00243633,53.19,BTC-30MAY25-125000-C,95972.63,sell,0.1,0.1,,,,,,,1746272722.542
983,364451095,1746273022834,3,0.0023,0.00243641,53.18,BTC-30MAY25-125000-C,95975.89,sell,0.1,0.1,,,,,,,1746273022.834
984,364460823,1746274702960,2,0.0022,0.00241026,52.73,BTC-30MAY25-125000-C,96022.64,sell,0.1,0.1,,,,,,,1746274702.96
985,364461275,1746275302983,2,0.0021,0.00234947,52.29,BTC-30MAY25-125000-C,96034.72,sell,0.1,0.1,,,,,,,1746275302.983
986,364467324,1746278395071,0,0.0023,0.00250182,52.86,BTC-30MAY25-125000-C,96234.35,sell,0.1,0.1,,,,,,,1746278395.071
987,364467732,1746278754797,0,0.0024,0.00250231,53.26,BTC-30MAY25-125000-C,96236.55,sell,0.1,0.1,,,,,,,1746278754.797
988,364474522,1746281430519,1,0.0024,0.00257446,52.98,BTC-30MAY25-125000-C,96418.57,buy,0.2,0.2,,,,,,,1746281430.519
989,364482840,1746285431056,1,0.0024,0.00252823,52.9,BTC-30MAY25-125000-C,96496.92,sell,0.1,0.1,,,,,,,1746285431.056
990,364482996,1746286031120,1,0.0024,0.00251014,52.95,BTC-30MAY25-125000-C,96471.24,sell,0.1,0.1,,,,,,,1746286031.12
991,364485716,1746289045335,1,0.0024,0.00248504,53.21,BTC-30MAY25-125000-C,96324.24,sell,0.1,0.1,,,,,,,1746289045.335
992,364485945,1746289191346,1,0.0024,0.00248327,53.22,BTC-30MAY25-125000-C,96309.61,buy,0.1,0.1,,,,,,,1746289191.346
993,364489163,1746291747539,1,0.0024,0.00239617,53.45,BTC-30MAY25-125000-C,96184.55,buy,0.2,0.2,,,,,,,1746291747.539
994,364496018,1746296125928,1,0.0024,0.00241209,53.4,BTC-30MAY25-125000-C,96229.12,buy,0.2,0.2,,,,,,,1746296125.928
995,364501468,1746299874733,2,0.0023,0.00240536,53.01,BTC-30MAY25-125000-C,96260.13,sell,0.1,0.1,,,,,,,1746299874.733
996,364501677,1746299934754,3,0.0023,0.00240202,53.01,BTC-30MAY25-125000-C,96261.4,buy,0.1,0.1,,,,,,,1746299934.754
997,364508668,1746303695514,3,0.0023,0.00240635,52.86,BTC-30MAY25-125000-C,96387.45,sell,0.1,0.1,,,,,,,1746303695.514
998,364508776,1746303755246,3,0.0023,0.00240464,52.86,BTC-30MAY25-125000-C,96384.82,buy,0.1,0.1,,,,,,,1746303755.246
999,364511884,1746306256269,3,0.0023,0.0023946,53.01,BTC-30MAY25-125000-C,96325.64,sell,0.1,0.1,,,,,,,1746306256.269
1000,364511991,1746306616560,3,0.0023,0.00238906,53.04,BTC-30MAY25-125000-C,96306.97,sell,0.1,0.1,,,,,,,1746306616.56
1001,364518854,1746310644666,3,0.0023,0.00240014,53.14,BTC-30MAY25-125000-C,96253.37,sell,0.1,0.1,,,,,,,1746310644.666
1002,364519113,1746310944768,3,0.0023,0.00238023,53.19,BTC-30MAY25-125000-C,96228.99,sell,0.1,0.1,,,,,,,1746310944.768
1003,364523215,1746315046213,2,0.0022,0.00228653,53.24,BTC-30MAY25-125000-C,95974.42,sell,0.1,0.1,,,,,,,1746315046.213
1004,364527321,1746315645362,2,0.0021,0.00224269,52.92,BTC-30MAY25-125000-C,95902.28,sell,0.1,0.1,,,,,,,1746315645.362
1005,364533665,1746317928249,2,0.002,0.00221115,52.28,BTC-30MAY25-125000-C,96036.42,sell,0.1,0.1,,,,,,,1746317928.249
1006,364534466,1746318168241,0,0.0021,0.0021887,52.81,BTC-30MAY25-125000-C,95995.3,sell,0.1,0.1,,,,,,,1746318168.241
1007,364544277,1746321427225,2,0.002,0.00219205,52.53,BTC-30MAY25-125000-C,95926.23,sell,0.1,0.1,,,,,,,1746321427.225
1008,364545549,1746322026658,3,0.002,0.00220491,52.47,BTC-30MAY25-125000-C,95957.86,sell,0.1,0.1,,,,,,,1746322026.658
1009,364552893,1746324249855,0,0.0021,0.002281,52.43,BTC-30MAY25-125000-C,96256.74,sell,0.2,0.2,,,,,,,1746324249.855
1010,364557957,1746328732902,1,0.0021,0.00214379,53.4,BTC-30MAY25-125000-C,95719.72,sell,0.1,0.1,,,,,,,1746328732.902
1011,364558329,1746329272923,2,0.002,0.00216331,52.92,BTC-30MAY25-125000-C,95725.63,sell,0.1,0.1,,,,,,,1746329272.923
1012,364564512,1746339046084,0,0.0021,0.0022273,53.0,BTC-30MAY25-125000-C,96032.35,sell,0.2,0.2,,,,,,,1746339046.084
1013,364566575,1746342914356,0,0.0022,0.00227359,53.37,BTC-30MAY25-125000-C,96059.92,buy,0.2,0.2,,,,,,,1746342914.356
1014,364574368,1746346703929,2,0.002,0.00218248,53.02,BTC-30MAY25-125000-C,95843.16,sell,0.1,0.1,,,,,,,1746346703.929
1015,364575633,1746347303098,3,0.002,0.00213963,53.33,BTC-30MAY25-125000-C,95662.05,sell,0.1,0.1,,,,,,,1746347303.098
1016,364576010,1746347495752,0,0.0021,0.00215815,53.83,BTC-30MAY25-125000-C,95645.19,sell,12.5,12.5,,BTC-CDIAG-30MAY25_16MAY25-125000_120000,,2.0,BLOCK-195778,,1746347495.752
1017,364579873,1746350309471,2,0.002,0.00218567,53.48,BTC-30MAY25-125000-C,95590.73,sell,0.1,0.1,,,,,,,1746350309.471
1018,364581855,1746350909216,0,0.0021,0.00217463,54.12,BTC-30MAY25-125000-C,95511.27,sell,0.1,0.1,,,,,,,1746350909.216
1019,364603807,1746360440224,1,0.0021,0.00207491,54.32,BTC-30MAY25-125000-C,95474.94,buy,3.5,3.5,,,,,,,1746360440.224
1020,364608949,1746361328094,2,0.002,0.00204697,53.82,BTC-30MAY25-125000-C,95510.12,sell,3.9,3.9,,,,,,,1746361328.094
1022,364609274,1746361427561,3,0.0019,0.00202529,53.41,BTC-30MAY25-125000-C,95469.33,sell,0.1,0.1,,,,,,,1746361427.561
1021,364609273,1746361427561,2,0.0019,0.00202529,53.41,BTC-30MAY25-125000-C,95469.33,sell,1.0,1.0,,,,,,,1746361427.561
1025,364610068,1746361754609,3,0.0018,0.00204089,52.9,BTC-30MAY25-125000-C,95475.88,sell,0.9,0.9,,,,,,,1746361754.609
1023,364610066,1746361754609,3,0.0019,0.00204089,53.39,BTC-30MAY25-125000-C,95475.88,sell,0.1,0.1,,,,,,,1746361754.609
1024,364610067,1746361754609,2,0.0018,0.00204089,52.9,BTC-30MAY25-125000-C,95475.88,sell,0.5,0.5,,,,,,,1746361754.609
1026,364627816,1746379236090,0,0.0022,0.00231715,55.03,BTC-30MAY25-125000-C,95401.52,sell,0.1,0.1,,,,,,,1746379236.09
1027,364628050,1746379767010,1,0.0022,0.00228987,55.13,BTC-30MAY25-125000-C,95344.91,buy,0.1,0.1,,,,,,,1746379767.01
1028,364630228,1746382572655,0,0.0023,0.00235289,55.48,BTC-30MAY25-125000-C,95416.54,buy,0.2,0.2,,,,,,,1746382572.655
1029,364632736,1746386251288,2,0.0021,0.00230727,54.63,BTC-30MAY25-125000-C,95432.78,sell,0.1,0.1,,,,,,,1746386251.288
1030,364634218,1746386850702,3,0.0021,0.00228725,54.54,BTC-30MAY25-125000-C,95491.74,sell,0.1,0.1,,,,,,,1746386850.702
1031,364640990,1746390612521,0,0.0022,0.00237503,54.62,BTC-30MAY25-125000-C,95720.16,sell,0.1,0.1,,,,,,,1746390612.521
1032,364641106,1746390671636,0,0.0023,0.00237672,55.05,BTC-30MAY25-125000-C,95728.69,buy,0.1,0.1,,,,,,,1746390671.636
1033,364643524,1746393609737,2,0.0022,0.00236985,54.76,BTC-30MAY25-125000-C,95683.89,sell,0.1,0.1,,,,,,,1746393609.737
1034,364643593,1746394208252,3,0.0022,0.00239297,54.67,BTC-30MAY25-125000-C,95716.55,sell,0.1,0.1,,,,,,,1746394208.252
1035,364648450,1746397116435,2,0.0021,0.00223018,55.06,BTC-30MAY25-125000-C,95288.09,sell,0.1,0.1,,,,,,,1746397116.435
1036,364648910,1746397656585,3,0.0021,0.00223848,55.0,BTC-30MAY25-125000-C,95323.13,sell,0.1,0.1,,,,,,,1746397656.585
1037,364661073,1746399967610,2,0.002,0.00203487,55.72,BTC-30MAY25-125000-C,94719.16,sell,0.1,0.1,,,,,,,1746399967.61
1038,364669218,1746402156407,0,0.0021,0.00197813,56.87,BTC-30MAY25-125000-C,94335.77,buy,25.0,25.0,,BTC-CSR12-30MAY25-110000_125000,,2.0,BLOCK-195797,2834.0,1746402156.407
1039,364674661,1746404395750,2,0.0019,0.00208078,55.68,BTC-30MAY25-125000-C,94479.94,sell,3.0,3.0,,,,,,,1746404395.75
1040,364685432,1746410403325,3,0.0019,0.00188801,56.68,BTC-30MAY25-125000-C,93929.66,sell,0.2,0.2,,,,,,,1746410403.325
1041,364701699,1746419501253,2,0.0017,0.00180776,55.06,BTC-30MAY25-125000-C,94308.12,sell,0.1,0.1,,,,,,,1746419501.253
1042,364708213,1746424735485,0,0.0018,0.00189802,54.96,BTC-30MAY25-125000-C,94688.12,buy,0.1,0.1,,,,,,,1746424735.485
1043,364709628,1746425845852,0,0.0019,0.00189917,55.63,BTC-30MAY25-125000-C,94615.99,buy,0.1,0.1,,,,,,,1746425845.852
1044,364721283,1746435943859,0,0.0021,0.00190575,56.91,BTC-30MAY25-125000-C,94542.86,buy,37.5,37.5,,BTC-CSR13-30MAY25-110000_125000,,2.0,BLOCK-195859,,1746435943.859
1045,364721766,1746436678198,2,0.002,0.00195788,56.44,BTC-30MAY25-125000-C,94536.44,buy,50.0,50.0,,,,2.0,BLOCK-195865,,1746436678.198
1046,364721769,1746436712950,3,0.002,0.00195722,56.45,BTC-30MAY25-125000-C,94534.58,buy,50.0,50.0,,,,2.0,BLOCK-195866,,1746436712.95
1047,364833656,1746516075912,2,0.0014,0.00154022,54.39,BTC-30MAY25-125000-C,94436.34,sell,2.0,2.0,,,,,,,1746516075.912
1048,364833657,1746516075915,3,0.0014,0.00154022,54.39,BTC-30MAY25-125000-C,94436.34,buy,17.0,17.0,,,,,,,1746516075.915
1049,364833658,1746516075926,3,0.0014,0.00154022,54.39,BTC-30MAY25-125000-C,94436.34,buy,0.1,0.1,,,,,,,1746516075.926
1050,364834481,1746516817691,3,0.0014,0.00145373,54.25,BTC-30MAY25-125000-C,94512.91,buy,0.9,0.9,,,,,,,1746516817.691
1051,364842762,1746520128061,0,0.0016,0.00143143,56.28,BTC-30MAY25-125000-C,94054.34,buy,12.5,12.5,,BTC-CS-30MAY25-110000_125000,,2.0,BLOCK-195967,,1746520128.061
1052,364921320,1746568890205,1,0.0016,0.0015901,55.5,BTC-30MAY25-125000-C,94875.58,buy,0.2,0.2,,,,,,,1746568890.205
1053,364954087,1746576450570,0,0.0021,0.0022556,54.36,BTC-30MAY25-125000-C,97022.3,buy,0.2,0.2,,,,,,,1746576450.57
1054,364964371,1746579908653,0,0.0023,0.00245625,54.22,BTC-30MAY25-125000-C,97593.11,buy,0.2,0.2,,,,,,,1746579908.653
1055,364971509,1746583427489,1,0.0023,0.00240228,54.99,BTC-30MAY25-125000-C,97182.79,buy,0.2,0.2,,,,,,,1746583427.489
1056,364972670,1746583819866,2,0.0022,0.00229185,55.03,BTC-30MAY25-125000-C,96923.66,buy,0.5,0.5,,,,,,,1746583819.866
1057,364976135,1746584653777,2,0.0021,0.00224552,54.4,BTC-30MAY25-125000-C,97045.54,buy,3.1,3.1,,,,,,,1746584653.777
1058,364976136,1746584654041,3,0.0021,0.00224552,54.4,BTC-30MAY25-125000-C,97045.54,buy,0.1,0.1,,,,,,,1746584654.041
1059,364976137,1746584655374,3,0.0021,0.00224552,54.4,BTC-30MAY25-125000-C,97045.35,buy,3.9,3.9,,,,,,,1746584655.374
1060,364985371,1746589896480,3,0.0021,0.00200642,55.53,BTC-30MAY25-125000-C,96497.77,buy,0.1,0.1,,,,,,,1746589896.48
1061,364985391,1746589921014,3,0.0021,0.00201129,55.5,BTC-30MAY25-125000-C,96504.83,buy,0.1,0.1,,,,,,,1746589921.014
1062,364985392,1746589922290,3,0.0021,0.00201141,55.5,BTC-30MAY25-125000-C,96505.27,buy,0.1,0.1,,,,,,,1746589922.29
1063,364985393,1746589923802,3,0.0021,0.00201169,55.49,BTC-30MAY25-125000-C,96508.44,buy,0.1,0.1,,,,,,,1746589923.802
1064,364985394,1746589925274,3,0.0021,0.00201328,55.49,BTC-30MAY25-125000-C,96511.89,buy,0.1,0.1,,,,,,,1746589925.274
1065,364985428,1746589955873,3,0.0021,0.00202991,55.41,BTC-30MAY25-125000-C,96546.89,buy,0.1,0.1,,,,,,,1746589955.873
1066,364990101,1746597723859,3,0.0021,0.00203229,55.85,BTC-30MAY25-125000-C,96379.65,buy,0.2,0.2,,,,,,,1746597723.859
1068,365014738,1746625536477,3,0.0021,0.00200121,54.77,BTC-30MAY25-125000-C,97216.23,buy,0.1,0.1,,,,,,,1746625536.477
1067,365014737,1746625536477,3,0.0021,0.00200121,54.77,BTC-30MAY25-125000-C,97216.23,buy,2.1,2.1,,,,,,,1746625536.477
1069,365106241,1746667693184,2,0.0018,0.00178589,52.34,BTC-30MAY25-125000-C,98043.41,buy,0.3,0.3,,,,,,,1746667693.184
1070,365112133,1746669937250,0,0.002,0.00197911,53.34,BTC-30MAY25-125000-C,98011.15,sell,0.3,0.3,,,,,,,1746669937.25
1071,365124056,1746673476785,2,0.0019,0.00198491,51.73,BTC-30MAY25-125000-C,98631.07,buy,0.2,0.2,,,,,,,1746673476.785
1072,365192029,1746695159545,0,0.0022,0.00226282,51.57,BTC-30MAY25-125000-C,99611.96,buy,0.1,0.1,,,,,,,1746695159.545
1073,365196742,1746696927894,1,0.0022,0.00225872,51.6,BTC-30MAY25-125000-C,99589.18,buy,0.1,0.1,,,,,,,1746696927.894
1074,365196750,1746696942703,1,0.0022,0.00225884,51.6,BTC-30MAY25-125000-C,99588.2,buy,0.1,0.1,,,,,,,1746696942.703
1075,365197490,1746697625002,0,0.0023,0.00230909,51.94,BTC-30MAY25-125000-C,99632.12,buy,0.2,0.2,,,,,,,1746697625.002
1076,365197491,1746697626059,1,0.0023,0.00230911,51.93,BTC-30MAY25-125000-C,99634.97,buy,0.1,0.1,,,,,,,1746697626.059
1077,365197540,1746697672633,1,0.0023,0.0023202,51.92,BTC-30MAY25-125000-C,99641.09,buy,0.2,0.2,,,,,,,1746697672.633
1078,365207435,1746704657141,2,0.002,0.002152,50.87,BTC-30MAY25-125000-C,99560.21,buy,0.1,0.1,,,,,,,1746704657.141
1079,365207436,1746704658654,2,0.0019,0.00215165,50.4,BTC-30MAY25-125000-C,99559.76,sell,0.1,0.1,,,,,,,1746704658.654
1080,365209427,1746706674147,0,0.002,0.00213856,51.09,BTC-30MAY25-125000-C,99442.18,sell,0.1,0.1,,,,,,,1746706674.147
1081,365210045,1746707274145,1,0.002,0.00214874,50.99,BTC-30MAY25-125000-C,99503.25,sell,0.1,0.1,,,,,,,1746707274.145
1082,365214869,1746710237471,2,0.0019,0.00204253,51.02,BTC-30MAY25-125000-C,99279.71,sell,0.1,0.1,,,,,,,1746710237.471
1083,365215261,1746710422874,3,0.0019,0.00206017,50.88,BTC-30MAY25-125000-C,99355.54,buy,0.1,0.1,,,,,,,1746710422.874
1084,365221385,1746713107868,0,0.002,0.00209449,51.34,BTC-30MAY25-125000-C,99410.4,buy,0.1,0.1,,,,,,,1746713107.868
1085,365221459,1746713167894,1,0.002,0.00209401,51.34,BTC-30MAY25-125000-C,99411.96,buy,0.1,0.1,,,,,,,1746713167.894
1086,365230348,1746716761307,1,0.002,0.00213891,51.23,BTC-30MAY25-125000-C,99476.92,buy,0.1,0.1,,,,,,,1746716761.307
1087,365230349,1746716761308,1,0.002,0.00213891,51.23,BTC-30MAY25-125000-C,99476.92,buy,0.1,0.1,,,,,,,1746716761.308
1088,365260474,1746720189203,0,0.0027,0.00262755,52.05,BTC-30MAY25-125000-C,100644.44,buy,0.1,0.1,,,,,,,1746720189.203
1089,365260755,1746720249779,1,0.0027,0.00264646,51.97,BTC-30MAY25-125000-C,100676.35,buy,0.1,0.1,,,,,,,1746720249.779
1090,365270503,1746723730475,2,0.0025,0.00248553,50.27,BTC-30MAY25-125000-C,101195.73,buy,0.1,0.1,,,,,,,1746723730.475
1091,365270692,1746723789747,3,0.0025,0.00250489,50.2,BTC-30MAY25-125000-C,101225.34,buy,0.1,0.1,,,,,,,1746723789.747
1092,365281294,1746727743201,3,0.0025,0.00262494,50.33,BTC-30MAY25-125000-C,101196.85,buy,0.1,0.1,,,,,,,1746727743.201
1093,365281392,1746727802929,3,0.0025,0.00263469,50.26,BTC-30MAY25-125000-C,101232.73,buy,0.1,0.1,,,,,,,1746727802.929
1094,365286858,1746731531141,3,0.0025,0.00252165,50.43,BTC-30MAY25-125000-C,101148.89,buy,0.1,0.1,,,,,,,1746731531.141
1095,365287214,1746731831154,2,0.0024,0.00247849,50.18,BTC-30MAY25-125000-C,101083.53,buy,0.1,0.1,,,,,,,1746731831.154
1096,365294078,1746734540385,0,0.0025,0.00256628,49.96,BTC-30MAY25-125000-C,101427.26,buy,0.1,0.1,,,,,,,1746734540.385
1097,365294254,1746734563326,1,0.0025,0.00258168,49.88,BTC-30MAY25-125000-C,101467.72,buy,0.1,0.1,,,,,,,1746734563.326
1098,365304852,1746737553396,0,0.0029,0.00295041,49.7,BTC-30MAY25-125000-C,102386.41,buy,0.1,0.1,,,,,,,1746737553.396
1099,365329252,1746740207340,0,0.0038,0.00379306,50.62,BTC-30MAY25-125000-C,103372.44,sell,0.2,0.2,,,,,,,1746740207.34
1100,365329542,1746740245833,1,0.0038,0.00378617,50.62,BTC-30MAY25-125000-C,103370.83,buy,0.8,0.8,,,,,,,1746740245.833
1101,365367429,1746751989762,2,0.0033,0.00345045,49.94,BTC-30MAY25-125000-C,103014.99,sell,0.2,0.2,,,,,,,1746751989.762
1102,365367487,1746751991214,3,0.0033,0.00345023,49.93,BTC-30MAY25-125000-C,103016.5,sell,0.2,0.2,,,,,,,1746751991.214
1103,365367545,1746751991529,3,0.0033,0.0034502,49.94,BTC-30MAY25-125000-C,103014.06,sell,0.6,0.6,,,,,,,1746751991.529
1104,365375121,1746756336785,2,0.0031,0.00323928,49.41,BTC-30MAY25-125000-C,102947.65,sell,0.1,0.1,,,,,,,1746756336.785
1105,365439762,1746779038125,0,0.0034,0.00335536,49.26,BTC-30MAY25-125000-C,103812.33,sell,0.1,0.1,,,,,,,1746779038.125
1106,365442491,1746779394431,2,0.0033,0.00325394,49.29,BTC-30MAY25-125000-C,103619.99,sell,0.1,0.1,,,,,,,1746779394.431
1107,365444065,1746779706333,0,0.0034,0.00334336,49.24,BTC-30MAY25-125000-C,103788.33,sell,0.2,0.2,,,,,,,1746779706.333
1108,365467110,1746787125139,2,0.0031,0.00306418,49.49,BTC-30MAY25-125000-C,103169.61,sell,0.3,0.3,,,,,,,1746787125.139
1109,365467114,1746787139063,3,0.0031,0.00306619,49.5,BTC-30MAY25-125000-C,103168.88,sell,0.3,0.3,,,,,,,1746787139.063
1110,365468603,1746787948182,3,0.0031,0.00313247,49.16,BTC-30MAY25-125000-C,103347.21,sell,0.5,0.5,,,,,,,1746787948.182
1111,365470792,1746788951327,2,0.003,0.00304731,49.18,BTC-30MAY25-125000-C,103178.1,sell,0.1,0.1,,,,,,,1746788951.327
1112,365470957,1746789010766,0,0.0032,0.0030853,49.75,BTC-30MAY25-125000-C,103213.01,sell,0.2,0.2,,,,,,,1746789010.766
1113,365473676,1746790003079,2,0.0031,0.00329423,49.3,BTC-30MAY25-125000-C,103273.36,sell,0.9,0.9,,,,,,,1746790003.079
1114,365473978,1746790006208,3,0.0031,0.00316329,49.68,BTC-30MAY25-125000-C,103088.64,sell,2.0,2.0,,,,,,,1746790006.208
1115,365477180,1746790647300,3,0.0031,0.00301252,49.86,BTC-30MAY25-125000-C,102997.47,sell,0.1,0.1,,,,,,,1746790647.3
1116,365481509,1746793030670,2,0.003,0.00301423,49.79,BTC-30MAY25-125000-C,102896.36,sell,0.1,0.1,,,,,,,1746793030.67
1117,365481545,1746793085438,3,0.003,0.00302626,49.75,BTC-30MAY25-125000-C,102912.05,sell,0.7,0.7,,,,,,,1746793085.438
1118,365481902,1746793630046,2,0.0028,0.00294859,48.75,BTC-30MAY25-125000-C,103075.37,sell,0.1,0.1,,,,,,,1746793630.046
1119,365484633,1746796085104,3,0.0028,0.00286929,48.91,BTC-30MAY25-125000-C,103003.39,sell,0.1,0.1,,,,,,,1746796085.104
1120,365484839,1746796265107,3,0.0028,0.00289292,48.8,BTC-30MAY25-125000-C,103058.24,buy,0.1,0.1,,,,,,,1746796265.107
1121,365487824,1746797843101,0,0.003,0.0029904,49.11,BTC-30MAY25-125000-C,103271.54,buy,2.3,2.3,,,,,,,1746797843.101
1122,365504044,1746801517086,1,0.003,0.00305954,50.68,BTC-30MAY25-125000-C,102490.74,sell,4.6,4.6,,,,,,,1746801517.086
1123,365504045,1746801517089,1,0.003,0.00305954,50.68,BTC-30MAY25-125000-C,102490.74,buy,0.3,0.3,,,,,,,1746801517.089
1124,365504048,1746801518206,1,0.003,0.00305973,50.68,BTC-30MAY25-125000-C,102495.19,buy,0.1,0.1,,,,,,,1746801518.206
1125,365506276,1746802089632,0,0.0031,0.00299745,50.66,BTC-30MAY25-125000-C,102703.55,buy,2.0,2.0,,,,,,,1746802089.632
1126,365506277,1746802089632,1,0.0031,0.00299745,50.66,BTC-30MAY25-125000-C,102703.55,buy,2.0,2.0,,,,,,,1746802089.632
1127,365506279,1746802091102,1,0.0031,0.00299761,50.66,BTC-30MAY25-125000-C,102704.85,buy,2.0,2.0,,,,,,,1746802091.102
1128,365522254,1746810351651,2,0.0028,0.00291083,50.13,BTC-30MAY25-125000-C,102491.62,buy,0.1,0.1,,,,,,,1746810351.651
1129,365522255,1746810353794,3,0.0028,0.00291047,50.12,BTC-30MAY25-125000-C,102496.42,buy,0.1,0.1,,,,,,,1746810353.794
1130,365524490,1746811753349,0,0.003,0.00305448,49.8,BTC-30MAY25-125000-C,103033.6,buy,0.1,0.1,,,,,,,1746811753.349
1131,365525815,1746812758979,1,0.003,0.00312932,49.65,BTC-30MAY25-125000-C,103125.42,sell,0.1,0.1,,,,,,,1746812758.979
1132,365539425,1746828222240,2,0.0027,0.0028204,49.01,BTC-30MAY25-125000-C,103018.54,buy,0.2,0.2,,,,,,,1746828222.24
1133,365541428,1746831867666,2,0.0026,0.00268652,49.1,BTC-30MAY25-125000-C,102817.23,buy,0.2,0.2,,,,,,,1746831867.666
1134,365542135,1746833355890,0,0.003,0.00275651,50.26,BTC-30MAY25-125000-C,102972.55,buy,0.3,0.3,,,,,,,1746833355.89
1135,365543377,1746835574254,2,0.0028,0.00292542,49.34,BTC-30MAY25-125000-C,103096.37,buy,0.2,0.2,,,,,,,1746835574.254
1136,365545996,1746839275312,2,0.0026,0.00279056,48.93,BTC-30MAY25-125000-C,102934.26,buy,0.2,0.2,,,,,,,1746839275.312
1137,365546077,1746839495982,0,0.0029,0.00278366,49.99,BTC-30MAY25-125000-C,102954.75,sell,0.6,0.6,,,,,,,1746839495.982
1138,365547864,1746842936128,2,0.0026,0.00278284,48.83,BTC-30MAY25-125000-C,103028.12,buy,0.2,0.2,,,,,,,1746842936.128
1139,365549457,1746846925659,0,0.0028,0.00286468,49.46,BTC-30MAY25-125000-C,103105.2,buy,0.2,0.2,,,,,,,1746846925.659
1140,365551134,1746850906905,1,0.0028,0.00294434,49.42,BTC-30MAY25-125000-C,103154.45,sell,0.1,0.1,,,,,,,1746850906.905
1141,365551249,1746851113751,1,0.0028,0.00295978,49.35,BTC-30MAY25-125000-C,103189.11,sell,0.1,0.1,,,,,,,1746851113.751
1142,365551574,1746851713707,1,0.0028,0.00297023,49.37,BTC-30MAY25-125000-C,103183.82,sell,0.1,0.1,,,,,,,1746851713.707
1143,365553357,1746854235757,1,0.0028,0.00296654,49.48,BTC-30MAY25-125000-C,103164.37,sell,0.1,0.1,,,,,,,1746854235.757
1144,365554477,1746854835778,1,0.0028,0.00296396,49.43,BTC-30MAY25-125000-C,103188.21,sell,0.1,0.1,,,,,,,1746854835.778
1145,365561242,1746859812970,0,0.0032,0.00325944,50.05,BTC-30MAY25-125000-C,103600.99,sell,0.1,0.1,,,,,,,1746859812.97
1146,365573102,1746863940198,0,0.0036,0.00344236,50.95,BTC-30MAY25-125000-C,103797.3,buy,12.5,12.5,,BTC-CS-30MAY25-125000_130000,,2.0,BLOCK-197318,,1746863940.198
1147,365576024,1746865469548,2,0.0034,0.00348441,50.13,BTC-30MAY25-125000-C,103883.43,sell,0.1,0.1,,,,,,,1746865469.548
1148,365611757,1746895533929,2,0.0032,0.00335457,50.91,BTC-30MAY25-125000-C,103379.76,sell,0.1,0.1,,,,,,,1746895533.929
1149,365611758,1746895533931,3,0.0032,0.00335457,50.91,BTC-30MAY25-125000-C,103379.76,buy,0.2,0.2,,,,,,,1746895533.931
1151,365640567,1746915523616,3,0.0031,0.0032468,50.41,BTC-30MAY25-125000-C,103630.98,sell,1.0,1.0,,,,,,,1746915523.616
1150,365640566,1746915523616,2,0.0031,0.0032468,50.41,BTC-30MAY25-125000-C,103630.98,sell,0.1,0.1,,,,,,,1746915523.616
1152,365641409,1746915812932,2,0.003,0.0032602,49.95,BTC-30MAY25-125000-C,103688.55,sell,0.1,0.1,,,,,,,1746915812.932
1153,365673032,1746921321664,0,0.004,0.0038442,51.02,BTC-30MAY25-125000-C,104727.08,buy,0.2,0.2,,,,,,,1746921321.664
1154,365677993,1746921970253,2,0.0039,0.0038925,50.43,BTC-30MAY25-125000-C,104871.78,buy,0.2,0.2,,,,,,,1746921970.253
1155,365678009,1746921970976,3,0.0039,0.00389661,50.38,BTC-30MAY25-125000-C,104891.73,buy,0.1,0.1,,,,,,,1746921970.976
1156,365681378,1746922546171,0,0.004,0.00381167,51.37,BTC-30MAY25-125000-C,104573.15,buy,0.1,0.1,,,,,,,1746922546.171
1157,365681379,1746922546582,1,0.004,0.00380952,51.36,BTC-30MAY25-125000-C,104577.21,buy,0.1,0.1,,,,,,,1746922546.582
1158,365683590,1746922773576,2,0.0038,0.00369767,51.13,BTC-30MAY25-125000-C,104405.51,buy,0.3,0.3,,,,,,,1746922773.576
1159,365683593,1746922773995,3,0.0038,0.00370202,51.11,BTC-30MAY25-125000-C,104413.54,buy,0.1,0.1,,,,,,,1746922773.995
1160,365683621,1746922783082,3,0.0038,0.00371754,51.09,BTC-30MAY25-125000-C,104417.77,buy,0.1,0.1,,,,,,,1746922783.082
1161,365683622,1746922783096,3,0.0038,0.00371754,51.09,BTC-30MAY25-125000-C,104417.77,buy,0.1,0.1,,,,,,,1746922783.096
1162,365683639,1746922790366,3,0.0038,0.00373855,51.02,BTC-30MAY25-125000-C,104447.45,buy,0.1,0.1,,,,,,,1746922790.366
1163,365683664,1746922794410,3,0.0038,0.00374198,50.98,BTC-30MAY25-125000-C,104464.94,buy,0.2,0.2,,,,,,,1746922794.41
1164,365683667,1746922794549,3,0.0038,0.00374198,50.98,BTC-30MAY25-125000-C,104464.94,buy,0.1,0.1,,,,,,,1746922794.549
1165,365692521,1746926483559,2,0.0034,0.00350881,49.82,BTC-30MAY25-125000-C,104452.48,sell,0.1,0.1,,,,,,,1746926483.559
1166,365693104,1746926906131,2,0.0033,0.00343489,49.66,BTC-30MAY25-125000-C,104386.41,sell,0.1,0.1,,,,,,,1746926906.131
1168,365693733,1746927425247,3,0.0032,0.00336835,49.27,BTC-30MAY25-125000-C,104420.62,sell,0.1,0.1,,,,,,,1746927425.247
1167,365693732,1746927425247,2,0.0032,0.00336835,49.27,BTC-30MAY25-125000-C,104420.62,sell,9.5,9.5,,,,,,,1746927425.247
1169,365694498,1746928005735,2,0.0031,0.0032104,49.2,BTC-30MAY25-125000-C,104297.6,sell,0.1,0.1,,,,,,,1746928005.735
1170,365694499,1746928007888,3,0.0031,0.00320926,49.2,BTC-30MAY25-125000-C,104300.34,buy,0.1,0.1,,,,,,,1746928007.888
1171,365695590,1746928400381,3,0.0031,0.00305272,49.89,BTC-30MAY25-125000-C,103963.06,sell,0.1,0.1,,,,,,,1746928400.381
1172,365709223,1746936932364,0,0.0032,0.00318109,49.5,BTC-30MAY25-125000-C,104362.43,sell,0.3,0.3,,,,,,,1746936932.364
1173,365711960,1746940791603,2,0.0031,0.0030214,49.85,BTC-30MAY25-125000-C,104036.83,sell,4.4,4.4,,,,,,,1746940791.603
1174,365712229,1746941099217,0,0.0032,0.00305041,50.27,BTC-30MAY25-125000-C,104008.94,sell,1.6,1.6,,,,,,,1746941099.217
1175,365712230,1746941099217,1,0.0032,0.00305041,50.27,BTC-30MAY25-125000-C,104008.94,sell,0.6,0.6,,,,,,,1746941099.217
1176,365712234,1746941099261,1,0.0032,0.00305041,50.27,BTC-30MAY25-125000-C,104008.94,sell,0.1,0.1,,,,,,,1746941099.261
1177,365713897,1746942177877,0,0.0033,0.00327899,50.65,BTC-30MAY25-125000-C,103979.79,buy,0.3,0.3,,,,,,,1746942177.877
1178,365716812,1746944397863,1,0.0033,0.00331301,50.75,BTC-30MAY25-125000-C,103956.07,sell,0.9,0.9,,,,,,,1746944397.863
1179,365716968,1746944457428,1,0.0033,0.00329847,50.81,BTC-30MAY25-125000-C,103933.88,sell,0.5,0.5,,,,,,,1746944457.428
1180,365728650,1746950846375,2,0.003,0.00310815,50.37,BTC-30MAY25-125000-C,103689.59,buy,0.2,0.2,,,,,,,1746950846.375
1181,365733950,1746953207009,0,0.0034,0.00329395,51.24,BTC-30MAY25-125000-C,103909.85,buy,0.7,0.7,,,,,,,1746953207.009
1182,365735733,1746954669335,1,0.0034,0.00330876,51.06,BTC-30MAY25-125000-C,104026.57,buy,0.6,0.6,,,,,,,1746954669.335
1183,365743318,1746960613422,0,0.0035,0.0034129,50.66,BTC-30MAY25-125000-C,104415.99,buy,0.2,0.2,,,,,,,1746960613.422
1184,365747077,1746964265326,2,0.0033,0.0034981,49.91,BTC-30MAY25-125000-C,104500.73,sell,0.3,0.3,,,,,,,1746964265.326
1185,365747961,1746965101073,0,0.0034,0.00353015,49.92,BTC-30MAY25-125000-C,104674.76,buy,0.3,0.3,,,,,,,1746965101.073
1186,365753242,1746969115179,0,0.0037,0.00357483,51.07,BTC-30MAY25-125000-C,104622.83,sell,0.1,0.1,,,,,,,1746969115.179
1187,365755145,1746970715599,2,0.0035,0.00354682,50.71,BTC-30MAY25-125000-C,104498.41,sell,0.5,0.5,,,,,,,1746970715.599
1188,365757731,1746972145508,2,0.0032,0.00327082,50.82,BTC-30MAY25-125000-C,103991.23,buy,0.1,0.1,,,,,,,1746972145.508
1189,365759850,1746973468673,2,0.0031,0.00332747,50.44,BTC-30MAY25-125000-C,104014.14,sell,0.1,0.1,,,,,,,1746973468.673
1190,365764335,1746976790883,0,0.0032,0.00335655,49.56,BTC-30MAY25-125000-C,104619.7,buy,0.1,0.1,,,,,,,1746976790.883
1191,365777965,1746987127151,2,0.0028,0.00295085,49.69,BTC-30MAY25-125000-C,103986.67,sell,0.1,0.1,,,,,,,1746987127.151
1192,365778113,1746987427437,3,0.0028,0.0029506,49.69,BTC-30MAY25-125000-C,103994.78,sell,0.1,0.1,,,,,,,1746987427.437
1193,365778283,1746988027211,3,0.0028,0.00292595,49.63,BTC-30MAY25-125000-C,104025.81,sell,0.1,0.1,,,,,,,1746988027.211
1194,365785822,1746991884341,0,0.003,0.00309671,49.17,BTC-30MAY25-125000-C,104593.29,buy,0.1,0.1,,,,,,,1746991884.341
1195,365801835,1747004186689,0,0.0032,0.00297288,51.82,BTC-30MAY25-125000-C,103795.01,buy,0.3,0.3,,,,,,,1747004186.689
1196,365805445,1747007272221,2,0.0028,0.00298808,49.83,BTC-30MAY25-125000-C,104043.85,sell,0.1,0.1,,,,,,,1747007272.221
1197,365831874,1747017623866,0,0.003,0.00302972,51.02,BTC-30MAY25-125000-C,103966.47,sell,1.0,1.0,,,,,,,1747017623.866
1198,365832039,1747017768548,2,0.0028,0.00300538,50.3,BTC-30MAY25-125000-C,103963.34,sell,0.1,0.1,,,,,,,1747017768.548
1199,365835223,1747019907590,2,0.0027,0.00281768,50.11,BTC-30MAY25-125000-C,103875.76,sell,0.1,0.1,,,,,,,1747019907.59
1200,365835298,1747020021415,0,0.0028,0.00283289,50.41,BTC-30MAY25-125000-C,103925.53,buy,0.1,0.1,,,,,,,1747020021.415
1201,365838489,1747023162995,2,0.0027,0.0027956,49.78,BTC-30MAY25-125000-C,104007.4,sell,0.1,0.1,,,,,,,1747023162.995
1202,365838876,1747023403012,0,0.0028,0.0028734,49.88,BTC-30MAY25-125000-C,104134.94,buy,0.1,0.1,,,,,,,1747023403.012
1203,365839425,1747023463008,1,0.0028,0.00287992,49.81,BTC-30MAY25-125000-C,104159.01,buy,0.1,0.1,,,,,,,1747023463.008
1204,365842477,1747026743084,1,0.0028,0.00281305,50.54,BTC-30MAY25-125000-C,103895.15,buy,0.2,0.2,,,,,,,1747026743.084
1205,365842580,1747026802093,1,0.0028,0.00283231,50.49,BTC-30MAY25-125000-C,103907.53,buy,0.1,0.1,,,,,,,1747026802.093
1206,365846194,1747031046284,0,0.0029,0.00284298,50.68,BTC-30MAY25-125000-C,104054.61,buy,0.3,0.3,,,,,,,1747031046.284
1207,365846202,1747031080258,1,0.0029,0.00283668,50.69,BTC-30MAY25-125000-C,104054.14,buy,0.3,0.3,,,,,,,1747031080.258
1208,365848998,1747033204760,0,0.0031,0.00304996,50.53,BTC-30MAY25-125000-C,104459.27,buy,0.1,0.1,,,,,,,1747033204.76
1209,365849004,1747033204803,1,0.0031,0.00304996,50.53,BTC-30MAY25-125000-C,104459.27,buy,0.1,0.1,,,,,,,1747033204.803
1210,365849118,1747033205349,1,0.0031,0.00304996,50.53,BTC-30MAY25-125000-C,104459.27,buy,0.1,0.1,,,,,,,1747033205.349
1211,365862341,1747034101506,0,0.0037,0.00370092,49.93,BTC-30MAY25-125000-C,105587.27,buy,0.1,0.1,,,,,,,1747034101.506
1212,365862343,1747034101519,1,0.0037,0.00370092,49.93,BTC-30MAY25-125000-C,105587.27,buy,0.1,0.1,,,,,,,1747034101.519
1213,365862345,1747034101526,1,0.0037,0.00370092,49.93,BTC-30MAY25-125000-C,105587.27,buy,0.2,0.2,,,,,,,1747034101.526
1214,365862618,1747034121553,1,0.0037,0.003762,49.72,BTC-30MAY25-125000-C,105688.16,buy,0.4,0.4,,,,,,,1747034121.553
1215,365862619,1747034121818,1,0.0037,0.00375769,49.74,BTC-30MAY25-125000-C,105676.58,buy,0.1,0.1,,,,,,,1747034121.818
1216,365862784,1747034131595,1,0.0037,0.0037157,49.79,BTC-30MAY25-125000-C,105659.57,buy,0.5,0.5,,,,,,,1747034131.595
1217,365862785,1747034131602,1,0.0037,0.0037157,49.79,BTC-30MAY25-125000-C,105659.57,sell,0.8,0.8,,,,,,,1747034131.602
1218,365862809,1747034135927,1,0.0037,0.0037368,49.78,BTC-30MAY25-125000-C,105667.5,sell,3.7,3.7,,,,,,,1747034135.927
1220,365866157,1747034823306,1,0.0038,0.00362381,50.46,BTC-30MAY25-125000-C,105496.53,buy,0.5,0.5,,,,,,,1747034823.306
1221,365866158,1747034823306,1,0.0038,0.00362381,50.46,BTC-30MAY25-125000-C,105496.53,buy,0.5,0.5,,,,,,,1747034823.306
1219,365866156,1747034823306,0,0.0038,0.00362381,50.46,BTC-30MAY25-125000-C,105496.53,buy,2.0,2.0,,,,,,,1747034823.306
1222,365866174,1747034827029,1,0.0038,0.00363322,50.38,BTC-30MAY25-125000-C,105531.37,buy,3.0,3.0,,,,,,,1747034827.029
1223,365866512,1747034846494,1,0.0038,0.00364317,50.4,BTC-30MAY25-125000-C,105525.42,buy,3.0,3.0,,,,,,,1747034846.494
1224,365887953,1747037718438,2,0.0032,0.00324287,51.27,BTC-30MAY25-125000-C,104288.47,buy,0.1,0.1,,,,,,,1747037718.438
1225,365895997,1747042204043,3,0.0032,0.00319773,50.93,BTC-30MAY25-125000-C,104525.47,buy,0.1,0.1,,,,,,,1747042204.043
1226,365898258,1747042699990,2,0.003,0.00298586,50.44,BTC-30MAY25-125000-C,104450.02,buy,0.1,0.1,,,,,,,1747042699.99
1227,365898259,1747042699993,3,0.003,0.00298586,50.44,BTC-30MAY25-125000-C,104450.02,sell,2.9,2.9,,,,,,,1747042699.993
1228,365903210,1747044769571,2,0.0027,0.00285069,49.69,BTC-30MAY25-125000-C,104295.04,sell,0.1,0.1,,,,,,,1747044769.571
1229,365903211,1747044769571,3,0.0027,0.00285069,49.69,BTC-30MAY25-125000-C,104295.04,sell,0.2,0.2,,,,,,,1747044769.571
1230,365918385,1747052240733,2,0.0026,0.00268963,50.28,BTC-30MAY25-125000-C,103878.06,sell,0.1,0.1,,,,,,,1747052240.733
1231,365919512,1747052840750,3,0.0026,0.0027349,49.97,BTC-30MAY25-125000-C,104019.09,sell,0.1,0.1,,,,,,,1747052840.75
1232,365924918,1747055822018,0,0.0028,0.0028886,50.27,BTC-30MAY25-125000-C,104281.01,sell,0.1,0.1,,,,,,,1747055822.018
1233,365925658,1747056131476,1,0.0028,0.00288778,50.2,BTC-30MAY25-125000-C,104321.82,buy,0.1,0.1,,,,,,,1747056131.476
1234,365926919,1747056620510,0,0.0029,0.00280066,50.84,BTC-30MAY25-125000-C,104189.09,buy,3.0,3.0,,,,,,,1747056620.51
1235,365935062,1747057884457,0,0.003,0.00295867,50.94,BTC-30MAY25-125000-C,104325.34,buy,2.3,2.3,,,,,,,1747057884.457
1236,365935097,1747057888270,1,0.003,0.00295313,50.97,BTC-30MAY25-125000-C,104311.52,buy,1.0,1.0,,,,,,,1747057888.27
1237,365936933,1747058124995,1,0.003,0.00287169,51.0,BTC-30MAY25-125000-C,104318.45,buy,0.5,0.5,,,,,,,1747058124.995
1238,365937685,1747058401245,1,0.003,0.0028552,50.96,BTC-30MAY25-125000-C,104324.81,buy,0.9,0.9,,,,,,,1747058401.245
1239,365937733,1747058406824,1,0.003,0.00286271,50.96,BTC-30MAY25-125000-C,104324.37,buy,2.1,2.1,,,,,,,1747058406.824
1240,365938656,1747058551969,2,0.0029,0.0028318,50.71,BTC-30MAY25-125000-C,104276.98,buy,0.2,0.2,,,,,,,1747058551.969
1241,365938867,1747058610981,3,0.0029,0.00278917,50.89,BTC-30MAY25-125000-C,104201.4,buy,0.1,0.1,,,,,,,1747058610.981
1242,365940736,1747059228762,2,0.0028,0.00273664,50.75,BTC-30MAY25-125000-C,104098.6,buy,3.0,3.0,,,,,,,1747059228.762
1243,365945191,1747060023756,2,0.0025,0.00242824,51.13,BTC-30MAY25-125000-C,103397.57,sell,3.0,3.0,,,,,,,1747060023.756
1244,365970304,1747062740836,2,0.002,0.0021251,50.18,BTC-30MAY25-125000-C,102788.23,sell,0.1,0.1,,,,,,,1747062740.836
1245,365972335,1747063040877,3,0.002,0.00216224,49.92,BTC-30MAY25-125000-C,102913.71,sell,0.1,0.1,,,,,,,1747063040.877
1246,365973825,1747063478652,0,0.0022,0.00213059,50.7,BTC-30MAY25-125000-C,103007.59,buy,0.1,0.1,,,,,,,1747063478.652
1247,365983747,1747066403070,2,0.0018,0.00184811,49.62,BTC-30MAY25-125000-C,102619.66,sell,0.1,0.1,,,,,,,1747066403.07
1248,365984323,1747066643134,2,0.0017,0.00190433,48.64,BTC-30MAY25-125000-C,102855.49,buy,0.2,0.2,,,,,,,1747066643.134
1249,365989738,1747069960255,0,0.0018,0.00196961,48.76,BTC-30MAY25-125000-C,103058.05,sell,0.1,0.1,,,,,,,1747069960.255
1250,365991685,1747070260257,1,0.0018,0.00192814,48.96,BTC-30MAY25-125000-C,102967.77,sell,0.1,0.1,,,,,,,1747070260.257
1251,365992728,1747070860279,1,0.0018,0.00194134,49.11,BTC-30MAY25-125000-C,102891.92,sell,0.1,0.1,,,,,,,1747070860.279
1252,366001827,1747073359996,1,0.0018,0.00173789,50.94,BTC-30MAY25-125000-C,101961.09,sell,4.7,4.7,,,,,,,1747073359.996
1253,366003024,1747073516888,2,0.0016,0.00169496,49.94,BTC-30MAY25-125000-C,101932.91,sell,0.1,0.1,,,,,,,1747073516.888
1254,366004123,1747073816775,2,0.0014,0.00171588,48.41,BTC-30MAY25-125000-C,102128.99,sell,0.1,0.1,,,,,,,1747073816.775
1255,366005935,1747074416514,0,0.0016,0.00154687,50.14,BTC-30MAY25-125000-C,101845.91,sell,0.1,0.1,,,,,,,1747074416.514
1256,366021817,1747077122767,0,0.0017,0.00179708,50.66,BTC-30MAY25-125000-C,101866.65,sell,0.1,0.1,,,,,,,1747077122.767
1257,366022536,1747077421562,2,0.0016,0.00181005,49.77,BTC-30MAY25-125000-C,102031.24,sell,0.1,0.1,,,,,,,1747077421.562
1258,366023673,1747078021569,3,0.0016,0.00168507,50.44,BTC-30MAY25-125000-C,101712.63,sell,0.1,0.1,,,,,,,1747078021.569
1259,366026611,1747079915677,0,0.0017,0.00181194,50.81,BTC-30MAY25-125000-C,101803.34,sell,0.1,0.1,,,,,,,1747079915.677
1260,366028096,1747080731001,2,0.0016,0.00170389,50.17,BTC-30MAY25-125000-C,101869.49,sell,0.1,0.1,,,,,,,1747080731.001
1261,366028335,1747081030727,2,0.0015,0.00170498,49.51,BTC-30MAY25-125000-C,101927.0,sell,0.1,0.1,,,,,,,1747081030.727
1262,366029200,1747081630742,0,0.0016,0.00175214,49.52,BTC-30MAY25-125000-C,102178.51,sell,0.1,0.1,,,,,,,1747081630.742
1263,366038534,1747084474391,1,0.0016,0.00172508,49.0,BTC-30MAY25-125000-C,102528.85,sell,0.1,0.1,,,,,,,1747084474.391
1264,366039102,1747084594115,1,0.0016,0.00173041,48.94,BTC-30MAY25-125000-C,102538.54,buy,0.2,0.2,,,,,,,1747084594.115
1265,366041804,1747087989979,1,0.0016,0.00169067,48.91,BTC-30MAY25-125000-C,102590.44,sell,0.1,0.1,,,,,,,1747087989.979
1266,366041958,1747088290098,2,0.0015,0.00170155,48.24,BTC-30MAY25-125000-C,102646.3,sell,0.1,0.1,,,,,,,1747088290.098
1267,366043006,1747088829508,0,0.0017,0.00172297,49.13,BTC-30MAY25-125000-C,102759.37,sell,0.1,0.1,,,,,,,1747088829.508
1268,366045836,1747091532303,1,0.0017,0.00178813,48.81,BTC-30MAY25-125000-C,102934.28,sell,0.1,0.1,,,,,,,1747091532.303
1269,366046046,1747091832606,1,0.0017,0.00179825,48.71,BTC-30MAY25-125000-C,102982.75,sell,0.1,0.1,,,,,,,1747091832.606
1270,366046047,1747091833188,2,0.0016,0.00179767,48.18,BTC-30MAY25-125000-C,102982.5,sell,0.1,0.1,,,,,,,1747091833.188
1271,366048963,1747094726695,2,0.0015,0.0016294,48.37,BTC-30MAY25-125000-C,102641.56,buy,0.3,0.3,,,,,,,1747094726.695
1272,366052474,1747097077456,2,0.0014,0.00149986,48.61,BTC-30MAY25-125000-C,102253.32,sell,0.1,0.1,,,,,,,1747097077.456
1273,366055132,1747098732005,3,0.0014,0.00155627,48.41,BTC-30MAY25-125000-C,102370.46,sell,0.1,0.1,,,,,,,1747098732.005
1274,366056066,1747099212017,0,0.0015,0.00161639,48.51,BTC-30MAY25-125000-C,102622.29,sell,0.1,0.1,,,,,,,1747099212.017
1275,366056221,1747099367715,2,0.0014,0.00160591,47.95,BTC-30MAY25-125000-C,102611.82,sell,0.1,0.1,,,,,,,1747099367.715
1276,366056307,1747099452010,0,0.0015,0.00164037,48.33,BTC-30MAY25-125000-C,102711.44,sell,0.1,0.1,,,,,,,1747099452.01
1277,366062609,1747102310897,1,0.0015,0.00155758,48.95,BTC-30MAY25-125000-C,102416.84,sell,0.1,0.1,,,,,,,1747102310.897
1278,366064625,1747102610929,2,0.0013,0.00142322,48.64,BTC-30MAY25-125000-C,101981.63,sell,0.1,0.1,,,,,,,1747102610.929
1279,366067716,1747103210643,0,0.0014,0.00155465,48.75,BTC-30MAY25-125000-C,102252.26,sell,0.1,0.1,,,,,,,1747103210.643
1280,366073746,1747105937305,1,0.0014,0.00149089,48.98,BTC-30MAY25-125000-C,102098.76,sell,0.1,0.1,,,,,,,1747105937.305
1281,366074897,1747106237602,2,0.0013,0.0014459,48.52,BTC-30MAY25-125000-C,102016.3,sell,0.1,0.1,,,,,,,1747106237.602
1282,366075016,1747106297325,0,0.0014,0.00142745,49.25,BTC-30MAY25-125000-C,101965.73,sell,0.1,0.1,,,,,,,1747106297.325
1283,366089365,1747113472324,1,0.0014,0.00153961,48.09,BTC-30MAY25-125000-C,102612.58,sell,0.1,0.1,,,,,,,1747113472.324
1284,366089549,1747113772617,1,0.0014,0.00151732,48.12,BTC-30MAY25-125000-C,102599.07,sell,0.1,0.1,,,,,,,1747113772.617
1285,366090052,1747114371482,1,0.0014,0.00144505,48.44,BTC-30MAY25-125000-C,102443.59,sell,0.1,0.1,,,,,,,1747114371.482
1286,366092390,1747116721005,1,0.0014,0.00152513,48.11,BTC-30MAY25-125000-C,102638.48,sell,0.1,0.1,,,,,,,1747116721.005
1287,366092488,1747116849834,1,0.0014,0.00151808,48.11,BTC-30MAY25-125000-C,102648.52,buy,0.2,0.2,,,,,,,1747116849.834
1288,366092986,1747117228467,0,0.0015,0.00148482,49.02,BTC-30MAY25-125000-C,102471.46,sell,0.1,0.1,,,,,,,1747117228.467
1289,366094851,1747117736119,1,0.0015,0.00140008,49.23,BTC-30MAY25-125000-C,102361.07,buy,99.9,99.9,,,,,,,1747117736.119
1290,366097501,1747120350405,0,0.0016,0.00173565,49.0,BTC-30MAY25-125000-C,102752.72,sell,0.1,0.1,,,,,,,1747120350.405
1291,366097551,1747120469269,0,0.0017,0.00172927,49.59,BTC-30MAY25-125000-C,102734.61,buy,0.2,0.2,,,,,,,1747120469.269
1292,366103998,1747123611270,2,0.0016,0.00175779,48.96,BTC-30MAY25-125000-C,102824.88,buy,0.3,0.3,,,,,,,1747123611.27
1293,366108049,1747127552075,2,0.0014,0.00169198,47.67,BTC-30MAY25-125000-C,102950.64,buy,0.3,0.3,,,,,,,1747127552.075
1294,366109114,1747128129013,0,0.002,0.00177537,50.35,BTC-30MAY25-125000-C,103191.38,buy,25.0,25.0,,BTC-CS-30MAY25-125000_130000,,2.0,BLOCK-197962,,1747128129.013
1295,366111029,1747128726904,2,0.0019,0.00183743,49.59,BTC-30MAY25-125000-C,103310.08,buy,0.1,0.1,,,,,,,1747128726.904
1296,366114725,1747131145376,3,0.0019,0.00194809,49.42,BTC-30MAY25-125000-C,103408.43,sell,0.1,0.1,,,,,,,1747131145.376
1297,366114776,1747131205383,3,0.0019,0.00195699,49.36,BTC-30MAY25-125000-C,103436.51,buy,0.2,0.2,,,,,,,1747131205.383
1298,366116495,1747132297168,0,0.002,0.00198213,49.86,BTC-30MAY25-125000-C,103442.85,buy,0.1,0.1,,,,,,,1747132297.168
1299,366116510,1747132328496,1,0.002,0.00197706,49.9,BTC-30MAY25-125000-C,103427.43,buy,0.1,0.1,,,,,,,1747132328.496
1300,366116511,1747132328540,1,0.002,0.00197706,49.9,BTC-30MAY25-125000-C,103427.43,buy,0.3,0.3,,,,,,,1747132328.54
1301,366116512,1747132328619,1,0.002,0.00197706,49.9,BTC-30MAY25-125000-C,103427.43,buy,0.1,0.1,,,,,,,1747132328.619
1302,366116514,1747132329066,1,0.002,0.00197706,49.9,BTC-30MAY25-125000-C,103427.43,buy,0.1,0.1,,,,,,,1747132329.066
1303,366116529,1747132329237,1,0.002,0.00197744,49.9,BTC-30MAY25-125000-C,103427.45,buy,0.2,0.2,,,,,,,1747132329.237
1304,366116530,1747132329259,1,0.002,0.00197744,49.9,BTC-30MAY25-125000-C,103427.45,buy,0.1,0.1,,,,,,,1747132329.259
1305,366116850,1747132533730,2,0.0019,0.00201048,49.37,BTC-30MAY25-125000-C,103456.29,sell,0.1,0.1,,,,,,,1747132533.73
1306,366118779,1747135052873,0,0.0022,0.00218577,50.72,BTC-30MAY25-125000-C,103500.65,buy,0.1,0.1,,,,,,,1747135052.873
1307,366120398,1747136281743,2,0.0021,0.00223884,49.76,BTC-30MAY25-125000-C,103741.54,sell,0.1,0.1,,,,,,,1747136281.743
1308,366120652,1747136581139,2,0.002,0.00223933,49.16,BTC-30MAY25-125000-C,103811.69,sell,0.1,0.1,,,,,,,1747136581.139
1309,366121181,1747137060858,3,0.002,0.00213021,49.43,BTC-30MAY25-125000-C,103700.93,sell,0.1,0.1,,,,,,,1747137060.858
1310,366122423,1747137889370,0,0.0024,0.00220258,51.03,BTC-30MAY25-125000-C,103787.36,buy,12.5,12.5,,BTC-CDIAG-27JUN25_30MAY25-110000_125000,,2.0,BLOCK-197990,,1747137889.37
1311,366123434,1747138202716,2,0.0021,0.0021482,49.99,BTC-30MAY25-125000-C,103648.38,sell,0.1,0.1,,,,,,,1747138202.716
1312,366123527,1747138271755,2,0.002,0.00214301,49.48,BTC-30MAY25-125000-C,103666.37,buy,0.3,0.3,,,,,,,1747138271.755
1313,366125050,1747138812477,0,0.0021,0.00203856,50.08,BTC-30MAY25-125000-C,103597.53,buy,2.1,2.1,,,,,,,1747138812.477
1314,366138977,1747141942887,2,0.002,0.00214797,49.74,BTC-30MAY25-125000-C,103605.46,sell,0.1,0.1,,,,,,,1747141942.887
1315,366139770,1747142302898,3,0.002,0.00216563,49.64,BTC-30MAY25-125000-C,103669.52,sell,0.1,0.1,,,,,,,1747142302.898
1316,366141146,1747142842904,0,0.0021,0.00220869,49.78,BTC-30MAY25-125000-C,103818.36,sell,0.1,0.1,,,,,,,1747142842.904
1317,366141644,1747142950742,1,0.0021,0.00220043,49.8,BTC-30MAY25-125000-C,103814.14,sell,25.0,25.0,,BTC-CDIAG-30MAY25_23MAY25-125000_115000,,2.0,BLOCK-198007,,1747142950.742
1318,366149273,1747145518302,2,0.0019,0.00193173,50.27,BTC-30MAY25-125000-C,103138.18,sell,0.1,0.1,,,,,,,1747145518.302
1319,366150818,1747145818058,2,0.0017,0.0018496,49.69,BTC-30MAY25-125000-C,102927.52,sell,0.1,0.1,,,,,,,1747145818.058
1320,366150908,1747145845544,0,0.0019,0.00187346,50.56,BTC-30MAY25-125000-C,103003.41,buy,0.1,0.1,,,,,,,1747145845.544
1321,366160265,1747149451913,2,0.0018,0.0018967,48.6,BTC-30MAY25-125000-C,103730.11,sell,0.1,0.1,,,,,,,1747149451.913
1322,366160425,1747149572189,3,0.0018,0.00186466,48.73,BTC-30MAY25-125000-C,103673.11,buy,0.2,0.2,,,,,,,1747149572.189
1323,366166266,1747152780953,0,0.0021,0.00220983,49.31,BTC-30MAY25-125000-C,104109.73,sell,0.1,0.1,,,,,,,1747152780.953
1324,366168206,1747153080969,2,0.002,0.00228622,48.38,BTC-30MAY25-125000-C,104348.83,sell,0.1,0.1,,,,,,,1747153080.969
1325,366168411,1747153143499,0,0.0022,0.00222772,49.5,BTC-30MAY25-125000-C,104249.39,buy,0.1,0.1,,,,,,,1747153143.499
1326,366169611,1747153574857,0,0.0023,0.0022794,50.01,BTC-30MAY25-125000-C,104203.79,buy,0.1,0.1,,,,,,,1747153574.857
1327,366171892,1747154507801,1,0.0023,0.00236059,50.24,BTC-30MAY25-125000-C,104116.37,sell,0.1,0.1,,,,,,,1747154507.801
1328,366176109,1747156365052,2,0.0021,0.00231002,49.76,BTC-30MAY25-125000-C,103928.53,sell,0.1,0.1,,,,,,,1747156365.052
1329,366176905,1747156665708,3,0.0021,0.00229005,49.76,BTC-30MAY25-125000-C,103935.18,sell,0.1,0.1,,,,,,,1747156665.708
1330,366178408,1747157265067,3,0.0021,0.0022316,49.93,BTC-30MAY25-125000-C,103897.93,sell,0.1,0.1,,,,,,,1747157265.067
1331,366183575,1747159446795,0,0.0023,0.00236762,49.94,BTC-30MAY25-125000-C,104314.49,buy,0.3,0.3,,,,,,,1747159446.795
1332,366184054,1747159656931,1,0.0023,0.00242216,49.72,BTC-30MAY25-125000-C,104411.86,sell,0.1,0.1,,,,,,,1747159656.931
1333,366189110,1747163552520,0,0.0025,0.00264963,50.81,BTC-30MAY25-125000-C,104322.22,sell,0.1,0.1,,,,,,,1747163552.52
1334,366189357,1747163853387,1,0.0025,0.00260545,51.02,BTC-30MAY25-125000-C,104246.57,sell,0.1,0.1,,,,,,,1747163853.387
1335,366189791,1747164310169,0,0.0026,0.00268169,51.06,BTC-30MAY25-125000-C,104400.8,buy,0.1,0.1,,,,,,,1747164310.169
1336,366194011,1747165469038,0,0.0032,0.00303656,52.23,BTC-30MAY25-125000-C,104906.72,buy,24.8,24.8,,,,,,,1747165469.038
1337,366202927,1747168432571,2,0.0029,0.00292567,51.72,BTC-30MAY25-125000-C,104651.41,buy,0.3,0.3,,,,,,,1747168432.571
1338,366204437,1747170327414,2,0.0027,0.00274849,51.32,BTC-30MAY25-125000-C,104505.95,buy,0.3,0.3,,,,,,,1747170327.414
1339,366204460,1747170358263,3,0.0027,0.00274156,51.35,BTC-30MAY25-125000-C,104494.27,buy,0.2,0.2,,,,,,,1747170358.263
1340,366209356,1747173874113,3,0.0027,0.00271767,51.79,BTC-30MAY25-125000-C,104321.83,buy,0.3,0.3,,,,,,,1747173874.113
1341,366212622,1747176858125,3,0.0027,0.00276573,52.05,BTC-30MAY25-125000-C,104194.03,buy,1.0,1.0,,,,,,,1747176858.125
1342,366215266,1747177925666,2,0.0025,0.00262884,51.56,BTC-30MAY25-125000-C,104055.07,sell,0.1,0.1,,,,,,,1747177925.666
1343,366215495,1747178146559,0,0.0026,0.0026688,51.73,BTC-30MAY25-125000-C,104167.55,buy,0.2,0.2,,,,,,,1747178146.559
1344,366218192,1747181533011,2,0.0025,0.00263168,51.57,BTC-30MAY25-125000-C,104087.93,sell,0.1,0.1,,,,,,,1747181533.011
1345,366218344,1747181713013,3,0.0025,0.00256267,51.85,BTC-30MAY25-125000-C,103968.91,buy,0.2,0.2,,,,,,,1747181713.013
1346,366224879,1747185185252,2,0.0024,0.00249816,51.44,BTC-30MAY25-125000-C,103989.72,sell,0.1,0.1,,,,,,,1747185185.252
1347,366225192,1747185425532,2,0.0023,0.00248787,50.97,BTC-30MAY25-125000-C,104003.23,sell,0.1,0.1,,,,,,,1747185425.532
1348,366225965,1747185673258,0,0.0024,0.00241597,51.68,BTC-30MAY25-125000-C,103874.39,buy,0.1,0.1,,,,,,,1747185673.258
1349,366234145,1747188734714,2,0.0023,0.00243014,51.8,BTC-30MAY25-125000-C,103633.72,sell,0.1,0.1,,,,,,,1747188734.714
1350,366234353,1747188914728,3,0.0023,0.00244466,51.64,BTC-30MAY25-125000-C,103716.98,buy,0.2,0.2,,,,,,,1747188914.728
1351,366236725,1747192364206,2,0.0021,0.002235,50.87,BTC-30MAY25-125000-C,103690.23,sell,0.1,0.1,,,,,,,1747192364.206
1352,366237184,1747192784452,3,0.0021,0.00217526,51.18,BTC-30MAY25-125000-C,103556.99,sell,0.1,0.1,,,,,,,1747192784.452
1353,366237490,1747193264197,3,0.0021,0.00218568,51.27,BTC-30MAY25-125000-C,103525.42,sell,0.1,0.1,,,,,,,1747193264.197
1354,366239201,1747195658765,0,0.0022,0.00225643,51.78,BTC-30MAY25-125000-C,103514.3,buy,0.3,0.3,,,,,,,1747195658.765
1355,366244542,1747199562743,1,0.0022,0.00227852,51.33,BTC-30MAY25-125000-C,103754.91,sell,0.1,0.1,,,,,,,1747199562.743
1356,366244591,1747199621882,1,0.0022,0.00228333,51.31,BTC-30MAY25-125000-C,103760.92,buy,0.2,0.2,,,,,,,1747199621.882
1357,366249818,1747202987306,0,0.0023,0.00238772,51.72,BTC-30MAY25-125000-C,103817.75,buy,0.3,0.3,,,,,,,1747202987.306
1358,366253103,1747204984934,2,0.0022,0.00232214,51.49,BTC-30MAY25-125000-C,103720.7,sell,2.0,2.0,,,,,,,1747204984.934
1359,366253106,1747204989191,3,0.0022,0.00232222,51.49,BTC-30MAY25-125000-C,103720.71,sell,2.0,2.0,,,,,,,1747204989.191
1360,366254424,1747205568314,3,0.0022,0.00230292,51.41,BTC-30MAY25-125000-C,103773.83,sell,0.1,0.1,,,,,,,1747205568.314
1361,366255290,1747206360606,3,0.0022,0.00224098,51.66,BTC-30MAY25-125000-C,103683.14,buy,0.1,0.1,,,,,,,1747206360.606
1362,366255746,1747206514704,3,0.0022,0.00225596,51.62,BTC-30MAY25-125000-C,103691.55,buy,0.2,0.2,,,,,,,1747206514.704
1363,366268347,1747210088636,2,0.0021,0.00220163,51.32,BTC-30MAY25-125000-C,103695.16,buy,0.3,0.3,,,,,,,1747210088.636
1364,366295478,1747223445385,0,0.0023,0.00229289,51.7,BTC-30MAY25-125000-C,104012.26,buy,1.5,1.5,,,,,,,1747223445.385
1365,366303574,1747229417045,0,0.0026,0.00243552,52.88,BTC-30MAY25-125000-C,104120.51,sell,3.0,3.0,366303572,BTC-CSR23-30MAY25-105000_125000,,,,,1747229417.045
1366,366304330,1747229649923,0,0.0028,0.00254257,53.2,BTC-30MAY25-125000-C,104338.7,sell,1.5,1.5,366304329,BTC-CSR23-30MAY25-105000_125000,,,,,1747229649.923
1367,366326915,1747238413617,2,0.002,0.0021727,51.7,BTC-30MAY25-125000-C,103530.46,sell,0.1,0.1,,,,,,,1747238413.617
1368,366326916,1747238413617,3,0.002,0.0021727,51.7,BTC-30MAY25-125000-C,103530.46,sell,0.9,0.9,,,,,,,1747238413.617
1370,366333634,1747243111033,3,0.0019,0.00194875,52.4,BTC-30MAY25-125000-C,103023.82,sell,0.1,0.1,,,,,,,1747243111.033
1369,366333633,1747243111033,2,0.0019,0.00194875,52.4,BTC-30MAY25-125000-C,103023.82,sell,0.9,0.9,,,,,,,1747243111.033
1371,366349613,1747251734157,0,0.0022,0.00211061,52.87,BTC-30MAY25-125000-C,103527.42,sell,1.0,1.0,,,,,,,1747251734.157
1372,366349628,1747251747220,1,0.0022,0.002118,52.84,BTC-30MAY25-125000-C,103536.14,sell,1.0,1.0,,,,,,,1747251747.22
1373,366349638,1747251758697,1,0.0022,0.00211893,52.82,BTC-30MAY25-125000-C,103545.64,sell,0.5,0.5,,,,,,,1747251758.697
1374,366352220,1747253611097,2,0.0019,0.00198869,51.92,BTC-30MAY25-125000-C,103317.4,sell,0.1,0.1,,,,,,,1747253611.097
1375,366431101,1747295648292,2,0.0011,0.00118205,51.2,BTC-30MAY25-125000-C,101797.13,sell,1.0,1.0,,,,,,,1747295648.292
1376,366450152,1747300496085,0,0.0013,0.00120557,52.26,BTC-30MAY25-125000-C,102026.95,buy,12.5,12.5,,BTC-CS-30MAY25-115000_125000,,2.0,BLOCK-198526,,1747300496.085
1377,366481255,1747307540303,0,0.0014,0.00140579,52.93,BTC-30MAY25-125000-C,102090.5,buy,0.1,0.1,,,,,,,1747307540.303
1378,366481958,1747307585984,2,0.0013,0.00139721,52.32,BTC-30MAY25-125000-C,102066.46,buy,0.1,0.1,,,,,,,1747307585.984
1379,366483178,1747307661100,3,0.0013,0.00139249,52.35,BTC-30MAY25-125000-C,102050.05,buy,0.6,0.6,,,,,,,1747307661.1
1380,366582881,1747321994395,0,0.0014,0.00123191,53.29,BTC-30MAY25-125000-C,102121.45,buy,12.5,12.5,,BTC-CS-30MAY25-115000_125000,,2.0,BLOCK-198654,,1747321994.395
1381,366612455,1747327831295,0,0.0015,0.00154754,50.49,BTC-30MAY25-125000-C,103725.9,buy,0.1,0.1,,,,,,,1747327831.295
1382,366623613,1747332240501,0,0.0017,0.00176568,51.37,BTC-30MAY25-125000-C,103907.09,sell,2.0,2.0,,,,,,,1747332240.501
1383,366683611,1747360863107,2,0.0014,0.00150105,49.37,BTC-30MAY25-125000-C,104255.09,sell,2.1,2.1,,,,,,,1747360863.107
1384,366687531,1747362271503,3,0.0014,0.0015147,49.42,BTC-30MAY25-125000-C,104253.42,sell,2.1,2.1,,,,,,,1747362271.503
1387,366710975,1747380772365,3,0.0012,0.00131458,49.09,BTC-30MAY25-125000-C,103990.29,sell,0.1,0.1,,,,,,,1747380772.365
1386,366710974,1747380772365,3,0.0012,0.00131458,49.09,BTC-30MAY25-125000-C,103990.29,sell,2.0,2.0,,,,,,,1747380772.365
1385,366710973,1747380772365,2,0.0012,0.00131458,49.09,BTC-30MAY25-125000-C,103990.29,sell,1.8,1.8,,,,,,,1747380772.365
1388,366710976,1747380772368,3,0.0012,0.00131458,49.09,BTC-30MAY25-125000-C,103990.29,buy,6.1,6.1,,,,,,,1747380772.368
1389,366712505,1747381218467,3,0.0012,0.00127705,49.35,BTC-30MAY25-125000-C,103892.61,sell,0.1,0.1,,,,,,,1747381218.467
1390,366726541,1747383468475,2,0.0011,0.00109668,49.97,BTC-30MAY25-125000-C,103367.38,sell,1.5,1.5,,,,,,,1747383468.475
1391,366731792,1747384060574,0,0.0012,0.00107203,50.95,BTC-30MAY25-125000-C,103201.24,buy,0.1,0.1,,,,,,,1747384060.574
1392,366732440,1747384176424,2,0.001,0.00108521,49.34,BTC-30MAY25-125000-C,103236.13,sell,0.1,0.1,,,,,,,1747384176.424
1393,366750429,1747395139279,3,0.001,0.00104625,48.59,BTC-30MAY25-125000-C,103631.87,sell,0.9,0.9,,,,,,,1747395139.279
1394,366750430,1747395139279,3,0.001,0.00104625,48.59,BTC-30MAY25-125000-C,103631.87,sell,0.1,0.1,,,,,,,1747395139.279
1395,366750431,1747395139294,3,0.001,0.00104625,48.59,BTC-30MAY25-125000-C,103631.87,buy,2.0,2.0,,,,,,,1747395139.294
1396,366750432,1747395142318,3,0.001,0.00104645,48.59,BTC-30MAY25-125000-C,103631.78,buy,22.0,22.0,,,,,,,1747395142.318
1397,366752802,1747398301903,0,0.0011,0.00102242,49.46,BTC-30MAY25-125000-C,103617.79,sell,0.1,0.1,,,,,,,1747398301.903
1398,366752803,1747398301921,1,0.0011,0.00102242,49.46,BTC-30MAY25-125000-C,103617.79,sell,0.1,0.1,,,,,,,1747398301.921
1404,366752814,1747398309223,1,0.0011,0.00102384,49.46,BTC-30MAY25-125000-C,103615.04,sell,0.1,0.1,,,,,,,1747398309.223
1401,366752811,1747398309223,1,0.0011,0.00102384,49.46,BTC-30MAY25-125000-C,103615.04,sell,0.1,0.1,,,,,,,1747398309.223
1399,366752809,1747398309223,1,0.0011,0.00102384,49.46,BTC-30MAY25-125000-C,103615.04,sell,0.1,0.1,,,,,,,1747398309.223
1402,366752812,1747398309223,1,0.0011,0.00102384,49.46,BTC-30MAY25-125000-C,103615.04,sell,0.4,0.4,,,,,,,1747398309.223
1403,366752813,1747398309223,1,0.0011,0.00102384,49.46,BTC-30MAY25-125000-C,103615.04,sell,0.1,0.1,,,,,,,1747398309.223
1400,366752810,1747398309223,1,0.0011,0.00102384,49.46,BTC-30MAY25-125000-C,103615.04,sell,0.3,0.3,,,,,,,1747398309.223
1405,366752926,1747398361806,1,0.0011,0.0010196,49.5,BTC-30MAY25-125000-C,103600.46,sell,0.1,0.1,,,,,,,1747398361.806
1406,366754755,1747401245289,1,0.0011,0.00107064,49.37,BTC-30MAY25-125000-C,103681.06,sell,0.1,0.1,,,,,,,1747401245.289
1407,366769125,1747406769122,2,0.001,0.00104113,49.25,BTC-30MAY25-125000-C,103481.22,sell,1.0,1.0,,,,,,,1747406769.122
1408,366776098,1747409853488,3,0.001,0.00106268,48.11,BTC-30MAY25-125000-C,104059.19,sell,0.1,0.1,,,,,,,1747409853.488
1409,366776099,1747409853491,3,0.001,0.00106268,48.11,BTC-30MAY25-125000-C,104059.19,buy,0.4,0.4,,,,,,,1747409853.491
1410,366776100,1747409853507,3,0.001,0.00106268,48.11,BTC-30MAY25-125000-C,104059.19,buy,0.2,0.2,,,,,,,1747409853.507
1411,366779004,1747411078906,3,0.001,0.00100629,47.95,BTC-30MAY25-125000-C,104111.57,buy,0.3,0.3,,,,,,,1747411078.906
1412,366785209,1747412531028,3,0.001,0.00100938,48.0,BTC-30MAY25-125000-C,104112.52,sell,0.1,0.1,,,,,,,1747412531.028
1413,366785210,1747412531040,3,0.001,0.00100938,48.0,BTC-30MAY25-125000-C,104112.52,buy,0.2,0.2,,,,,,,1747412531.04
1414,366785211,1747412531043,3,0.001,0.00100938,48.0,BTC-30MAY25-125000-C,104112.52,buy,0.6,0.6,,,,,,,1747412531.043
1415,366785213,1747412533683,3,0.001,0.0010087,48.0,BTC-30MAY25-125000-C,104110.66,buy,2.6,2.6,,,,,,,1747412533.683
1416,366795111,1747419328343,0,0.0012,0.00104913,49.79,BTC-30MAY25-125000-C,104030.76,buy,0.1,0.1,,,,,,,1747419328.343
1417,366830274,1747443935849,2,0.0009,0.00098853,49.98,BTC-30MAY25-125000-C,103064.8,sell,0.1,0.1,,,,,,,1747443935.849
1418,366830275,1747443935849,3,0.0009,0.00098853,49.98,BTC-30MAY25-125000-C,103064.8,sell,0.2,0.2,,,,,,,1747443935.849
1419,366830524,1747444057754,3,0.0009,0.00099345,50.1,BTC-30MAY25-125000-C,102999.36,sell,0.2,0.2,,,,,,,1747444057.754
1421,366830762,1747444274958,3,0.0009,0.00101294,50.06,BTC-30MAY25-125000-C,103022.68,sell,0.2,0.2,,,,,,,1747444274.958
1420,366830761,1747444274958,3,0.0009,0.00101294,50.06,BTC-30MAY25-125000-C,103022.68,sell,0.1,0.1,,,,,,,1747444274.958
1422,366845815,1747460824249,0,0.001,0.00101117,50.33,BTC-30MAY25-125000-C,103493.28,sell,0.1,0.1,,,,,,,1747460824.249
1423,366863537,1747478957242,2,0.0009,0.00100244,51.19,BTC-30MAY25-125000-C,102912.42,sell,1.1,1.1,,,,,,,1747478957.242
1425,366879854,1747491172500,3,0.0008,0.00086339,50.62,BTC-30MAY25-125000-C,102906.27,sell,1.0,1.0,,,,,,,1747491172.5
1424,366879853,1747491172500,2,0.0008,0.00086339,50.62,BTC-30MAY25-125000-C,102906.27,sell,0.1,0.1,,,,,,,1747491172.5
1426,366879855,1747491172508,3,0.0008,0.00086339,50.62,BTC-30MAY25-125000-C,102906.27,buy,1.0,1.0,,,,,,,1747491172.508
1427,366879994,1747491269864,3,0.0008,0.00084944,50.59,BTC-30MAY25-125000-C,102918.74,sell,1.0,1.0,,,,,,,1747491269.864
1428,366879995,1747491269869,3,0.0008,0.00084944,50.59,BTC-30MAY25-125000-C,102918.74,buy,0.4,0.4,,,,,,,1747491269.869
1429,366880854,1747491850806,0,0.0009,0.00085855,51.37,BTC-30MAY25-125000-C,102992.32,buy,1.0,1.0,,,,,,,1747491850.806
1430,366884975,1747497411867,1,0.0009,0.00088696,51.52,BTC-30MAY25-125000-C,102978.94,buy,0.5,0.5,,,,,,,1747497411.867
1431,366900429,1747507844608,0,0.001,0.00092107,52.29,BTC-30MAY25-125000-C,103082.7,buy,1.0,1.0,,,,,,,1747507844.608
1432,366942145,1747550763206,0,0.0011,0.0010123,53.32,BTC-30MAY25-125000-C,103455.04,buy,1.0,1.0,,,,,,,1747550763.206
1433,366944205,1747553225103,0,0.0012,0.00104821,53.74,BTC-30MAY25-125000-C,103620.94,buy,3.0,3.0,,,,,,,1747553225.103
1434,366944209,1747553236308,1,0.0012,0.00104799,53.74,BTC-30MAY25-125000-C,103620.97,buy,2.0,2.0,,,,,,,1747553236.308
1435,366980567,1747561857307,2,0.001,0.00108789,51.71,BTC-30MAY25-125000-C,103902.78,sell,0.1,0.1,,,,,,,1747561857.307
1436,366984966,1747568086591,0,0.0012,0.00110346,53.33,BTC-30MAY25-125000-C,103964.52,buy,1.0,1.0,,,,,,,1747568086.591
1437,366991177,1747575505463,1,0.0012,0.00120431,52.95,BTC-30MAY25-125000-C,104209.21,buy,2.0,2.0,,,,,,,1747575505.463
1439,366991181,1747575510475,1,0.0012,0.00120554,52.94,BTC-30MAY25-125000-C,104212.08,buy,0.3,0.3,,,,,,,1747575510.475
1438,366991180,1747575510475,1,0.0012,0.00120554,52.94,BTC-30MAY25-125000-C,104212.08,buy,1.7,1.7,,,,,,,1747575510.475
1440,366991189,1747575519689,1,0.0012,0.00120738,52.93,BTC-30MAY25-125000-C,104215.46,buy,0.3,0.3,,,,,,,1747575519.689
1441,367039457,1747589351461,0,0.0018,0.00188891,54.03,BTC-30MAY25-125000-C,105485.79,sell,0.1,0.1,,,,,,,1747589351.461
1443,367039461,1747589352903,3,0.0017,0.00188735,53.44,BTC-30MAY25-125000-C,105489.08,sell,0.1,0.1,,,,,,,1747589352.903
1442,367039460,1747589352903,2,0.0017,0.00188735,53.44,BTC-30MAY25-125000-C,105489.08,sell,0.4,0.4,,,,,,,1747589352.903
1444,367039823,1747589422087,0,0.0018,0.00194196,53.75,BTC-30MAY25-125000-C,105600.15,sell,0.5,0.5,,,,,,,1747589422.087
1445,367052742,1747591507018,2,0.0017,0.00162933,56.2,BTC-30MAY25-125000-C,104388.1,sell,0.1,0.1,,,,,,,1747591507.018
1446,367117281,1747610548306,0,0.0019,0.00181564,54.69,BTC-30MAY25-125000-C,105736.33,sell,1.0,1.0,,,,,,,1747610548.306
1447,367131316,1747613325695,0,0.002,0.00217564,51.84,BTC-30MAY25-125000-C,107097.36,buy,0.1,0.1,,,,,,,1747613325.695
1448,367131846,1747613379328,0,0.0022,0.00204593,53.53,BTC-30MAY25-125000-C,106853.54,buy,4.1,4.1,,,,,,,1747613379.328
1449,367131847,1747613379331,1,0.0022,0.00204593,53.53,BTC-30MAY25-125000-C,106853.54,sell,0.2,0.2,,,,,,,1747613379.331
1450,367131848,1747613379332,1,0.0022,0.00204593,53.53,BTC-30MAY25-125000-C,106853.54,sell,0.7,0.7,,,,,,,1747613379.332
1451,367135731,1747614210536,2,0.002,0.00198986,53.74,BTC-30MAY25-125000-C,106368.34,sell,0.8,0.8,,,,,,,1747614210.536
1452,367136171,1747614286863,3,0.002,0.00194427,54.17,BTC-30MAY25-125000-C,106191.98,sell,0.7,0.7,,,,,,,1747614286.863
1453,367223941,1747635428800,2,0.001,0.00101812,56.16,BTC-30MAY25-125000-C,102952.11,sell,0.1,0.1,,,,,,,1747635428.8
1454,367248451,1747641018564,3,0.001,0.00096296,55.82,BTC-30MAY25-125000-C,103208.95,buy,0.1,0.1,,,,,,,1747641018.564
1455,367292993,1747656377120,2,0.0009,0.00092262,56.1,BTC-30MAY25-125000-C,102783.07,sell,0.1,0.1,,,,,,,1747656377.12
1456,367322180,1747666347890,0,0.001,0.00101811,54.23,BTC-30MAY25-125000-C,104134.35,buy,0.1,0.1,,,,,,,1747666347.89
1458,367334531,1747668882456,1,0.0011,0.00123958,53.54,BTC-30MAY25-125000-C,104783.27,sell,14.9,14.9,,,,,,,1747668882.456
1457,367334530,1747668882456,0,0.0011,0.00123958,53.54,BTC-30MAY25-125000-C,104783.27,sell,0.1,0.1,,,,,,,1747668882.456
1460,367376665,1747692668690,1,0.0011,0.00104645,52.43,BTC-30MAY25-125000-C,105548.39,buy,0.2,0.2,,,,,,,1747692668.69
1459,367376664,1747692668690,1,0.0011,0.00104645,52.43,BTC-30MAY25-125000-C,105548.39,buy,0.5,0.5,,,,,,,1747692668.69
1461,367376683,1747692676776,1,0.0011,0.00104699,52.42,BTC-30MAY25-125000-C,105548.64,buy,0.2,0.2,,,,,,,1747692676.776
1462,367376692,1747692686337,1,0.0011,0.00104699,52.42,BTC-30MAY25-125000-C,105548.05,buy,0.2,0.2,,,,,,,1747692686.337
1463,367376694,1747692690910,1,0.0011,0.00104356,52.45,BTC-30MAY25-125000-C,105535.38,buy,0.2,0.2,,,,,,,1747692690.91
1465,367386935,1747700313791,1,0.0015,0.00139132,53.21,BTC-30MAY25-125000-C,106455.57,buy,2.0,2.0,,,T,,,,1747700313.791
1464,367386934,1747700313791,0,0.0015,0.00139132,53.21,BTC-30MAY25-125000-C,106455.57,buy,2.0,2.0,,,T,,,,1747700313.791
1466,367386936,1747700313791,1,0.0015,0.00139132,53.21,BTC-30MAY25-125000-C,106455.57,buy,3.6,3.6,,,T,,,,1747700313.791
1467,367386937,1747700313793,1,0.0015,0.00139132,53.21,BTC-30MAY25-125000-C,106455.57,sell,1.9,1.9,,,M,,,,1747700313.793
1468,367397029,1747705987380,1,0.0015,0.00151056,53.15,BTC-30MAY25-125000-C,106507.7,buy,0.8,0.8,,,,,,,1747705987.38
1469,367403271,1747709498329,1,0.0015,0.00151577,54.05,BTC-30MAY25-125000-C,106197.48,sell,0.1,0.1,,,,,,,1747709498.329
1470,367406573,1747712269269,2,0.0013,0.00138417,54.03,BTC-30MAY25-125000-C,105748.86,sell,1.0,1.0,,,,,,,1747712269.269
1473,367406576,1747712269269,3,0.0012,0.00138417,53.28,BTC-30MAY25-125000-C,105748.86,sell,1.9,1.9,,,,,,,1747712269.269
1472,367406575,1747712269269,2,0.0012,0.00138417,53.28,BTC-30MAY25-125000-C,105748.86,sell,1.9,1.9,,,,,,,1747712269.269
1477,367406580,1747712269269,3,0.0012,0.00138417,53.28,BTC-30MAY25-125000-C,105748.86,sell,0.4,0.4,,,,,,,1747712269.269
1471,367406574,1747712269269,3,0.0013,0.00138417,54.03,BTC-30MAY25-125000-C,105748.86,sell,0.1,0.1,,,,,,,1747712269.269
1476,367406579,1747712269269,3,0.0012,0.00138417,53.28,BTC-30MAY25-125000-C,105748.86,sell,6.3,6.3,,,,,,,1747712269.269
1474,367406577,1747712269269,3,0.0012,0.00138417,53.28,BTC-30MAY25-125000-C,105748.86,sell,1.0,1.0,,,,,,,1747712269.269
1475,367406578,1747712269269,3,0.0012,0.00138417,53.28,BTC-30MAY25-125000-C,105748.86,sell,2.0,2.0,,,,,,,1747712269.269
1479,367406582,1747712269272,3,0.0012,0.00138417,53.28,BTC-30MAY25-125000-C,105748.86,buy,0.9,0.9,,,,,,,1747712269.272
1478,367406581,1747712269272,3,0.0012,0.00138417,53.28,BTC-30MAY25-125000-C,105748.86,buy,2.1,2.1,,,,,,,1747712269.272
1480,367406583,1747712269276,3,0.0012,0.00138417,53.28,BTC-30MAY25-125000-C,105748.86,buy,1.0,1.0,,,,,,,1747712269.276
1481,367406584,1747712269277,3,0.0012,0.00138417,53.28,BTC-30MAY25-125000-C,105748.86,buy,1.4,1.4,,,,,,,1747712269.277
1482,367407259,1747712853582,0,0.0013,0.00126025,54.26,BTC-30MAY25-125000-C,105683.24,sell,0.5,0.5,,,,,,,1747712853.582
1484,367419851,1747718591202,1,0.0016,0.00143132,54.78,BTC-30MAY25-125000-C,106329.0,buy,0.1,0.1,,,,,,,1747718591.202
1483,367419850,1747718591202,0,0.0016,0.00143132,54.78,BTC-30MAY25-125000-C,106329.0,buy,1.9,1.9,,,,,,,1747718591.202
1485,367422539,1747721335768,2,0.0013,0.00138623,53.72,BTC-30MAY25-125000-C,105955.61,sell,0.1,0.1,,,,,,,1747721335.768
1486,367424294,1747722440370,2,0.0012,0.00120392,54.32,BTC-30MAY25-125000-C,105441.02,sell,0.1,0.1,,,,,,,1747722440.37
1487,367428610,1747725725365,2,0.0011,0.00114059,53.29,BTC-30MAY25-125000-C,105551.36,sell,0.1,0.1,,,,,,,1747725725.365
1488,367430177,1747726694741,3,0.0011,0.00108633,54.1,BTC-30MAY25-125000-C,105246.43,sell,0.5,0.5,,,,,,,1747726694.741
1489,367430178,1747726694741,3,0.0011,0.00108633,54.1,BTC-30MAY25-125000-C,105246.43,sell,0.1,0.1,,,,,,,1747726694.741
1490,367431161,1747727002150,2,0.001,0.00103804,53.53,BTC-30MAY25-125000-C,105148.99,sell,0.1,0.1,,,,,,,1747727002.15
1491,367450991,1747734053809,0,0.0011,0.00097983,54.12,BTC-30MAY25-125000-C,105379.03,buy,1.0,1.0,,,,,,,1747734053.809
1492,367496891,1747758287028,2,0.0008,0.00084549,52.19,BTC-30MAY25-125000-C,105377.02,sell,0.1,0.1,,,,,,,1747758287.028
1493,367499590,1747758780804,3,0.0008,0.00084739,52.24,BTC-30MAY25-125000-C,105360.66,sell,0.1,0.1,,,,,,,1747758780.804
1494,367499788,1747758798634,2,0.0007,0.00083875,51.22,BTC-30MAY25-125000-C,105340.37,sell,1.0,1.0,,,,,,,1747758798.634
1496,367499790,1747758798634,3,0.0007,0.00083875,51.22,BTC-30MAY25-125000-C,105340.37,sell,23.6,23.6,,,,,,,1747758798.634
1495,367499789,1747758798634,3,0.0007,0.00083875,51.22,BTC-30MAY25-125000-C,105340.37,sell,2.0,2.0,,,,,,,1747758798.634
1497,367499791,1747758798637,3,0.0007,0.00083875,51.22,BTC-30MAY25-125000-C,105340.37,buy,3.3,3.3,,,,,,,1747758798.637
1498,367518268,1747764929381,0,0.0013,0.00112969,54.28,BTC-30MAY25-125000-C,106338.23,buy,0.2,0.2,,,,,,,1747764929.381
1499,367520748,1747765833758,2,0.001,0.00100511,53.26,BTC-30MAY25-125000-C,105793.57,sell,0.1,0.1,,,,,,,1747765833.758
1501,367531594,1747770733205,1,0.0016,0.00145183,54.94,BTC-30MAY25-125000-C,106941.38,buy,0.1,0.1,,,,,,,1747770733.205
1500,367531593,1747770733205,0,0.0016,0.00145183,54.94,BTC-30MAY25-125000-C,106941.38,buy,0.1,0.1,,,,,,,1747770733.205
1502,367531595,1747770733213,1,0.0016,0.00145183,54.94,BTC-30MAY25-125000-C,106941.38,sell,0.4,0.4,,,,,,,1747770733.213
1503,367531607,1747770736594,1,0.0016,0.0014583,54.92,BTC-30MAY25-125000-C,106949.65,sell,0.8,0.8,,,,,,,1747770736.594
1504,367546925,1747775213301,0,0.0018,0.00179154,55.85,BTC-30MAY25-125000-C,107066.06,buy,1.3,1.3,,,,,,,1747775213.301
1505,367563275,1747783928991,2,0.0017,0.00176337,55.79,BTC-30MAY25-125000-C,106981.41,sell,0.1,0.1,,,,,,,1747783928.991
1506,367565563,1747785921468,2,0.0016,0.00158192,55.75,BTC-30MAY25-125000-C,106780.77,sell,0.1,0.1,,,,,,,1747785921.468
1507,367568184,1747786956792,2,0.0015,0.00152748,55.18,BTC-30MAY25-125000-C,106760.21,sell,0.1,0.1,,,,,,,1747786956.792
1508,367568204,1747786967909,3,0.0015,0.0015322,55.15,BTC-30MAY25-125000-C,106768.99,buy,9.8,9.8,,,,,,,1747786967.909
1509,367571245,1747789434833,0,0.0018,0.00164543,56.88,BTC-30MAY25-125000-C,106881.6,buy,0.1,0.1,,,,,,,1747789434.833
1510,367574712,1747792916286,2,0.0013,0.00144665,54.97,BTC-30MAY25-125000-C,106412.0,sell,0.1,0.1,,,,,,,1747792916.286
1511,367574754,1747792933397,3,0.0013,0.0014423,54.94,BTC-30MAY25-125000-C,106424.04,sell,0.1,0.1,,,,,,,1747792933.397
1512,367584307,1747802090685,0,0.0018,0.00169916,57.09,BTC-30MAY25-125000-C,106987.23,buy,10.0,10.0,,,,,,,1747802090.685
1514,367596438,1747804341807,1,0.002,0.00200015,56.5,BTC-30MAY25-125000-C,107620.74,buy,10.0,10.0,,,,,,,1747804341.807
1513,367596437,1747804341807,0,0.002,0.00200015,56.5,BTC-30MAY25-125000-C,107620.74,buy,0.1,0.1,,,,,,,1747804341.807
1515,367599645,1747806285250,0,0.0023,0.0020838,58.72,BTC-30MAY25-125000-C,107453.46,sell,0.2,0.2,,,,,,,1747806285.25
1516,367599646,1747806285263,1,0.0023,0.0020838,58.72,BTC-30MAY25-125000-C,107453.46,sell,1.8,1.8,,,,,,,1747806285.263
1517,367600569,1747807024416,0,0.0025,0.00230062,59.22,BTC-30MAY25-125000-C,107650.32,buy,20.0,20.0,,,,,,,1747807024.416
1518,367606399,1747809493196,2,0.0024,0.00244107,58.17,BTC-30MAY25-125000-C,107881.96,sell,0.1,0.1,,,,,,,1747809493.196
1519,367607851,1747810434074,0,0.0025,0.00253728,58.65,BTC-30MAY25-125000-C,107876.18,sell,0.1,0.1,,,,,,,1747810434.074
1520,367608582,1747810962787,2,0.0024,0.00247715,58.57,BTC-30MAY25-125000-C,107751.1,sell,0.1,0.1,,,,,,,1747810962.787
1521,367608983,1747811472843,3,0.0024,0.00248812,58.52,BTC-30MAY25-125000-C,107762.06,sell,0.1,0.1,,,,,,,1747811472.843
1522,367628898,1747819311138,2,0.0016,0.00165162,58.28,BTC-30MAY25-125000-C,106324.78,sell,0.1,0.1,,,,,,,1747819311.138
1523,367639796,1747829628247,0,0.0017,0.00159024,58.86,BTC-30MAY25-125000-C,106522.59,buy,0.2,0.2,,,,,,,1747829628.247
1524,367661977,1747839112776,0,0.0022,0.00225461,56.9,BTC-30MAY25-125000-C,108364.99,sell,0.1,0.1,,,,,,,1747839112.776
1525,367662481,1747839145999,1,0.0022,0.00222471,56.88,BTC-30MAY25-125000-C,108378.46,buy,1.0,1.0,,,,,,,1747839145.999
1526,367662567,1747839155128,1,0.0022,0.00219283,57.03,BTC-30MAY25-125000-C,108333.55,buy,1.0,1.0,,,,,,,1747839155.128
1527,367662907,1747839187192,1,0.0022,0.00225613,56.46,BTC-30MAY25-125000-C,108517.76,buy,2.0,2.0,,,,,,,1747839187.192
1528,367662959,1747839193411,1,0.0022,0.00226174,56.46,BTC-30MAY25-125000-C,108519.03,buy,0.9,0.9,,,,,,,1747839193.411
1529,367670681,1747839768555,0,0.0025,0.00247397,56.68,BTC-30MAY25-125000-C,108983.53,buy,10.0,10.0,,,,,,,1747839768.555
1530,367675080,1747840019645,0,0.0028,0.00282449,56.97,BTC-30MAY25-125000-C,109381.3,sell,0.1,0.1,,,,,,,1747840019.645
1532,367676985,1747840205680,3,0.0025,0.00274395,55.68,BTC-30MAY25-125000-C,109335.35,sell,4.2,4.2,,,,,,,1747840205.68
1531,367676984,1747840205680,2,0.0025,0.00274395,55.68,BTC-30MAY25-125000-C,109335.35,sell,2.0,2.0,,,,,,,1747840205.68
1533,367676986,1747840205680,3,0.0025,0.00274395,55.68,BTC-30MAY25-125000-C,109335.35,sell,0.2,0.2,,,,,,,1747840205.68
1534,367676987,1747840205697,3,0.0025,0.00274395,55.68,BTC-30MAY25-125000-C,109335.35,sell,1.0,1.0,,,,,,,1747840205.697
1535,367676997,1747840208322,3,0.0025,0.00276207,55.66,BTC-30MAY25-125000-C,109342.78,sell,2.1,2.1,,,,,,,1747840208.322
1536,367677541,1747840263712,3,0.0025,0.00269296,55.88,BTC-30MAY25-125000-C,109256.96,buy,0.2,0.2,,,,,,,1747840263.712
1537,367677550,1747840264654,3,0.0025,0.00268645,55.92,BTC-30MAY25-125000-C,109244.09,buy,0.1,0.1,,,,,,,1747840264.654
1538,367677555,1747840264770,3,0.0025,0.00268645,55.92,BTC-30MAY25-125000-C,109244.09,buy,0.1,0.1,,,,,,,1747840264.77
1539,367677556,1747840264796,2,0.0023,0.00268645,54.91,BTC-30MAY25-125000-C,109244.09,sell,0.2,0.2,,,,,,,1747840264.796
1540,367677891,1747840274647,3,0.0023,0.00262037,54.97,BTC-30MAY25-125000-C,109219.5,sell,0.6,0.6,,,,,,,1747840274.647
1541,367678083,1747840305319,0,0.0025,0.0025428,56.29,BTC-30MAY25-125000-C,109115.98,buy,10.8,10.8,,,,,,,1747840305.319
1542,367679198,1747840407004,2,0.0022,0.00236492,55.47,BTC-30MAY25-125000-C,108881.04,sell,0.1,0.1,,,,,,,1747840407.004
1545,367680910,1747840580972,3,0.0022,0.00255073,54.21,BTC-30MAY25-125000-C,109320.8,sell,13.9,13.9,,,,,,,1747840580.972
1543,367680908,1747840580972,3,0.0022,0.00255073,54.21,BTC-30MAY25-125000-C,109320.8,sell,2.1,2.1,,,,,,,1747840580.972
1544,367680909,1747840580972,3,0.0022,0.00255073,54.21,BTC-30MAY25-125000-C,109320.8,sell,1.0,1.0,,,,,,,1747840580.972
1546,367680911,1747840581266,0,0.0025,0.00255073,55.73,BTC-30MAY25-125000-C,109320.8,buy,11.0,11.0,,,,,,,1747840581.266
1547,367682441,1747840776596,2,0.0022,0.00233622,54.89,BTC-30MAY25-125000-C,109084.2,sell,0.1,0.1,,,,,,,1747840776.596
1548,367682455,1747840780629,3,0.0022,0.00233292,54.89,BTC-30MAY25-125000-C,109082.19,buy,10.6,10.6,,,,,,,1747840780.629
1549,367682460,1747840782957,2,0.0021,0.00233777,54.32,BTC-30MAY25-125000-C,109092.72,sell,2.1,2.1,,,,,,,1747840782.957
1550,367682692,1747840819544,3,0.0021,0.00229643,54.39,BTC-30MAY25-125000-C,109064.56,sell,0.1,0.1,,,,,,,1747840819.544
1551,367684173,1747841059018,3,0.0021,0.0023383,54.02,BTC-30MAY25-125000-C,109195.91,sell,7.1,7.1,,,,,,,1747841059.018
1552,367684174,1747841059018,3,0.0021,0.0023383,54.02,BTC-30MAY25-125000-C,109195.91,sell,0.2,0.2,,,,,,,1747841059.018
1553,367684176,1747841060792,0,0.0022,0.00233311,54.56,BTC-30MAY25-125000-C,109191.82,buy,4.1,4.1,,,,,,,1747841060.792
1554,367684324,1747841076303,0,0.0023,0.00228175,55.14,BTC-30MAY25-125000-C,109180.58,sell,0.1,0.1,,,,,,,1747841076.303
1555,367684727,1747841141441,2,0.0021,0.00225959,54.08,BTC-30MAY25-125000-C,109194.93,sell,0.1,0.1,,,,,,,1747841141.441
1556,367684731,1747841146315,0,0.0023,0.00226063,55.14,BTC-30MAY25-125000-C,109194.77,buy,0.1,0.1,,,,,,,1747841146.315
1557,367686873,1747841530468,2,0.0022,0.00211552,55.03,BTC-30MAY25-125000-C,109038.3,buy,1.0,1.0,,,,,,,1747841530.468
1558,367694011,1747842889458,3,0.0022,0.00207472,54.81,BTC-30MAY25-125000-C,109155.29,sell,0.5,0.5,,,,,,,1747842889.458
1559,367700338,1747845105519,3,0.0022,0.00224543,54.49,BTC-30MAY25-125000-C,109275.67,sell,0.1,0.1,,,,,,,1747845105.519
1560,367701160,1747845279715,3,0.0022,0.00229828,53.67,BTC-30MAY25-125000-C,109542.48,buy,2.0,2.0,,,,,,,1747845279.715
1561,367702808,1747845433979,0,0.0023,0.00236409,53.99,BTC-30MAY25-125000-C,109606.72,sell,0.1,0.1,,,,,,,1747845433.979
1562,367703222,1747845531276,1,0.0023,0.00240103,53.69,BTC-30MAY25-125000-C,109712.0,buy,1.4,1.4,,,,,,,1747845531.276
1563,367705829,1747846224788,0,0.0025,0.0024178,54.79,BTC-30MAY25-125000-C,109679.59,sell,0.1,0.1,,,,,,,1747846224.788
1564,367708992,1747847374052,2,0.0019,0.00208902,53.46,BTC-30MAY25-125000-C,109062.1,sell,100.0,100.0,,,,4.0,BLOCK-199990,,1747847374.052
1565,367709027,1747847384574,0,0.002,0.00210544,53.94,BTC-30MAY25-125000-C,109090.37,sell,8.4,8.4,,BTC-CLAD-30MAY25-120000_125000_130000,,3.0,BLOCK-199991,,1747847384.574
1566,367709039,1747847389187,2,0.0019,0.00210543,53.4,BTC-30MAY25-125000-C,109079.97,sell,100.0,100.0,,BTC-CLAD-30MAY25-120000_125000_130000,,3.0,BLOCK-199992,,1747847389.187
1567,367709086,1747847395006,0,0.0022,0.00209288,55.11,BTC-30MAY25-125000-C,109065.32,sell,47.6,47.6,,BTC-CLAD-30MAY25-120000_125000_130000,,3.0,BLOCK-199993,,1747847395.006
1568,367709181,1747847400919,1,0.0022,0.00207736,55.19,BTC-30MAY25-125000-C,109037.01,sell,44.9,44.9,,BTC-CLAD-30MAY25-120000_125000_130000,,3.0,BLOCK-199994,,1747847400.919
1569,367709655,1747847475540,2,0.0018,0.00212677,52.64,BTC-30MAY25-125000-C,109131.2,sell,181.7,181.7,,BTC-CLAD-30MAY25-120000_125000_130000,,3.0,BLOCK-199995,,1747847475.54
1570,367709669,1747847477981,0,0.002,0.00212634,53.83,BTC-30MAY25-125000-C,109119.53,sell,111.6,111.6,,BTC-CLAD-30MAY25-120000_125000_130000,,3.0,BLOCK-199996,,1747847477.981
1571,367709673,1747847478040,1,0.002,0.00212634,53.83,BTC-30MAY25-125000-C,109119.53,sell,8.4,8.4,,BTC-CLAD-30MAY25-120000_125000_130000,,3.0,BLOCK-199997,,1747847478.04
1572,367710413,1747847593792,2,0.0018,0.00200015,53.27,BTC-30MAY25-125000-C,108903.66,sell,25.0,25.0,,BTC-CLAD-30MAY25-120000_125000_130000,,3.0,BLOCK-199999,,1747847593.792
1573,367710479,1747847608641,3,0.0018,0.00204038,53.0,BTC-30MAY25-125000-C,108995.59,sell,100.0,100.0,,BTC-CLAD-30MAY25-120000_125000_130000,,3.0,BLOCK-200000,,1747847608.641
1574,367710486,1747847611608,0,0.0021,0.00205217,54.7,BTC-30MAY25-125000-C,108999.98,sell,43.7,43.7,,BTC-CLAD-30MAY25-120000_125000_130000,,3.0,BLOCK-200001,,1747847611.608
1575,367710516,1747847615591,2,0.0018,0.00205137,53.01,BTC-30MAY25-125000-C,108992.86,sell,8.4,8.4,,BTC-CLAD-30MAY25-120000_125000_130000,,3.0,BLOCK-200002,,1747847615.591
1576,367710518,1747847615642,0,0.0021,0.00205137,54.72,BTC-30MAY25-125000-C,108992.86,sell,50.0,50.0,,BTC-CLAD-30MAY25-120000_125000_130000,,3.0,BLOCK-200003,,1747847615.642
1577,367710536,1747847629129,2,0.0019,0.00203951,53.64,BTC-30MAY25-125000-C,108980.75,sell,0.1,0.1,,,,,,,1747847629.129
1578,367710948,1747847779781,3,0.0019,0.00200517,53.76,BTC-30MAY25-125000-C,108946.65,buy,0.2,0.2,,,,,,,1747847779.781
1579,367711480,1747847867404,0,0.002,0.00192614,54.8,BTC-30MAY25-125000-C,108789.87,sell,45.1,45.1,,BTC-CLAD-30MAY25-120000_125000_130000,,3.0,BLOCK-200004,,1747847867.404
1580,367721383,1747848574453,2,0.0013,0.001262,55.03,BTC-30MAY25-125000-C,107102.4,sell,0.9,0.9,,,,,,,1747848574.453
1581,367721384,1747848574453,3,0.0013,0.001262,55.03,BTC-30MAY25-125000-C,107102.4,sell,0.1,0.1,,,,,,,1747848574.453
1582,367729552,1747848946007,2,0.0012,0.00130648,53.64,BTC-30MAY25-125000-C,107305.61,sell,0.1,0.1,,,,,,,1747848946.007
1583,367733557,1747849182576,3,0.0012,0.00124854,53.16,BTC-30MAY25-125000-C,107499.35,buy,6.1,6.1,,,,,,,1747849182.576
1584,367733558,1747849182588,3,0.0012,0.00124854,53.16,BTC-30MAY25-125000-C,107499.35,buy,0.2,0.2,,,,,,,1747849182.588
1585,367733559,1747849182601,3,0.0012,0.00124854,53.16,BTC-30MAY25-125000-C,107499.35,buy,0.1,0.1,,,,,,,1747849182.601
1586,367733567,1747849184474,3,0.0012,0.00125789,53.09,BTC-30MAY25-125000-C,107524.23,buy,0.1,0.1,,,,,,,1747849184.474
1587,367733581,1747849184940,3,0.0012,0.00126685,53.06,BTC-30MAY25-125000-C,107531.36,buy,0.2,0.2,,,,,,,1747849184.94
1588,367733582,1747849184951,3,0.0012,0.00126685,53.06,BTC-30MAY25-125000-C,107531.36,buy,0.1,0.1,,,,,,,1747849184.951
1589,367733584,1747849184962,3,0.0012,0.00126685,53.06,BTC-30MAY25-125000-C,107531.36,buy,0.1,0.1,,,,,,,1747849184.962
1590,367733585,1747849185081,3,0.0012,0.00126685,53.06,BTC-30MAY25-125000-C,107531.36,buy,3.0,3.0,,,,,,,1747849185.081
1591,367737332,1747849407608,3,0.0012,0.00115949,54.33,BTC-30MAY25-125000-C,107074.86,sell,0.1,0.1,,,,,,,1747849407.608
1592,367744061,1747849795938,2,0.001,0.0010523,53.74,BTC-30MAY25-125000-C,106695.42,sell,0.1,0.1,,,,,,,1747849795.938
1593,367744062,1747849795944,3,0.001,0.0010523,53.74,BTC-30MAY25-125000-C,106695.42,buy,3.0,3.0,,,,,,,1747849795.944
1594,367744063,1747849795946,3,0.001,0.0010523,53.74,BTC-30MAY25-125000-C,106695.42,buy,1.0,1.0,,,,,,,1747849795.946
1596,367744151,1747849810420,3,0.001,0.00100995,54.03,BTC-30MAY25-125000-C,106591.18,buy,4.1,4.1,,,,,,,1747849810.42
1595,367744150,1747849810420,3,0.001,0.00100995,54.03,BTC-30MAY25-125000-C,106591.18,buy,0.9,0.9,,,,,,,1747849810.42
1597,367744158,1747849814432,3,0.001,0.0009995,54.06,BTC-30MAY25-125000-C,106580.67,buy,0.9,0.9,,,,,,,1747849814.432
1598,367754307,1747851549900,0,0.0012,0.00110796,54.8,BTC-30MAY25-125000-C,106986.02,buy,1.0,1.0,,,,,,,1747851549.9
1599,367773202,1747856344545,1,0.0012,0.0012301,51.43,BTC-30MAY25-125000-C,108298.65,buy,8.9,8.9,,,,,,,1747856344.545
1600,367790167,1747861578293,0,0.0014,0.00146585,53.13,BTC-30MAY25-125000-C,108273.08,sell,0.1,0.1,,,,,,,1747861578.293
1601,367795973,1747866470137,1,0.0014,0.00137967,52.29,BTC-30MAY25-125000-C,108612.1,buy,0.9,0.9,,,,,,,1747866470.137
1602,367800252,1747868024525,0,0.0017,0.00167361,53.65,BTC-30MAY25-125000-C,108819.03,buy,0.1,0.1,,,,,,,1747868024.525
1603,367800254,1747868024578,1,0.0017,0.00167361,53.65,BTC-30MAY25-125000-C,108819.03,buy,0.1,0.1,,,,,,,1747868024.578
1604,367800255,1747868024674,1,0.0017,0.00167361,53.65,BTC-30MAY25-125000-C,108819.03,buy,0.1,0.1,,,,,,,1747868024.674
1605,367806641,1747869496564,0,0.0024,0.00248985,55.01,BTC-30MAY25-125000-C,109674.07,sell,0.1,0.1,,,,,,,1747869496.564
1606,367819995,1747870794945,0,0.0026,0.00243383,55.99,BTC-30MAY25-125000-C,109706.1,buy,0.2,0.2,367819992,BTC-ICOND-30MAY25-95000_101000_120000_125000,,,,,1747870794.945
1607,367823282,1747872005102,2,0.0022,0.00235219,54.03,BTC-30MAY25-125000-C,109690.32,sell,0.1,0.1,,,,,,,1747872005.102
1608,367823283,1747872005147,3,0.0022,0.00235219,54.03,BTC-30MAY25-125000-C,109690.32,buy,0.4,0.4,,,,,,,1747872005.147
1609,367825532,1747872598938,3,0.0022,0.00224665,53.31,BTC-30MAY25-125000-C,109937.11,buy,2.5,2.5,,,,,,,1747872598.938
1610,367828107,1747873313970,0,0.0024,0.00224777,54.41,BTC-30MAY25-125000-C,109939.67,buy,1.9,1.9,,,,,,,1747873313.97
1611,367828180,1747873359905,1,0.0024,0.00223363,54.51,BTC-30MAY25-125000-C,109902.12,buy,1.9,1.9,,,,,,,1747873359.905
1612,367830755,1747874196428,2,0.0023,0.00229289,54.3,BTC-30MAY25-125000-C,109810.01,buy,0.9,0.9,,,,,,,1747874196.428
1613,367842459,1747875796352,3,0.0023,0.00239543,53.29,BTC-30MAY25-125000-C,110132.65,buy,0.1,0.1,,,,,,,1747875796.352
1614,367843465,1747875842784,0,0.0025,0.00254708,53.51,BTC-30MAY25-125000-C,110381.99,buy,2.1,2.1,,,,,,,1747875842.784
1616,367882958,1747882649711,3,0.0023,0.00238218,52.64,BTC-30MAY25-125000-C,110537.15,sell,3.9,3.9,,,,,,,1747882649.711
1615,367882957,1747882649711,2,0.0023,0.00238218,52.64,BTC-30MAY25-125000-C,110537.15,sell,0.1,0.1,,,,,,,1747882649.711
1617,367886518,1747883370262,0,0.0026,0.00241123,53.73,BTC-30MAY25-125000-C,110652.62,sell,0.5,0.5,,,,,,,1747883370.262
1618,367886866,1747883512246,1,0.0026,0.00239492,53.9,BTC-30MAY25-125000-C,110602.15,sell,0.6,0.6,,,,,,,1747883512.246
1619,367904761,1747885898929,0,0.0034,0.00328258,53.73,BTC-30MAY25-125000-C,111739.07,sell,1.9,1.9,,,,,,,1747885898.929
1620,367904834,1747885899327,1,0.0034,0.00328258,53.73,BTC-30MAY25-125000-C,111739.07,sell,0.1,0.1,,,,,,,1747885899.327
1621,367910800,1747886423609,0,0.0035,0.00350988,54.35,BTC-30MAY25-125000-C,111731.17,buy,0.1,0.1,,,,,,,1747886423.609
1622,367922039,1747887925111,2,0.0029,0.00312094,53.3,BTC-30MAY25-125000-C,111312.01,sell,0.1,0.1,,,,,,,1747887925.111
1623,367922040,1747887925111,3,0.0029,0.00312094,53.3,BTC-30MAY25-125000-C,111312.01,sell,0.9,0.9,,,,,,,1747887925.111
1624,367922543,1747888013844,0,0.0032,0.00310864,54.57,BTC-30MAY25-125000-C,111318.19,sell,0.1,0.1,,,,,,,1747888013.844
1625,367924099,1747888280552,2,0.0031,0.00323114,53.75,BTC-30MAY25-125000-C,111445.17,sell,0.1,0.1,,,,,,,1747888280.552
1627,367933348,1747890392903,1,0.0035,0.00336171,54.88,BTC-30MAY25-125000-C,111642.04,buy,6.0,6.0,,,,,,,1747890392.903
1626,367933347,1747890392903,0,0.0035,0.00336171,54.88,BTC-30MAY25-125000-C,111642.04,buy,3.1,3.1,,,,,,,1747890392.903
1628,367933349,1747890392905,1,0.0035,0.00336171,54.88,BTC-30MAY25-125000-C,111642.04,sell,0.9,0.9,,,,,,,1747890392.905
1629,367943737,1747892229223,2,0.003,0.00305557,53.48,BTC-30MAY25-125000-C,111431.31,buy,0.1,0.1,,,,,,,1747892229.223
1630,367993267,1747902548719,2,0.0024,0.002437,53.27,BTC-30MAY25-125000-C,110729.62,sell,0.1,0.1,,,,,,,1747902548.719
1631,367998805,1747904480817,2,0.0022,0.00218452,53.42,BTC-30MAY25-125000-C,110369.19,sell,0.1,0.1,,,,,,,1747904480.817
1632,367998806,1747904480817,2,0.0021,0.00218452,52.88,BTC-30MAY25-125000-C,110369.19,sell,0.1,0.1,,,,,,,1747904480.817
1633,368000550,1747905224868,3,0.0021,0.00217353,52.69,BTC-30MAY25-125000-C,110444.08,sell,0.1,0.1,,,,,,,1747905224.868
1634,368000957,1747905343204,2,0.002,0.00207718,52.63,BTC-30MAY25-125000-C,110294.27,sell,0.9,0.9,,,,,,,1747905343.204
1635,368000958,1747905343211,3,0.002,0.00207718,52.63,BTC-30MAY25-125000-C,110294.27,buy,3.0,3.0,,,,,,,1747905343.211
1636,368000973,1747905345413,3,0.002,0.00208353,52.57,BTC-30MAY25-125000-C,110309.9,buy,1.1,1.1,,,,,,,1747905345.413
1637,368001482,1747905661434,3,0.002,0.00205073,51.92,BTC-30MAY25-125000-C,110531.82,buy,10.0,10.0,,,,,,,1747905661.434
1638,368003152,1747906679019,0,0.0023,0.00221462,53.04,BTC-30MAY25-125000-C,110684.58,buy,0.3,0.3,,,,,,,1747906679.019
1639,368003166,1747906684850,1,0.0023,0.00222513,53.02,BTC-30MAY25-125000-C,110691.44,buy,0.1,0.1,,,,,,,1747906684.85
1640,368003167,1747906684955,1,0.0023,0.00222513,53.02,BTC-30MAY25-125000-C,110691.44,buy,0.2,0.2,,,,,,,1747906684.955
1641,368003168,1747906687083,1,0.0023,0.00222216,53.01,BTC-30MAY25-125000-C,110692.41,buy,0.1,0.1,,,,,,,1747906687.083
1642,368003200,1747906697333,1,0.0023,0.0022387,52.93,BTC-30MAY25-125000-C,110715.74,buy,0.7,0.7,,,,,,,1747906697.333
1643,368003222,1747906713197,1,0.0023,0.00225297,52.87,BTC-30MAY25-125000-C,110734.81,buy,0.6,0.6,,,,,,,1747906713.197
1646,368009458,1747910636861,1,0.0024,0.00255499,53.19,BTC-30MAY25-125000-C,110844.12,sell,1.6,1.6,,,,,,,1747910636.861
1645,368009457,1747910636861,1,0.0024,0.00255499,53.19,BTC-30MAY25-125000-C,110844.12,sell,6.9,6.9,,,,,,,1747910636.861
1644,368009456,1747910636861,0,0.0024,0.00255499,53.19,BTC-30MAY25-125000-C,110844.12,sell,0.6,0.6,,,,,,,1747910636.861
1647,368009478,1747910661956,0,0.0027,0.00258096,54.47,BTC-30MAY25-125000-C,110893.69,buy,5.2,5.2,,,,,,,1747910661.956
1648,368009479,1747910661958,1,0.0027,0.00258096,54.47,BTC-30MAY25-125000-C,110893.69,sell,13.0,13.0,,,,,,,1747910661.958
1649,368013376,1747913090138,2,0.0024,0.00244722,53.76,BTC-30MAY25-125000-C,110681.93,sell,0.1,0.1,,,,,,,1747913090.138
1650,368013377,1747913090138,3,0.0024,0.00244722,53.76,BTC-30MAY25-125000-C,110681.93,sell,0.1,0.1,,,,,,,1747913090.138
1651,368013378,1747913100539,3,0.0024,0.00245261,53.74,BTC-30MAY25-125000-C,110686.7,sell,0.5,0.5,,,,,,,1747913100.539
1652,368020219,1747915737640,0,0.0027,0.00272053,53.73,BTC-30MAY25-125000-C,111167.67,buy,12.5,12.5,,BTC-RR-30MAY25-101000_125000,,2.0,BLOCK-200334,4397.0,1747915737.64
1653,368021071,1747916236975,2,0.0025,0.00254578,53.75,BTC-30MAY25-125000-C,110855.7,sell,0.1,0.1,,,,,,,1747916236.975
1654,368033218,1747919541035,0,0.003,0.00303741,54.43,BTC-30MAY25-125000-C,111410.06,sell,0.1,0.1,,,,,,,1747919541.035
1655,368038683,1747920780777,0,0.0031,0.00306466,54.44,BTC-30MAY25-125000-C,111569.61,buy,1.3,1.3,,,,,,,1747920780.777
1656,368062860,1747923266513,2,0.0026,0.00267591,54.84,BTC-30MAY25-125000-C,110780.1,sell,0.1,0.1,,,,,,,1747923266.513
1657,368068271,1747923828514,0,0.0027,0.00280948,54.46,BTC-30MAY25-125000-C,111044.04,sell,0.1,0.1,,,,,,,1747923828.514
1658,368071550,1747924214710,0,0.0028,0.00293398,54.22,BTC-30MAY25-125000-C,111276.22,sell,0.1,0.1,,,,,,,1747924214.71
1659,368073668,1747924445014,2,0.0027,0.00281701,53.75,BTC-30MAY25-125000-C,111286.53,buy,4.9,4.9,,,,,,,1747924445.014
1660,368074189,1747924517622,3,0.0027,0.00274049,54.13,BTC-30MAY25-125000-C,111168.38,sell,0.1,0.1,,,,,,,1747924517.622
1661,368097455,1747928679057,2,0.0026,0.00275018,52.79,BTC-30MAY25-125000-C,111489.46,buy,0.1,0.1,,,,,,,1747928679.057
1662,368105391,1747931538450,2,0.0024,0.00240815,53.01,BTC-30MAY25-125000-C,111133.48,sell,0.1,0.1,,,,,,,1747931538.45
1663,368105392,1747931538453,3,0.0024,0.00240815,53.01,BTC-30MAY25-125000-C,111133.48,buy,0.8,0.8,,,,,,,1747931538.453
1664,368105399,1747931559376,3,0.0024,0.0024049,53.0,BTC-30MAY25-125000-C,111136.67,buy,0.1,0.1,,,,,,,1747931559.376
1665,368106045,1747931783646,0,0.0025,0.00248399,53.14,BTC-30MAY25-125000-C,111263.07,buy,1.9,1.9,,,,,,,1747931783.646
1666,368106066,1747931789813,1,0.0025,0.00245457,53.3,BTC-30MAY25-125000-C,111217.05,buy,1.4,1.4,,,,,,,1747931789.813
1667,368107465,1747932597755,0,0.0027,0.00252776,53.8,BTC-30MAY25-125000-C,111375.66,buy,0.4,0.4,,,,,,,1747932597.755
1668,368115455,1747935319448,0,0.0032,0.0030516,54.23,BTC-30MAY25-125000-C,111943.49,buy,1.0,1.0,,,,,,,1747935319.448
1669,368115503,1747935322763,1,0.0032,0.00305758,54.21,BTC-30MAY25-125000-C,111949.64,sell,0.1,0.1,,,,,,,1747935322.763
1670,368131192,1747943235396,2,0.003,0.00290543,56.3,BTC-30MAY25-125000-C,111196.12,sell,0.2,0.2,,,,,,,1747943235.396
1671,368131692,1747943270819,3,0.003,0.00285866,56.69,BTC-30MAY25-125000-C,111084.35,sell,0.1,0.1,,,,,,,1747943270.819
1672,368131782,1747943274408,3,0.003,0.00284034,56.82,BTC-30MAY25-125000-C,111043.24,sell,0.1,0.1,,,,,,,1747943274.408
1673,368133206,1747943541327,3,0.003,0.00301573,56.12,BTC-30MAY25-125000-C,111266.55,sell,0.6,0.6,,,,,,,1747943541.327
1674,368138861,1747946047649,2,0.0028,0.00279202,55.92,BTC-30MAY25-125000-C,111073.0,sell,1.0,1.0,,,,,,,1747946047.649
1675,368139521,1747946157805,2,0.0026,0.00267004,55.5,BTC-30MAY25-125000-C,110912.45,sell,0.1,0.1,,,,,,,1747946157.805
1676,368139766,1747946302721,3,0.0026,0.0026615,55.38,BTC-30MAY25-125000-C,110941.74,buy,0.9,0.9,,,,,,,1747946302.721
1677,368140606,1747946543378,3,0.0026,0.00266404,55.44,BTC-30MAY25-125000-C,110953.24,sell,0.1,0.1,,,,,,,1747946543.378
1678,368140607,1747946543381,3,0.0026,0.00266404,55.44,BTC-30MAY25-125000-C,110953.24,buy,0.2,0.2,,,,,,,1747946543.381
1679,368140628,1747946570015,3,0.0026,0.00266899,55.43,BTC-30MAY25-125000-C,110956.54,buy,0.4,0.4,,,,,,,1747946570.015
1680,368141447,1747947017324,0,0.003,0.00278655,56.6,BTC-30MAY25-125000-C,111170.33,buy,0.1,0.1,,,,,,,1747947017.324
1681,368143039,1747948093215,2,0.0026,0.00262903,55.39,BTC-30MAY25-125000-C,111001.69,sell,0.1,0.1,,,,,,,1747948093.215
1682,368149294,1747953232523,2,0.0024,0.00255349,53.87,BTC-30MAY25-125000-C,111201.35,buy,1.0,1.0,,,,,,,1747953232.523
1683,368151895,1747956961500,3,0.0024,0.00255375,53.19,BTC-30MAY25-125000-C,111457.14,sell,0.1,0.1,368151893,BTC-STRG-30MAY25-102000_125000,,,,,1747956961.5
1684,368152395,1747957576066,0,0.0027,0.00257671,54.7,BTC-30MAY25-125000-C,111429.22,buy,2.1,2.1,,,,,,,1747957576.066
1685,368152752,1747957699908,0,0.0028,0.00268524,54.66,BTC-30MAY25-125000-C,111577.68,buy,2.1,2.1,,,,,,,1747957699.908
1686,368153203,1747957870627,0,0.0029,0.0027773,54.68,BTC-30MAY25-125000-C,111707.81,buy,2.1,2.1,,,,,,,1747957870.627
1687,368157558,1747960684990,2,0.0026,0.00266538,53.99,BTC-30MAY25-125000-C,111518.53,buy,1.9,1.9,,,,,,,1747960684.99
1688,368157585,1747960735234,3,0.0026,0.0026324,54.13,BTC-30MAY25-125000-C,111483.49,buy,1.9,1.9,,,,,,,1747960735.234
1689,368163394,1747964373536,0,0.0027,0.00265291,54.86,BTC-30MAY25-125000-C,111454.63,buy,7.0,7.0,,BTC-CBUT-30MAY25-115000_120000_125000,,3.0,BLOCK-200503,,1747964373.536
1690,368167268,1747967444692,1,0.0027,0.00267291,54.53,BTC-30MAY25-125000-C,111595.46,buy,1.9,1.9,,,,,,,1747967444.692
1691,368171080,1747970497288,2,0.0026,0.00248127,55.28,BTC-30MAY25-125000-C,111264.96,buy,0.1,0.1,368171077,BTC-CBUT-30MAY25-115000_120000_125000,,,,,1747970497.288
1692,368171112,1747970558042,3,0.0026,0.00245349,55.44,BTC-30MAY25-125000-C,111219.68,sell,1.9,1.9,368171109,BTC-CBUT-30MAY25-115000_120000_125000,,,,,1747970558.042
1693,368175585,1747974060724,3,0.0026,0.00219772,56.61,BTC-30MAY25-125000-C,110917.52,sell,0.1,0.1,368175583,BTC-CBUT-30MAY25-115000_120000_125000,,,,,1747974060.724
1694,368180683,1747975343420,3,0.0026,0.00210334,57.73,BTC-30MAY25-125000-C,110595.64,sell,0.1,0.1,368180681,BTC-CBUT-30MAY25-115000_120000_125000,,,,,1747975343.42
