trade_seq,trade_id,timestamp,tick_direction,price,mark_price,iv,instrument_name,index_price,direction,contracts,amount,block_trade_leg_count,block_trade_id,block_rfq_id,combo_id,combo_trade_id,unix_sec
1158,364031806,1746054567870,2,0.0275,0.027324,43.54,BTC-30MAY25-90000-P,94193.24,sell,1.0,1.0,,,,,,1746054567.87
1159,364031840,1746054617908,3,0.0275,0.0272757,43.59,BTC-30MAY25-90000-P,94204.93,sell,1.0,1.0,,,,,,1746054617.908
1160,364031841,1746054617913,3,0.0275,0.0272757,43.59,BTC-30MAY25-90000-P,94204.93,sell,1.0,1.0,,,,,,1746054617.913
1161,364032793,1746056067897,2,0.027,0.0270096,43.49,BTC-30MAY25-90000-P,94311.02,sell,0.3,0.3,,,,,,1746056067.897
1162,364032798,1746056068007,3,0.027,0.0270096,43.49,BTC-30MAY25-90000-P,94311.02,sell,0.7,0.7,,,,,,1746056068.007
1163,364035576,1746059045926,3,0.027,0.02690376,43.29,BTC-30MAY25-90000-P,94260.5,sell,0.1,0.1,,,,,,1746059045.926
1164,364035580,1746059045954,3,0.027,0.02690376,43.29,BTC-30MAY25-90000-P,94260.5,sell,0.1,0.1,,,,,,1746059045.954
1165,364035581,1746059045964,3,0.027,0.02690376,43.29,BTC-30MAY25-90000-P,94260.5,sell,0.1,0.1,,,,,,1746059045.964
1166,364035582,1746059049136,3,0.027,0.02690967,43.32,BTC-30MAY25-90000-P,94269.33,sell,0.1,0.1,,,,,,1746059049.136
1167,364035583,1746059049140,3,0.027,0.02690967,43.32,BTC-30MAY25-90000-P,94269.33,sell,0.1,0.1,,,,,,1746059049.14
1168,364035585,1746059050874,3,0.027,0.02687731,43.32,BTC-30MAY25-90000-P,94269.9,sell,0.1,0.1,,,,,,1746059050.874
1169,364035586,1746059051855,3,0.027,0.02687547,43.33,BTC-30MAY25-90000-P,94272.64,sell,0.1,0.1,,,,,,1746059051.855
1170,364035587,1746059052406,3,0.027,0.02687585,43.34,BTC-30MAY25-90000-P,94273.6,sell,0.1,0.1,,,,,,1746059052.406
1171,364035588,1746059052563,3,0.027,0.02687585,43.34,BTC-30MAY25-90000-P,94273.6,sell,0.1,0.1,,,,,,1746059052.563
1172,364035589,1746059053073,3,0.027,0.02687585,43.34,BTC-30MAY25-90000-P,94273.6,sell,0.1,0.1,,,,,,1746059053.073
1173,364036828,1746061338516,2,0.0265,0.02642688,43.4,BTC-30MAY25-90000-P,94427.66,sell,1.0,1.0,,,,,,1746061338.516
1174,364036962,1746061508973,2,0.026,0.026159,43.15,BTC-30MAY25-90000-P,94501.17,buy,0.1,0.1,,,,,,1746061508.973
1175,364037374,1746061736878,3,0.026,0.02597647,43.33,BTC-30MAY25-90000-P,94551.71,sell,0.9,0.9,,,,,,1746061736.878
1176,364039924,1746065264874,2,0.0255,0.02552945,43.53,BTC-30MAY25-90000-P,94743.86,sell,0.6,0.6,,,,,,1746065264.874
1177,364039974,1746065265547,3,0.0255,0.02551935,43.53,BTC-30MAY25-90000-P,94744.73,sell,0.4,0.4,,,,,,1746065265.547
1178,364043590,1746069225548,2,0.025,0.02479664,43.44,BTC-30MAY25-90000-P,94863.75,buy,0.6,0.6,,,,,,1746069225.548
1179,364047985,1746076210585,2,0.024,0.02451151,42.8,BTC-30MAY25-90000-P,94935.14,sell,0.5,0.5,,,,,,1746076210.585
1180,364051730,1746080901959,0,0.0245,0.02418889,43.71,BTC-30MAY25-90000-P,95038.55,buy,0.1,0.1,,,,,,1746080901.959
1181,364053254,1746082911120,0,0.025,0.0247401,43.52,BTC-30MAY25-90000-P,94838.15,buy,0.9,0.9,,,,,,1746082911.12
1182,364053255,1746082911120,1,0.025,0.0247401,43.52,BTC-30MAY25-90000-P,94838.15,buy,0.9,0.9,,,,,,1746082911.12
1183,364053256,1746082911122,1,0.025,0.0247401,43.52,BTC-30MAY25-90000-P,94838.15,sell,8.1,8.1,,,,,,1746082911.122
1184,364057861,1746088874262,2,0.024,0.02398077,43.56,BTC-30MAY25-90000-P,95096.17,buy,0.7,0.7,,,,,,1746088874.262
1185,364060038,1746091669689,2,0.023,0.02309131,43.36,BTC-30MAY25-90000-P,95321.82,sell,0.1,0.1,,,,,,1746091669.689
1186,364071999,1746095112064,2,0.021,0.02095935,44.57,BTC-30MAY25-90000-P,96291.12,sell,0.2,0.2,,,,,,1746095112.064
1187,364072029,1746095124431,3,0.021,0.02091213,44.67,BTC-30MAY25-90000-P,96323.59,buy,0.3,0.3,,,,,,1746095124.431
1189,364072932,1746095432843,1,0.0215,0.02095658,45.27,BTC-30MAY25-90000-P,96334.03,buy,10.8,10.8,,,,,,1746095432.843
1192,364072935,1746095432843,1,0.0215,0.02095658,45.27,BTC-30MAY25-90000-P,96334.03,buy,3.1,3.1,,,,,,1746095432.843
1191,364072934,1746095432843,1,0.0215,0.02095658,45.27,BTC-30MAY25-90000-P,96334.03,buy,5.0,5.0,,,,,,1746095432.843
1190,364072933,1746095432843,1,0.0215,0.02095658,45.27,BTC-30MAY25-90000-P,96334.03,buy,10.8,10.8,,,,,,1746095432.843
1188,364072931,1746095432843,0,0.0215,0.02095658,45.27,BTC-30MAY25-90000-P,96334.03,buy,0.3,0.3,,,,,,1746095432.843
1193,364089314,1746100920268,0,0.022,0.02161488,45.34,BTC-30MAY25-90000-P,96191.93,buy,0.5,0.5,,,,,,1746100920.268
1194,364093616,1746102164882,2,0.021,0.02116474,44.78,BTC-30MAY25-90000-P,96336.02,buy,0.1,0.1,,,,,,1746102164.882
1195,364094062,1746102269356,3,0.021,0.02104513,44.91,BTC-30MAY25-90000-P,96382.5,buy,0.2,0.2,,,,,,1746102269.356
1196,364094956,1746102600631,0,0.0215,0.02148815,44.98,BTC-30MAY25-90000-P,96247.92,buy,1.3,1.3,,,,,,1746102600.631
1197,364094957,1746102600725,1,0.0215,0.02148815,44.98,BTC-30MAY25-90000-P,96247.92,buy,0.2,0.2,,,,,,1746102600.725
1198,364094958,1746102600730,1,0.0215,0.02148815,44.98,BTC-30MAY25-90000-P,96247.92,buy,0.2,0.2,,,,,,1746102600.73
1199,364095151,1746102606210,1,0.0215,0.02162617,44.83,BTC-30MAY25-90000-P,96201.86,buy,0.1,0.1,,,,,,1746102606.21
1200,364095313,1746102627310,1,0.0215,0.0216611,44.77,BTC-30MAY25-90000-P,96183.89,buy,0.1,0.1,,,,,,1746102627.31
1201,364095330,1746102628878,1,0.0215,0.02166866,44.74,BTC-30MAY25-90000-P,96174.5,buy,1.1,1.1,,,,,,1746102628.878
1202,364097860,1746103353938,2,0.021,0.02090323,45.12,BTC-30MAY25-90000-P,96436.92,buy,0.1,0.1,,,,,,1746103353.938
1203,364099586,1746104204186,3,0.021,0.02104718,44.99,BTC-30MAY25-90000-P,96406.37,buy,0.1,0.1,,,,,,1746104204.186
1204,364099618,1746104225999,3,0.021,0.0210404,45.0,BTC-30MAY25-90000-P,96407.98,sell,0.1,0.1,,,,,,1746104225.999
1205,364099620,1746104231641,3,0.021,0.02105696,44.98,BTC-30MAY25-90000-P,96402.95,sell,0.1,0.1,,,,,,1746104231.641
1206,364099621,1746104231948,3,0.021,0.02105696,44.98,BTC-30MAY25-90000-P,96402.95,sell,0.2,0.2,,,,,,1746104231.948
1207,364099675,1746104285022,3,0.021,0.02108543,44.94,BTC-30MAY25-90000-P,96391.22,sell,0.1,0.1,,,,,,1746104285.022
1208,364099677,1746104285532,3,0.021,0.02108543,44.94,BTC-30MAY25-90000-P,96391.22,sell,0.1,0.1,,,,,,1746104285.532
1209,364099678,1746104290460,3,0.021,0.02108996,44.94,BTC-30MAY25-90000-P,96391.22,sell,0.2,0.2,,,,,,1746104290.46
1210,364099683,1746104306188,3,0.021,0.02108602,44.95,BTC-30MAY25-90000-P,96392.13,sell,0.1,0.1,,,,,,1746104306.188
1211,364099685,1746104308570,3,0.021,0.0210865,44.95,BTC-30MAY25-90000-P,96392.38,sell,0.1,0.1,,,,,,1746104308.57
1212,364099686,1746104315841,3,0.021,0.02108382,44.95,BTC-30MAY25-90000-P,96392.92,sell,0.1,0.1,,,,,,1746104315.841
1213,364099913,1746104480951,3,0.021,0.02097148,45.07,BTC-30MAY25-90000-P,96424.1,sell,0.1,0.1,,,,,,1746104480.951
1214,364099952,1746104499421,3,0.021,0.02103914,44.97,BTC-30MAY25-90000-P,96397.7,buy,0.1,0.1,,,,,,1746104499.421
1215,364099985,1746104511757,3,0.021,0.02109806,44.92,BTC-30MAY25-90000-P,96385.93,sell,0.2,0.2,,,,,,1746104511.757
1216,364099986,1746104511757,3,0.021,0.02109806,44.92,BTC-30MAY25-90000-P,96385.93,sell,0.1,0.1,,,,,,1746104511.757
1217,364100042,1746104523009,3,0.021,0.02109344,44.93,BTC-30MAY25-90000-P,96391.34,buy,0.1,0.1,,,,,,1746104523.009
1218,364100043,1746104523018,3,0.021,0.02109344,44.93,BTC-30MAY25-90000-P,96391.34,buy,0.3,0.3,,,,,,1746104523.018
1219,364100335,1746104595376,3,0.021,0.02110387,44.91,BTC-30MAY25-90000-P,96385.98,buy,0.2,0.2,,,,,,1746104595.376
1220,364100470,1746104676611,3,0.021,0.0211602,44.83,BTC-30MAY25-90000-P,96360.18,sell,0.3,0.3,,,,,,1746104676.611
1223,364100704,1746104724907,3,0.0205,0.02107148,44.37,BTC-30MAY25-90000-P,96386.9,sell,0.1,0.1,,,,,,1746104724.907
1225,364100706,1746104724907,3,0.0205,0.02107148,44.37,BTC-30MAY25-90000-P,96386.9,sell,0.1,0.1,,,,,,1746104724.907
1226,364100707,1746104724907,3,0.0205,0.02107148,44.37,BTC-30MAY25-90000-P,96386.9,sell,0.1,0.1,,,,,,1746104724.907
1222,364100703,1746104724907,3,0.0205,0.02107148,44.37,BTC-30MAY25-90000-P,96386.9,sell,0.1,0.1,,,,,,1746104724.907
1224,364100705,1746104724907,3,0.0205,0.02107148,44.37,BTC-30MAY25-90000-P,96386.9,sell,0.1,0.1,,,,,,1746104724.907
1221,364100702,1746104724907,2,0.0205,0.02107148,44.37,BTC-30MAY25-90000-P,96386.9,sell,0.1,0.1,,,,,,1746104724.907
1227,364100708,1746104724907,3,0.0205,0.02107148,44.37,BTC-30MAY25-90000-P,96386.9,sell,0.1,0.1,,,,,,1746104724.907
1228,364103634,1746105786516,3,0.0205,0.02051411,45.07,BTC-30MAY25-90000-P,96583.0,sell,0.1,0.1,,,,,,1746105786.516
1229,364104194,1746105822955,3,0.0205,0.02027092,45.4,BTC-30MAY25-90000-P,96686.6,buy,0.1,0.1,,,,,,1746105822.955
1230,364114681,1746107854242,0,0.0225,0.02292841,44.83,BTC-30MAY25-90000-P,95875.52,sell,0.5,0.5,,,,,,1746107854.242
1231,364115828,1746108000693,1,0.0225,0.02284148,44.81,BTC-30MAY25-90000-P,95870.54,sell,0.7,0.7,,,,,,1746108000.693
1232,364116010,1746108005321,1,0.0225,0.02271221,44.98,BTC-30MAY25-90000-P,95912.81,sell,0.2,0.2,,,,,,1746108005.321
1233,364116023,1746108005379,1,0.0225,0.02271221,44.98,BTC-30MAY25-90000-P,95912.81,sell,0.1,0.1,,,,,,1746108005.379
1234,364123315,1746110475687,2,0.0205,0.02054529,45.1,BTC-30MAY25-90000-P,96641.0,buy,0.1,0.1,,,,,,1746110475.687
1235,364124141,1746111028208,3,0.0205,0.02058981,45.0,BTC-30MAY25-90000-P,96597.13,buy,0.1,0.1,,,,,,1746111028.208
1236,364129867,1746112213754,2,0.019,0.01894161,45.2,BTC-30MAY25-90000-P,97183.83,buy,0.4,0.4,,,,,,1746112213.754
1237,364130718,1746112277410,2,0.0185,0.01874065,44.9,BTC-30MAY25-90000-P,97283.0,sell,0.1,0.1,,,,,,1746112277.41
1238,364142228,1746114818841,0,0.019,0.01921564,44.67,BTC-30MAY25-90000-P,97018.79,sell,0.3,0.3,,,,,,1746114818.841
1239,364143647,1746115457596,1,0.019,0.01912011,44.79,BTC-30MAY25-90000-P,97054.48,sell,1.0,1.0,,,,,,1746115457.596
1240,364143648,1746115457606,1,0.019,0.01912011,44.79,BTC-30MAY25-90000-P,97054.48,buy,0.8,0.8,,,,,,1746115457.606
1241,364143798,1746115540197,1,0.019,0.01899895,44.86,BTC-30MAY25-90000-P,97073.48,sell,0.1,0.1,,,,,,1746115540.197
1242,364143968,1746115598328,1,0.019,0.01909446,44.81,BTC-30MAY25-90000-P,97065.75,sell,1.0,1.0,,,,,,1746115598.328
1243,364144389,1746115852222,1,0.019,0.01884485,45.05,BTC-30MAY25-90000-P,97143.47,buy,1.0,1.0,,,,,,1746115852.222
1244,364144564,1746116004975,1,0.019,0.01885089,45.04,BTC-30MAY25-90000-P,97137.0,sell,0.7,0.7,,,,,,1746116004.975
1247,364144973,1746116215893,1,0.0195,0.01935565,45.05,BTC-30MAY25-90000-P,96961.41,buy,0.1,0.1,,,,,,1746116215.893
1246,364144972,1746116215893,1,0.0195,0.01935565,45.05,BTC-30MAY25-90000-P,96961.41,buy,0.2,0.2,,,,,,1746116215.893
1245,364144971,1746116215893,0,0.0195,0.01935565,45.05,BTC-30MAY25-90000-P,96961.41,buy,0.7,0.7,,,,,,1746116215.893
1248,364145255,1746116319350,1,0.0195,0.01921299,45.18,BTC-30MAY25-90000-P,96996.96,buy,0.3,0.3,,,,,,1746116319.35
1249,364146640,1746117048274,2,0.019,0.01852182,45.47,BTC-30MAY25-90000-P,97272.12,buy,0.5,0.5,,,,,,1746117048.274
1250,364146750,1746117058756,2,0.0185,0.0184749,44.96,BTC-30MAY25-90000-P,97294.7,sell,0.4,0.4,,,,,,1746117058.756
1251,364149230,1746118204831,3,0.0185,0.01852549,44.91,BTC-30MAY25-90000-P,97284.12,buy,0.1,0.1,,,,,,1746118204.831
1252,364152593,1746119732043,3,0.0185,0.01861729,44.68,BTC-30MAY25-90000-P,97196.55,sell,0.1,0.1,,,,,,1746119732.043
1253,364152594,1746119732043,3,0.0185,0.01861729,44.68,BTC-30MAY25-90000-P,97196.55,sell,1.0,1.0,,,,,,1746119732.043
1254,364155883,1746121393433,0,0.02,0.01997155,44.68,BTC-30MAY25-90000-P,96634.7,buy,0.2,0.2,,,,,,1746121393.433
1255,364155884,1746121393468,1,0.02,0.01997155,44.68,BTC-30MAY25-90000-P,96634.7,sell,0.2,0.2,,,,,,1746121393.468
1256,364155885,1746121393481,1,0.02,0.01997155,44.68,BTC-30MAY25-90000-P,96634.7,sell,0.6,0.6,,,,,,1746121393.481
1257,364156051,1746121422379,1,0.02,0.02011862,44.57,BTC-30MAY25-90000-P,96599.26,sell,1.0,1.0,,,,,,1746121422.379
1258,364158546,1746122942769,2,0.0195,0.01936318,44.77,BTC-30MAY25-90000-P,96832.33,sell,1.0,1.0,,,,,,1746122942.769
1259,364160247,1746124209092,0,0.02,0.01988274,44.37,BTC-30MAY25-90000-P,96520.96,buy,0.2,0.2,,,,,,1746124209.092
1260,364160603,1746124415746,2,0.0195,0.01955499,44.16,BTC-30MAY25-90000-P,96616.63,buy,0.8,0.8,,,,,,1746124415.746
1261,364160623,1746124425747,3,0.0195,0.01948043,44.23,BTC-30MAY25-90000-P,96639.62,buy,0.8,0.8,,,,,,1746124425.747
1262,364172529,1746131711673,3,0.0195,0.01960073,44.23,BTC-30MAY25-90000-P,96664.47,buy,0.6,0.6,,,,,,1746131711.673
1263,364173952,1746133283400,3,0.0195,0.01969764,43.88,BTC-30MAY25-90000-P,96534.76,sell,0.1,0.1,,,,,,1746133283.4
1264,364182956,1746144632970,2,0.019,0.01925828,43.77,BTC-30MAY25-90000-P,96645.56,sell,0.1,0.1,,,,,,1746144632.97
1265,364188453,1746147621274,2,0.018,0.01787781,44.21,BTC-30MAY25-90000-P,97177.02,sell,0.5,0.5,,,,,,1746147621.274
1266,364188745,1746147644092,3,0.018,0.01786693,44.23,BTC-30MAY25-90000-P,97181.79,buy,1.1,1.1,,,,,,1746147644.092
1267,364188746,1746147644095,3,0.018,0.01786693,44.23,BTC-30MAY25-90000-P,97181.79,buy,0.1,0.1,,,,,,1746147644.095
1268,364188747,1746147644130,3,0.018,0.01786693,44.23,BTC-30MAY25-90000-P,97181.79,buy,1.0,1.0,,,,,,1746147644.13
1269,364192904,1746149694996,0,0.0185,0.01828218,44.35,BTC-30MAY25-90000-P,96975.54,buy,2.7,2.7,,,,,,1746149694.996
1270,364192967,1746149726856,1,0.0185,0.01836178,44.38,BTC-30MAY25-90000-P,96981.72,sell,2.3,2.3,,,,,,1746149726.856
1271,364193427,1746150025089,1,0.0185,0.01836868,44.29,BTC-30MAY25-90000-P,96954.31,buy,1.0,1.0,,,,,,1746150025.089
1272,364193446,1746150042225,1,0.0185,0.01840916,44.26,BTC-30MAY25-90000-P,96947.15,buy,1.0,1.0,,,,,,1746150042.225
1273,364193464,1746150058652,1,0.0185,0.01838097,44.29,BTC-30MAY25-90000-P,96955.44,buy,1.0,1.0,,,,,,1746150058.652
1274,364193468,1746150076127,1,0.0185,0.01839963,44.28,BTC-30MAY25-90000-P,96953.95,buy,1.0,1.0,,,,,,1746150076.127
1275,364194191,1746150781161,1,0.0185,0.01846285,44.21,BTC-30MAY25-90000-P,96929.56,buy,1.4,1.4,,,,,,1746150781.161
1276,364203871,1746158128490,1,0.0185,0.0182516,45.09,BTC-30MAY25-90000-P,97185.9,buy,0.1,0.1,,,,,,1746158128.49
1277,364212015,1746161763052,1,0.0185,0.01912598,44.61,BTC-30MAY25-90000-P,96955.66,sell,0.1,0.1,,,,,,1746161763.052
1278,364217762,1746165966837,0,0.02,0.01991252,45.44,BTC-30MAY25-90000-P,96661.1,buy,1.0,1.0,,,,,,1746165966.837
1279,364217763,1746165966838,1,0.02,0.01991252,45.44,BTC-30MAY25-90000-P,96661.1,sell,2.0,2.0,,,,,,1746165966.838
1280,364225279,1746169775885,1,0.02,0.02006306,45.09,BTC-30MAY25-90000-P,96560.05,sell,1.0,1.0,,,,,,1746169775.885
1281,364225896,1746169832066,1,0.02,0.02018444,44.98,BTC-30MAY25-90000-P,96523.78,sell,1.0,1.0,,,,,,1746169832.066
1282,364226199,1746169924934,1,0.02,0.01999716,45.1,BTC-30MAY25-90000-P,96557.13,buy,1.0,1.0,,,,,,1746169924.934
1283,364226413,1746170014044,2,0.0195,0.01988147,44.6,BTC-30MAY25-90000-P,96580.49,buy,0.2,0.2,,,,,,1746170014.044
1284,364226414,1746170014183,3,0.0195,0.01988147,44.6,BTC-30MAY25-90000-P,96580.49,buy,0.2,0.2,,,,,,1746170014.183
1285,364226415,1746170014321,2,0.019,0.01988147,44.03,BTC-30MAY25-90000-P,96580.49,sell,0.1,0.1,,,,,,1746170014.321
1286,364226416,1746170014465,3,0.019,0.01988147,44.03,BTC-30MAY25-90000-P,96580.49,sell,0.4,0.4,,,,,,1746170014.465
1289,364226419,1746170014610,3,0.019,0.01988147,44.03,BTC-30MAY25-90000-P,96580.49,sell,6.6,6.6,,,,,,1746170014.61
1290,364226420,1746170014610,3,0.019,0.01988147,44.03,BTC-30MAY25-90000-P,96580.49,sell,7.2,7.2,,,,,,1746170014.61
1287,364226417,1746170014610,3,0.019,0.01988147,44.03,BTC-30MAY25-90000-P,96580.49,sell,0.5,0.5,,,,,,1746170014.61
1288,364226418,1746170014610,3,0.019,0.01988147,44.03,BTC-30MAY25-90000-P,96580.49,sell,1.1,1.1,,,,,,1746170014.61
1291,364226422,1746170014757,3,0.019,0.01988177,44.03,BTC-30MAY25-90000-P,96581.04,sell,0.6,0.6,,,,,,1746170014.757
1292,364226423,1746170014903,3,0.019,0.01988177,44.03,BTC-30MAY25-90000-P,96581.04,sell,2.5,2.5,,,,,,1746170014.903
1293,364226424,1746170015045,3,0.019,0.01988177,44.03,BTC-30MAY25-90000-P,96581.04,sell,0.2,0.2,,,,,,1746170015.045
1294,364226426,1746170015194,3,0.019,0.01988177,44.03,BTC-30MAY25-90000-P,96581.04,sell,1.0,1.0,,,,,,1746170015.194
1295,364226427,1746170015338,3,0.019,0.01988177,44.03,BTC-30MAY25-90000-P,96581.04,sell,0.7,0.7,,,,,,1746170015.338
1296,364226430,1746170015481,3,0.019,0.01988177,44.03,BTC-30MAY25-90000-P,96581.04,sell,0.1,0.1,,,,,,1746170015.481
1297,364226463,1746170024071,0,0.0195,0.0197742,44.6,BTC-30MAY25-90000-P,96581.11,buy,0.1,0.1,,,,,,1746170024.071
1298,364226465,1746170024143,1,0.0195,0.0197742,44.6,BTC-30MAY25-90000-P,96581.11,buy,0.1,0.1,,,,,,1746170024.143
1299,364226466,1746170024147,1,0.0195,0.0197742,44.6,BTC-30MAY25-90000-P,96581.11,buy,0.1,0.1,,,,,,1746170024.147
1300,364226487,1746170025507,1,0.0195,0.01976379,44.59,BTC-30MAY25-90000-P,96576.59,buy,0.1,0.1,,,,,,1746170025.507
1301,364228135,1746170307074,0,0.0197,0.01942984,45.03,BTC-30MAY25-90000-P,96646.24,buy,50.0,50.0,2.0,BLOCK-195611,,BTC-RR-30MAY25-90000_110000,,1746170307.074
1302,364234629,1746171809693,0,0.02,0.01981884,45.04,BTC-30MAY25-90000-P,96517.57,sell,1.5,1.5,,,,,,1746171809.693
1303,364240226,1746172899460,1,0.02,0.02003733,44.79,BTC-30MAY25-90000-P,96459.96,sell,0.1,0.1,,,,,,1746172899.46
1304,364240698,1746173042457,2,0.0195,0.02001637,44.24,BTC-30MAY25-90000-P,96474.76,sell,0.1,0.1,,,,,,1746173042.457
1305,364241055,1746173214956,0,0.02,0.02000441,44.83,BTC-30MAY25-90000-P,96473.51,buy,1.4,1.4,,,,,,1746173214.956
1306,364244557,1746174490440,1,0.02,0.02015983,45.59,BTC-30MAY25-90000-P,96654.71,sell,0.6,0.6,,,,,,1746174490.44
1307,364244558,1746174490440,1,0.02,0.02015983,45.59,BTC-30MAY25-90000-P,96654.71,sell,1.0,1.0,,,,,,1746174490.44
1308,364246293,1746175131876,0,0.0205,0.01989362,46.38,BTC-30MAY25-90000-P,96697.71,buy,0.1,0.1,,,,,,1746175131.876
1309,364246931,1746175425902,2,0.0195,0.01964815,45.49,BTC-30MAY25-90000-P,96784.63,sell,0.6,0.6,,,,,,1746175425.902
1310,364250284,1746176948085,3,0.0195,0.01938862,45.39,BTC-30MAY25-90000-P,96777.21,sell,1.3,1.3,,,,,,1746176948.085
1311,364250637,1746177344728,2,0.019,0.01942581,44.85,BTC-30MAY25-90000-P,96796.63,sell,0.1,0.1,,,,,,1746177344.728
1312,364253422,1746180257103,0,0.0195,0.0195755,45.11,BTC-30MAY25-90000-P,96725.52,sell,1.0,1.0,,,,,,1746180257.103
1313,364253611,1746180413060,2,0.019,0.01940041,44.69,BTC-30MAY25-90000-P,96777.93,sell,0.1,0.1,,,,,,1746180413.06
1314,364254409,1746181231517,3,0.019,0.01917279,44.83,BTC-30MAY25-90000-P,96836.33,sell,1.0,1.0,,,,,,1746181231.517
1315,364254952,1746181250382,3,0.019,0.0191393,44.87,BTC-30MAY25-90000-P,96848.05,sell,1.0,1.0,,,,,,1746181250.382
1316,364255538,1746181272148,3,0.019,0.01892751,45.1,BTC-30MAY25-90000-P,96914.4,sell,1.0,1.0,,,,,,1746181272.148
1317,364255683,1746181387651,3,0.019,0.01908583,44.94,BTC-30MAY25-90000-P,96868.27,sell,0.9,0.9,,,,,,1746181387.651
1318,364260393,1746185905105,2,0.018,0.01849377,44.12,BTC-30MAY25-90000-P,96980.78,sell,0.1,0.1,,,,,,1746185905.105
1320,364260410,1746185936886,3,0.018,0.01848817,44.13,BTC-30MAY25-90000-P,96980.38,sell,0.1,0.1,,,,,,1746185936.886
1321,364260411,1746185936886,3,0.018,0.01848817,44.13,BTC-30MAY25-90000-P,96980.38,sell,0.1,0.1,,,,,,1746185936.886
1319,364260409,1746185936886,3,0.018,0.01848817,44.13,BTC-30MAY25-90000-P,96980.38,sell,0.2,0.2,,,,,,1746185936.886
1322,364260412,1746185936886,3,0.018,0.01848817,44.13,BTC-30MAY25-90000-P,96980.38,sell,0.2,0.2,,,,,,1746185936.886
1323,364263228,1746188421469,0,0.0185,0.01865989,44.29,BTC-30MAY25-90000-P,96869.22,sell,1.0,1.0,,,,,,1746188421.469
1324,364265924,1746189169464,1,0.0185,0.01812231,44.78,BTC-30MAY25-90000-P,97038.91,buy,0.3,0.3,,,,,,1746189169.464
1325,364266884,1746189302261,0,0.019,0.01904752,44.36,BTC-30MAY25-90000-P,96722.44,sell,0.3,0.3,,,,,,1746189302.261
1326,364268725,1746190004398,2,0.018,0.01822433,44.22,BTC-30MAY25-90000-P,97049.81,sell,0.1,0.1,,,,,,1746190004.398
1327,364269659,1746190594701,3,0.018,0.01788356,44.65,BTC-30MAY25-90000-P,97174.67,sell,0.3,0.3,,,,,,1746190594.701
1328,364271666,1746191211797,3,0.018,0.01800403,44.6,BTC-30MAY25-90000-P,97172.08,buy,0.1,0.1,,,,,,1746191211.797
1329,364278779,1746194252722,0,0.0185,0.01863711,44.15,BTC-30MAY25-90000-P,96818.92,buy,0.2,0.2,,,,,,1746194252.722
1330,364278783,1746194255844,1,0.0185,0.0186618,44.12,BTC-30MAY25-90000-P,96809.39,sell,0.3,0.3,,,,,,1746194255.844
1331,364293816,1746198023225,2,0.0155,0.01581185,43.81,BTC-30MAY25-90000-P,97884.92,sell,0.1,0.1,,,,,,1746198023.225
1332,364303068,1746200412432,0,0.017,0.01693445,44.29,BTC-30MAY25-90000-P,97418.17,sell,0.3,0.3,,,,,,1746200412.432
1333,364303645,1746200659025,1,0.017,0.01665737,44.53,BTC-30MAY25-90000-P,97486.6,buy,0.1,0.1,,,,,,1746200659.025
1334,364307655,1746201936662,2,0.016,0.01603435,44.06,BTC-30MAY25-90000-P,97771.62,sell,1.0,1.0,,,,,,1746201936.662
1335,364310918,1746202735143,3,0.016,0.01593742,43.96,BTC-30MAY25-90000-P,97730.72,sell,0.1,0.1,,,,,,1746202735.143
1336,364310921,1746202742523,3,0.016,0.01593443,43.96,BTC-30MAY25-90000-P,97730.96,sell,0.9,0.9,,,,,,1746202742.523
1337,364311969,1746203430657,2,0.0155,0.01577575,43.32,BTC-30MAY25-90000-P,97729.34,sell,0.9,0.9,,,,,,1746203430.657
1338,364313785,1746203862228,3,0.0155,0.0156397,43.25,BTC-30MAY25-90000-P,97711.17,sell,1.0,1.0,,,,,,1746203862.228
1339,364315338,1746204828127,3,0.0155,0.0156412,42.77,BTC-30MAY25-90000-P,97554.17,sell,0.1,0.1,,,,,,1746204828.127
1340,364315471,1746204891036,3,0.0155,0.01573799,42.61,BTC-30MAY25-90000-P,97494.69,sell,0.5,0.5,,,,,,1746204891.036
1341,364318590,1746206392531,0,0.016,0.01605603,42.71,BTC-30MAY25-90000-P,97317.13,buy,0.9,0.9,,,,,,1746206392.531
1342,364318599,1746206401596,1,0.016,0.01604549,42.7,BTC-30MAY25-90000-P,97317.25,buy,0.1,0.1,,,,,,1746206401.596
1343,364318602,1746206408172,1,0.016,0.01604411,42.71,BTC-30MAY25-90000-P,97322.76,buy,0.4,0.4,,,,,,1746206408.172
1344,364318824,1746206623086,1,0.016,0.01612702,42.61,BTC-30MAY25-90000-P,97297.43,sell,0.1,0.1,,,,,,1746206623.086
1345,364318876,1746206715623,1,0.016,0.01611368,42.6,BTC-30MAY25-90000-P,97294.85,buy,0.1,0.1,,,,,,1746206715.623
1346,364319735,1746207504080,2,0.0155,0.01579233,42.48,BTC-30MAY25-90000-P,97445.36,sell,0.1,0.1,,,,,,1746207504.08
1347,364320000,1746207712654,0,0.016,0.01610496,42.73,BTC-30MAY25-90000-P,97330.27,buy,0.4,0.4,,,,,,1746207712.654
1348,364320001,1746207713504,1,0.016,0.01610496,42.73,BTC-30MAY25-90000-P,97330.27,buy,0.1,0.1,,,,,,1746207713.504
1349,364329584,1746209533602,2,0.0155,0.01548297,42.87,BTC-30MAY25-90000-P,97578.86,sell,0.1,0.1,,,,,,1746209533.602
1350,364331543,1746210028913,3,0.0155,0.01558733,42.6,BTC-30MAY25-90000-P,97508.89,sell,0.1,0.1,,,,,,1746210028.913
1351,364332043,1746210392439,3,0.0155,0.01552331,42.6,BTC-30MAY25-90000-P,97496.46,sell,0.1,0.1,,,,,,1746210392.439
1352,364332065,1746210403846,3,0.0155,0.01553252,42.6,BTC-30MAY25-90000-P,97496.9,buy,0.5,0.5,,,,,,1746210403.846
1353,364332076,1746210456603,3,0.0155,0.01552792,42.6,BTC-30MAY25-90000-P,97498.15,buy,0.3,0.3,,,,,,1746210456.603
1354,364334604,1746212240311,0,0.016,0.01612331,42.5,BTC-30MAY25-90000-P,97241.81,sell,0.5,0.5,,,,,,1746212240.311
1355,364337434,1746213718612,1,0.016,0.01606915,42.4,BTC-30MAY25-90000-P,97181.71,buy,0.5,0.5,,,,,,1746213718.612
1357,364337601,1746213880513,1,0.016,0.01599269,42.45,BTC-30MAY25-90000-P,97201.47,buy,0.4,0.4,,,,,,1746213880.513
1356,364337600,1746213880513,1,0.016,0.01599269,42.45,BTC-30MAY25-90000-P,97201.47,buy,0.5,0.5,,,,,,1746213880.513
1358,364339580,1746214768293,0,0.0165,0.01650575,42.45,BTC-30MAY25-90000-P,97020.85,buy,0.5,0.5,,,,,,1746214768.293
1359,364340251,1746215037936,0,0.017,0.01687625,42.58,BTC-30MAY25-90000-P,96886.27,buy,1.0,1.0,,,,,,1746215037.936
1360,364350048,1746217147019,2,0.0165,0.01647533,42.48,BTC-30MAY25-90000-P,97021.09,buy,0.5,0.5,,,,,,1746217147.019
1362,364353117,1746221832988,3,0.0165,0.01640464,42.48,BTC-30MAY25-90000-P,96968.58,buy,0.5,0.5,,,,,,1746221832.988
1361,364353116,1746221832988,3,0.0165,0.01640464,42.48,BTC-30MAY25-90000-P,96968.58,buy,1.0,1.0,,,,,,1746221832.988
1363,364353118,1746221837130,3,0.0165,0.01640458,42.48,BTC-30MAY25-90000-P,96968.58,sell,1.0,1.0,,,,,,1746221837.13
1364,364355875,1746222646610,0,0.017,0.01714152,42.24,BTC-30MAY25-90000-P,96709.82,buy,0.5,0.5,,,,,,1746222646.61
1366,364357198,1746223302141,3,0.0165,0.01688542,41.99,BTC-30MAY25-90000-P,96812.47,sell,0.1,0.1,,,,,,1746223302.141
1365,364357197,1746223302141,2,0.0165,0.01688542,41.99,BTC-30MAY25-90000-P,96812.47,sell,0.5,0.5,,,,,,1746223302.141
1367,364369133,1746235899118,0,0.0175,0.01758439,42.32,BTC-30MAY25-90000-P,96530.06,buy,0.5,0.5,,,,,,1746235899.118
1368,364369259,1746235982898,1,0.0175,0.01751189,42.4,BTC-30MAY25-90000-P,96543.48,buy,1.0,1.0,,,,,,1746235982.898
1369,364371064,1746236700955,0,0.018,0.01756295,42.89,BTC-30MAY25-90000-P,96517.75,buy,0.1,0.1,,,,,,1746236700.955
1371,364375716,1746242854754,3,0.0175,0.01747119,42.15,BTC-30MAY25-90000-P,96451.6,buy,1.0,1.0,,,,,,1746242854.754
1370,364375715,1746242854754,2,0.0175,0.01747119,42.15,BTC-30MAY25-90000-P,96451.6,buy,0.5,0.5,,,,,,1746242854.754
1372,364375717,1746242864030,0,0.018,0.01747386,42.73,BTC-30MAY25-90000-P,96450.71,buy,8.5,8.5,,,,,,1746242864.03
1373,364375722,1746242867634,2,0.0175,0.01747395,42.14,BTC-30MAY25-90000-P,96449.58,buy,0.1,0.1,,,,,,1746242867.634
1374,364375723,1746242873893,3,0.0175,0.01747549,42.14,BTC-30MAY25-90000-P,96449.45,buy,0.9,0.9,,,,,,1746242873.893
1375,364377755,1746243820462,3,0.0175,0.01754,42.2,BTC-30MAY25-90000-P,96465.52,sell,1.0,1.0,,,,,,1746243820.462
1376,364380569,1746245525547,0,0.018,0.01761218,42.75,BTC-30MAY25-90000-P,96467.26,buy,0.1,0.1,,,,,,1746245525.547
1377,364382054,1746246231265,2,0.0175,0.01750648,42.41,BTC-30MAY25-90000-P,96548.82,sell,0.1,0.1,,,,,,1746246231.265
1378,364382055,1746246231271,3,0.0175,0.01747526,42.4,BTC-30MAY25-90000-P,96548.57,buy,0.8,0.8,,,,,,1746246231.271
1379,364382061,1746246237322,3,0.0175,0.01747203,42.4,BTC-30MAY25-90000-P,96547.38,buy,0.5,0.5,,,,,,1746246237.322
1380,364382135,1746246272996,3,0.0175,0.01749188,42.42,BTC-30MAY25-90000-P,96552.96,buy,0.5,0.5,,,,,,1746246272.996
1381,364392379,1746256514947,0,0.0185,0.0186003,42.9,BTC-30MAY25-90000-P,96296.81,buy,0.5,0.5,,,,,,1746256514.947
1382,364399086,1746258401274,1,0.0185,0.01860227,43.1,BTC-30MAY25-90000-P,96374.32,sell,1.0,1.0,,,,,,1746258401.274
1383,364401092,1746258922709,1,0.0185,0.01854546,43.0,BTC-30MAY25-90000-P,96361.18,buy,1.0,1.0,,,,,,1746258922.709
1384,364405626,1746260023025,0,0.019,0.01901004,43.02,BTC-30MAY25-90000-P,96191.26,sell,1.0,1.0,,,,,,1746260023.025
1385,364407941,1746260929793,2,0.0185,0.01861243,42.9,BTC-30MAY25-90000-P,96308.45,sell,0.1,0.1,,,,,,1746260929.793
1386,364411827,1746262831238,3,0.0185,0.01861933,42.96,BTC-30MAY25-90000-P,96330.91,sell,0.6,0.6,,,,,,1746262831.238
1387,364412231,1746263042280,2,0.018,0.01852116,42.48,BTC-30MAY25-90000-P,96350.59,sell,0.1,0.1,,,,,,1746263042.28
1388,364414475,1746264792804,0,0.0185,0.01861779,43.05,BTC-30MAY25-90000-P,96338.32,sell,0.2,0.2,,,,,,1746264792.804
1389,364414476,1746264792815,1,0.0185,0.01861779,43.05,BTC-30MAY25-90000-P,96338.32,sell,0.1,0.1,,,,,,1746264792.815
1390,364419736,1746267602337,0,0.019,0.01904296,43.12,BTC-30MAY25-90000-P,96196.32,buy,0.1,0.1,,,,,,1746267602.337
1391,364442554,1746271145562,1,0.019,0.0191166,42.38,BTC-30MAY25-90000-P,95981.39,sell,1.0,1.0,,,,,,1746271145.562
1392,364442641,1746271163106,1,0.019,0.01900712,42.5,BTC-30MAY25-90000-P,96013.79,buy,0.5,0.5,,,,,,1746271163.106
1393,364442642,1746271163108,1,0.019,0.01900712,42.5,BTC-30MAY25-90000-P,96013.79,sell,0.5,0.5,,,,,,1746271163.108
1395,364445958,1746271902290,1,0.019,0.01878482,42.49,BTC-30MAY25-90000-P,96008.38,buy,0.1,0.1,,,,,,1746271902.29
1394,364445957,1746271902290,1,0.019,0.01878482,42.49,BTC-30MAY25-90000-P,96008.38,buy,0.9,0.9,,,,,,1746271902.29
1396,364445997,1746271920525,1,0.019,0.01890625,42.41,BTC-30MAY25-90000-P,95986.53,sell,1.0,1.0,,,,,,1746271920.525
1397,364457399,1746273938769,2,0.0185,0.01877281,41.67,BTC-30MAY25-90000-P,95947.69,buy,0.5,0.5,,,,,,1746273938.769
1398,364461052,1746274892673,2,0.018,0.01825557,41.49,BTC-30MAY25-90000-P,96058.72,sell,0.1,0.1,,,,,,1746274892.673
1399,364461363,1746275421380,3,0.018,0.01817742,41.53,BTC-30MAY25-90000-P,96073.79,buy,0.5,0.5,,,,,,1746275421.38
1400,364461364,1746275428929,3,0.018,0.01817801,41.53,BTC-30MAY25-90000-P,96072.81,buy,0.5,0.5,,,,,,1746275428.929
1401,364496020,1746296169969,3,0.018,0.01793298,42.33,BTC-30MAY25-90000-P,96227.6,sell,0.9,0.9,,,,,,1746296169.969
1402,364501131,1746299720744,3,0.018,0.01804861,42.26,BTC-30MAY25-90000-P,96225.27,sell,1.0,1.0,,,,,,1746299720.744
1404,364532386,1746317014197,1,0.0185,0.01856077,41.99,BTC-30MAY25-90000-P,95896.19,buy,0.8,0.8,,,,,,1746317014.197
1403,364532385,1746317014197,0,0.0185,0.01856077,41.99,BTC-30MAY25-90000-P,95896.19,buy,0.1,0.1,,,,,,1746317014.197
1405,364532387,1746317014208,1,0.0185,0.01856077,41.99,BTC-30MAY25-90000-P,95896.19,buy,1.0,1.0,,,,,,1746317014.208
1406,364532593,1746317194974,2,0.018,0.01845208,41.49,BTC-30MAY25-90000-P,95915.54,sell,0.7,0.7,,,,,,1746317194.974
1407,364532594,1746317195040,3,0.018,0.01845208,41.49,BTC-30MAY25-90000-P,95915.54,sell,0.1,0.1,,,,,,1746317195.04
1409,364532596,1746317195106,3,0.018,0.01845208,41.49,BTC-30MAY25-90000-P,95915.54,sell,0.6,0.6,,,,,,1746317195.106
1408,364532595,1746317195106,3,0.018,0.01845208,41.49,BTC-30MAY25-90000-P,95915.54,sell,0.1,0.1,,,,,,1746317195.106
1410,364532597,1746317195184,3,0.018,0.01845208,41.49,BTC-30MAY25-90000-P,95915.54,sell,0.4,0.4,,,,,,1746317195.184
1411,364532598,1746317195269,3,0.018,0.01845208,41.49,BTC-30MAY25-90000-P,95915.54,sell,0.2,0.2,,,,,,1746317195.269
1412,364532599,1746317195341,3,0.018,0.01845208,41.49,BTC-30MAY25-90000-P,95915.54,sell,10.2,10.2,,,,,,1746317195.341
1413,364532600,1746317195341,3,0.018,0.01845208,41.49,BTC-30MAY25-90000-P,95915.54,sell,0.7,0.7,,,,,,1746317195.341
1414,364532601,1746317195341,3,0.018,0.01845208,41.49,BTC-30MAY25-90000-P,95915.54,sell,3.5,3.5,,,,,,1746317195.341
1416,364532603,1746317195341,3,0.018,0.01845208,41.49,BTC-30MAY25-90000-P,95915.54,sell,0.1,0.1,,,,,,1746317195.341
1415,364532602,1746317195341,3,0.018,0.01845208,41.49,BTC-30MAY25-90000-P,95915.54,sell,1.0,1.0,,,,,,1746317195.341
1417,364532605,1746317195410,3,0.018,0.01845208,41.49,BTC-30MAY25-90000-P,95915.54,sell,0.6,0.6,,,,,,1746317195.41
1418,364532606,1746317195488,3,0.018,0.01845208,41.49,BTC-30MAY25-90000-P,95915.54,sell,0.2,0.2,,,,,,1746317195.488
1419,364532607,1746317195563,3,0.018,0.01845208,41.49,BTC-30MAY25-90000-P,95915.54,sell,0.6,0.6,,,,,,1746317195.563
1420,364532608,1746317195645,3,0.018,0.01845208,41.49,BTC-30MAY25-90000-P,95915.54,sell,1.0,1.0,,,,,,1746317195.645
1421,364558584,1746329607501,0,0.019,0.01898998,42.45,BTC-30MAY25-90000-P,95812.78,sell,0.6,0.6,,,,,,1746329607.501
1422,364558598,1746329612129,1,0.019,0.01896775,42.49,BTC-30MAY25-90000-P,95824.61,sell,0.4,0.4,,,,,,1746329612.129
1423,364558608,1746329615623,1,0.019,0.01893698,42.51,BTC-30MAY25-90000-P,95830.82,sell,0.1,0.1,,,,,,1746329615.623
1424,364562848,1746337540377,2,0.0185,0.0186187,42.51,BTC-30MAY25-90000-P,95998.33,sell,2.0,2.0,,,,,,1746337540.377
1425,364566521,1746342827157,3,0.0185,0.01839748,42.81,BTC-30MAY25-90000-P,96041.66,sell,2.0,2.0,,,,,,1746342827.157
1426,364566952,1746343423520,3,0.0185,0.01852733,42.6,BTC-30MAY25-90000-P,95996.66,buy,0.5,0.5,,,,,,1746343423.52
1427,364576193,1746347612841,0,0.019,0.01955579,41.75,BTC-30MAY25-90000-P,95624.32,sell,0.2,0.2,,,,,,1746347612.841
1428,364576195,1746347612946,1,0.019,0.01955579,41.75,BTC-30MAY25-90000-P,95624.32,sell,0.1,0.1,,,,,,1746347612.946
1429,364576197,1746347613034,1,0.019,0.01955579,41.75,BTC-30MAY25-90000-P,95624.32,sell,0.2,0.2,,,,,,1746347613.034
1430,364576199,1746347613125,1,0.019,0.01955579,41.75,BTC-30MAY25-90000-P,95624.32,sell,0.1,0.1,,,,,,1746347613.125
1431,364576200,1746347613125,1,0.019,0.01955579,41.75,BTC-30MAY25-90000-P,95624.32,sell,0.3,0.3,,,,,,1746347613.125
1432,364576202,1746347613218,1,0.019,0.01955579,41.75,BTC-30MAY25-90000-P,95624.32,sell,0.2,0.2,,,,,,1746347613.218
1433,364576204,1746347613311,1,0.019,0.01955547,41.75,BTC-30MAY25-90000-P,95624.05,sell,0.1,0.1,,,,,,1746347613.311
1434,364576205,1746347613403,1,0.019,0.01955547,41.75,BTC-30MAY25-90000-P,95624.05,sell,0.2,0.2,,,,,,1746347613.403
1435,364576526,1746347695057,0,0.0195,0.01954544,42.32,BTC-30MAY25-90000-P,95616.3,buy,0.1,0.1,,,,,,1746347695.057
1436,364587484,1746354196675,0,0.0205,0.02049075,42.61,BTC-30MAY25-90000-P,95388.17,sell,1.0,1.0,,,,,,1746354196.675
1438,364613154,1746363269846,3,0.02,0.02019458,42.62,BTC-30MAY25-90000-P,95541.56,sell,0.1,0.1,,,,,,1746363269.846
1437,364613153,1746363269846,2,0.02,0.02019458,42.62,BTC-30MAY25-90000-P,95541.56,sell,0.1,0.1,,,,,,1746363269.846
1439,364615685,1746364758142,0,0.0205,0.02039512,42.67,BTC-30MAY25-90000-P,95394.27,buy,1.0,1.0,,,,,,1746364758.142
1440,364615686,1746364758147,1,0.0205,0.02039512,42.67,BTC-30MAY25-90000-P,95394.27,sell,2.0,2.0,,,,,,1746364758.147
1441,364618150,1746366740753,1,0.0205,0.02035176,42.71,BTC-30MAY25-90000-P,95380.8,sell,0.5,0.5,,,,,,1746366740.753
1442,364618537,1746367460967,1,0.0205,0.02050935,42.7,BTC-30MAY25-90000-P,95379.19,buy,0.1,0.1,,,,,,1746367460.967
1443,364642402,1746391678691,2,0.0195,0.01979401,43.14,BTC-30MAY25-90000-P,95717.38,sell,0.2,0.2,,,,,,1746391678.691
1444,364645899,1746396303000,0,0.021,0.02107007,43.08,BTC-30MAY25-90000-P,95196.68,buy,0.1,0.1,,,,,,1746396303.0
1445,364646899,1746396526835,1,0.021,0.02058977,43.53,BTC-30MAY25-90000-P,95323.13,buy,5.0,5.0,,,,,,1746396526.835
1446,364648483,1746397176004,2,0.0205,0.02072348,42.77,BTC-30MAY25-90000-P,95296.98,sell,0.4,0.4,,,,,,1746397176.004
1447,364648484,1746397176083,3,0.0205,0.02072348,42.77,BTC-30MAY25-90000-P,95296.98,sell,0.2,0.2,,,,,,1746397176.083
1448,364648485,1746397176168,3,0.0205,0.02072348,42.77,BTC-30MAY25-90000-P,95296.98,sell,0.1,0.1,,,,,,1746397176.168
1449,364648486,1746397176246,3,0.0205,0.02072348,42.77,BTC-30MAY25-90000-P,95296.98,sell,0.5,0.5,,,,,,1746397176.246
1450,364648487,1746397176246,3,0.0205,0.02072348,42.77,BTC-30MAY25-90000-P,95296.98,sell,2.0,2.0,,,,,,1746397176.246
1451,364648488,1746397176350,3,0.0205,0.02072221,42.75,BTC-30MAY25-90000-P,95292.99,sell,0.1,0.1,,,,,,1746397176.35
1452,364648489,1746397176438,3,0.0205,0.02072221,42.75,BTC-30MAY25-90000-P,95292.99,sell,0.2,0.2,,,,,,1746397176.438
1453,364648490,1746397176534,3,0.0205,0.02072221,42.75,BTC-30MAY25-90000-P,95292.99,sell,0.7,0.7,,,,,,1746397176.534
1454,364648491,1746397176627,3,0.0205,0.02072221,42.75,BTC-30MAY25-90000-P,95292.99,buy,0.6,0.6,,,,,,1746397176.627
1455,364648492,1746397176719,3,0.0205,0.02072221,42.75,BTC-30MAY25-90000-P,95292.99,buy,0.6,0.6,,,,,,1746397176.719
1456,364648493,1746397176808,3,0.0205,0.02072221,42.75,BTC-30MAY25-90000-P,95292.99,buy,1.0,1.0,,,,,,1746397176.808
1457,364648494,1746397176901,3,0.0205,0.02072221,42.75,BTC-30MAY25-90000-P,95292.99,buy,0.7,0.7,,,,,,1746397176.901
1458,364648495,1746397176902,3,0.0205,0.02072221,42.75,BTC-30MAY25-90000-P,95292.99,buy,4.2,4.2,,,,,,1746397176.902
1459,364648496,1746397177350,3,0.0205,0.02073507,42.74,BTC-30MAY25-90000-P,95290.65,buy,0.1,0.1,,,,,,1746397177.35
1460,364648497,1746397178262,3,0.0205,0.02073507,42.74,BTC-30MAY25-90000-P,95290.65,buy,5.6,5.6,,,,,,1746397178.262
1461,364648498,1746397178264,3,0.0205,0.02073507,42.74,BTC-30MAY25-90000-P,95290.65,buy,4.9,4.9,,,,,,1746397178.264
1462,364656220,1746398612475,0,0.022,0.02224669,42.89,BTC-30MAY25-90000-P,94909.84,sell,0.2,0.2,,,,,,1746398612.475
1463,364656224,1746398612579,1,0.022,0.02224669,42.89,BTC-30MAY25-90000-P,94909.84,sell,0.1,0.1,,,,,,1746398612.579
1464,364656234,1746398612677,1,0.022,0.02224669,42.89,BTC-30MAY25-90000-P,94909.84,sell,0.1,0.1,,,,,,1746398612.677
1465,364663658,1746401013389,0,0.023,0.02326481,42.91,BTC-30MAY25-90000-P,94604.81,sell,0.2,0.2,,,,,,1746401013.389
1466,364663659,1746401013495,1,0.023,0.02326481,42.91,BTC-30MAY25-90000-P,94604.81,sell,0.3,0.3,,,,,,1746401013.495
1467,364663660,1746401013497,1,0.023,0.02326481,42.91,BTC-30MAY25-90000-P,94604.81,buy,0.1,0.1,,,,,,1746401013.497
1468,364663661,1746401013585,1,0.023,0.02326481,42.91,BTC-30MAY25-90000-P,94604.81,buy,0.1,0.1,,,,,,1746401013.585
1469,364663662,1746401013676,1,0.023,0.02326481,42.91,BTC-30MAY25-90000-P,94604.81,sell,0.5,0.5,,,,,,1746401013.676
1470,364663663,1746401013678,1,0.023,0.02326481,42.91,BTC-30MAY25-90000-P,94604.81,buy,2.0,2.0,,,,,,1746401013.678
1475,364663702,1746401016255,1,0.023,0.02326321,42.89,BTC-30MAY25-90000-P,94598.44,buy,1.0,1.0,,,,,,1746401016.255
1473,364663700,1746401016255,1,0.023,0.02326321,42.89,BTC-30MAY25-90000-P,94598.44,buy,0.6,0.6,,,,,,1746401016.255
1471,364663698,1746401016255,1,0.023,0.02326321,42.89,BTC-30MAY25-90000-P,94598.44,buy,0.7,0.7,,,,,,1746401016.255
1476,364663703,1746401016255,1,0.023,0.02326321,42.89,BTC-30MAY25-90000-P,94598.44,buy,0.7,0.7,,,,,,1746401016.255
1472,364663699,1746401016255,1,0.023,0.02326321,42.89,BTC-30MAY25-90000-P,94598.44,buy,0.1,0.1,,,,,,1746401016.255
1474,364663701,1746401016255,1,0.023,0.02326321,42.89,BTC-30MAY25-90000-P,94598.44,buy,0.2,0.2,,,,,,1746401016.255
1477,364663704,1746401016261,1,0.023,0.02326321,42.89,BTC-30MAY25-90000-P,94598.44,buy,0.2,0.2,,,,,,1746401016.261
1478,364663717,1746401017947,1,0.023,0.02326321,42.87,BTC-30MAY25-90000-P,94593.92,buy,0.1,0.1,,,,,,1746401017.947
1479,364663718,1746401017971,1,0.023,0.02326321,42.87,BTC-30MAY25-90000-P,94593.92,buy,0.1,0.1,,,,,,1746401017.971
1480,364663735,1746401019278,1,0.023,0.02329018,42.86,BTC-30MAY25-90000-P,94590.56,buy,0.1,0.1,,,,,,1746401019.278
1481,364663976,1746401196127,1,0.023,0.02315014,42.87,BTC-30MAY25-90000-P,94584.69,buy,3.5,3.5,,,,,,1746401196.127
1482,364663988,1746401212482,1,0.023,0.02315039,42.86,BTC-30MAY25-90000-P,94581.49,buy,0.1,0.1,,,,,,1746401212.482
1483,364663989,1746401212630,1,0.023,0.02315039,42.86,BTC-30MAY25-90000-P,94581.49,buy,0.1,0.1,,,,,,1746401212.63
1484,364664008,1746401213260,1,0.023,0.02315039,42.86,BTC-30MAY25-90000-P,94581.49,buy,0.1,0.1,,,,,,1746401213.26
1485,364664009,1746401213267,1,0.023,0.02315039,42.86,BTC-30MAY25-90000-P,94581.49,buy,0.1,0.1,,,,,,1746401213.267
1486,364664075,1746401220942,1,0.023,0.02317986,42.81,BTC-30MAY25-90000-P,94569.74,buy,0.1,0.1,,,,,,1746401220.942
1487,364664076,1746401220950,1,0.023,0.02317986,42.81,BTC-30MAY25-90000-P,94569.74,buy,0.1,0.1,,,,,,1746401220.95
1488,364664077,1746401220960,1,0.023,0.02317986,42.81,BTC-30MAY25-90000-P,94569.74,buy,0.1,0.1,,,,,,1746401220.96
1489,364664224,1746401227244,1,0.023,0.0231894,42.8,BTC-30MAY25-90000-P,94567.81,buy,0.1,0.1,,,,,,1746401227.244
1490,364664230,1746401227292,1,0.023,0.0231894,42.8,BTC-30MAY25-90000-P,94567.81,buy,0.1,0.1,,,,,,1746401227.292
1491,364664242,1746401227327,1,0.023,0.0231894,42.8,BTC-30MAY25-90000-P,94567.81,buy,0.4,0.4,,,,,,1746401227.327
1492,364664244,1746401227330,1,0.023,0.0231894,42.8,BTC-30MAY25-90000-P,94567.81,buy,0.1,0.1,,,,,,1746401227.33
1493,364664255,1746401227339,1,0.023,0.0231894,42.8,BTC-30MAY25-90000-P,94567.81,buy,3.8,3.8,,,,,,1746401227.339
1494,364664268,1746401227370,1,0.023,0.0231894,42.8,BTC-30MAY25-90000-P,94567.81,buy,0.1,0.1,,,,,,1746401227.37
1495,364664271,1746401227378,1,0.023,0.02319069,42.8,BTC-30MAY25-90000-P,94568.27,buy,0.1,0.1,,,,,,1746401227.378
1496,364664274,1746401227403,1,0.023,0.02319069,42.8,BTC-30MAY25-90000-P,94568.27,buy,0.2,0.2,,,,,,1746401227.403
1497,364664275,1746401227406,1,0.023,0.02319069,42.8,BTC-30MAY25-90000-P,94568.27,buy,0.3,0.3,,,,,,1746401227.406
1498,364664277,1746401227420,1,0.023,0.02319069,42.8,BTC-30MAY25-90000-P,94568.27,buy,0.3,0.3,,,,,,1746401227.42
1499,364664280,1746401227428,1,0.023,0.02319069,42.8,BTC-30MAY25-90000-P,94568.27,buy,0.5,0.5,,,,,,1746401227.428
1500,364664282,1746401227433,1,0.023,0.02319069,42.8,BTC-30MAY25-90000-P,94568.27,buy,0.1,0.1,,,,,,1746401227.433
1501,364664283,1746401227435,1,0.023,0.02319069,42.8,BTC-30MAY25-90000-P,94568.27,buy,0.1,0.1,,,,,,1746401227.435
1502,364664286,1746401227443,1,0.023,0.02319069,42.8,BTC-30MAY25-90000-P,94568.27,buy,0.1,0.1,,,,,,1746401227.443
1503,364664287,1746401227452,1,0.023,0.02319069,42.8,BTC-30MAY25-90000-P,94568.27,buy,0.8,0.8,,,,,,1746401227.452
1504,364664289,1746401227457,1,0.023,0.02319069,42.8,BTC-30MAY25-90000-P,94568.27,buy,0.1,0.1,,,,,,1746401227.457
1505,364664291,1746401227459,1,0.023,0.02319069,42.8,BTC-30MAY25-90000-P,94568.27,buy,0.2,0.2,,,,,,1746401227.459
1506,364664292,1746401227468,1,0.023,0.02319069,42.8,BTC-30MAY25-90000-P,94568.27,buy,2.3,2.3,,,,,,1746401227.468
1507,364664293,1746401227477,1,0.023,0.02319069,42.8,BTC-30MAY25-90000-P,94568.27,buy,0.4,0.4,,,,,,1746401227.477
1508,364664294,1746401227481,1,0.023,0.02319069,42.8,BTC-30MAY25-90000-P,94568.27,buy,0.1,0.1,,,,,,1746401227.481
1509,364664296,1746401227483,1,0.023,0.02319069,42.8,BTC-30MAY25-90000-P,94568.27,buy,0.5,0.5,,,,,,1746401227.483
1510,364674080,1746404097992,0,0.024,0.02387677,43.59,BTC-30MAY25-90000-P,94477.67,buy,0.1,0.1,,,,,,1746404097.992
1511,364677107,1746406849045,2,0.023,0.02324563,43.13,BTC-30MAY25-90000-P,94650.26,buy,0.1,0.1,,,,,,1746406849.045
1512,364678385,1746407889872,0,0.0235,0.02381413,42.95,BTC-30MAY25-90000-P,94449.23,sell,0.1,0.1,,,,,,1746407889.872
1513,364685101,1746409975542,0,0.0255,0.02535869,43.51,BTC-30MAY25-90000-P,94023.43,sell,1.0,1.0,,,,,,1746409975.542
1514,364691861,1746412850197,2,0.0245,0.02456395,43.72,BTC-30MAY25-90000-P,94320.94,sell,0.1,0.1,,,,,,1746412850.197
1515,364692442,1746413439175,2,0.024,0.02443531,43.27,BTC-30MAY25-90000-P,94323.84,sell,0.1,0.1,,,,,,1746413439.175
1516,364692443,1746413439936,3,0.024,0.02443488,43.27,BTC-30MAY25-90000-P,94324.3,sell,0.1,0.1,,,,,,1746413439.936
1517,364692663,1746413743321,3,0.024,0.02432149,43.36,BTC-30MAY25-90000-P,94345.42,sell,0.1,0.1,,,,,,1746413743.321
1518,364697243,1746416609919,0,0.025,0.02502516,43.64,BTC-30MAY25-90000-P,94130.84,sell,0.1,0.1,,,,,,1746416609.919
1519,364698358,1746417928033,1,0.025,0.02484757,43.82,BTC-30MAY25-90000-P,94164.83,sell,0.9,0.9,,,,,,1746417928.033
1520,364703648,1746420453588,2,0.024,0.02383065,43.59,BTC-30MAY25-90000-P,94407.85,buy,1.0,1.0,,,,,,1746420453.588
1521,364709246,1746425195173,2,0.023,0.02307179,43.57,BTC-30MAY25-90000-P,94678.27,sell,1.0,1.0,,,,,,1746425195.173
1522,364712393,1746428875720,3,0.023,0.02315558,43.51,BTC-30MAY25-90000-P,94640.41,sell,1.0,1.0,,,,,,1746428875.72
1523,364715627,1746431285648,3,0.023,0.02291925,43.58,BTC-30MAY25-90000-P,94670.16,buy,1.0,1.0,,,,,,1746431285.648
1524,364721057,1746435600888,3,0.023,0.02303155,43.15,BTC-30MAY25-90000-P,94562.7,sell,0.1,0.1,,,,,,1746435600.888
1525,364721149,1746435715541,3,0.023,0.02308565,43.11,BTC-30MAY25-90000-P,94555.07,sell,0.6,0.6,,,,,,1746435715.541
1526,364721417,1746436044676,3,0.023,0.02299659,43.22,BTC-30MAY25-90000-P,94574.58,buy,0.1,0.1,,,,,,1746436044.676
1527,364721567,1746436274140,3,0.023,0.02318245,43.02,BTC-30MAY25-90000-P,94533.52,sell,0.9,0.9,,,,,,1746436274.14
1528,364725185,1746441077764,0,0.0235,0.02358526,43.35,BTC-30MAY25-90000-P,94442.67,sell,3.0,3.0,,,,,,1746441077.764
1529,364727045,1746442152305,0,0.025,0.02476508,43.54,BTC-30MAY25-90000-P,94083.84,buy,0.1,0.1,,,,,,1746442152.305
1530,364727777,1746442804793,2,0.0245,0.02451557,43.15,BTC-30MAY25-90000-P,94109.46,sell,1.0,1.0,,,,,,1746442804.793
1531,364727782,1746442809004,3,0.0245,0.02456137,43.16,BTC-30MAY25-90000-P,94112.03,sell,1.0,1.0,,,,,,1746442809.004
1532,364728739,1746443959424,2,0.024,0.02403779,43.16,BTC-30MAY25-90000-P,94250.93,sell,1.0,1.0,,,,,,1746443959.424
1533,364733942,1746447001747,0,0.025,0.02492319,43.75,BTC-30MAY25-90000-P,94124.78,sell,2.0,2.0,,,,,,1746447001.747
1534,364735511,1746447964583,2,0.0245,0.02450169,43.76,BTC-30MAY25-90000-P,94263.19,sell,0.2,0.2,,,,,,1746447964.583
1535,364735514,1746447965580,3,0.0245,0.02450169,43.82,BTC-30MAY25-90000-P,94277.32,sell,1.0,1.0,,,,,,1746447965.58
1536,364736652,1746449207895,2,0.024,0.02410133,43.43,BTC-30MAY25-90000-P,94298.15,buy,0.1,0.1,,,,,,1746449207.895
1537,364759096,1746455651890,0,0.0255,0.02551842,43.27,BTC-30MAY25-90000-P,93806.55,buy,0.3,0.3,,,,,,1746455651.89
1538,364760568,1746456195228,2,0.0245,0.02447489,43.19,BTC-30MAY25-90000-P,94055.9,buy,0.4,0.4,,,,,,1746456195.228
1539,364760882,1746456424820,2,0.024,0.02409848,43.0,BTC-30MAY25-90000-P,94141.43,buy,1.0,1.0,,,,,,1746456424.82
1540,364761291,1746456598023,3,0.024,0.02401192,43.0,BTC-30MAY25-90000-P,94147.1,buy,1.0,1.0,,,,,,1746456598.023
1541,364761547,1746456747062,3,0.024,0.02400449,43.0,BTC-30MAY25-90000-P,94141.62,buy,1.0,1.0,,,,,,1746456747.062
1542,364761927,1746456884983,0,0.0245,0.02454169,42.91,BTC-30MAY25-90000-P,93985.18,buy,4.8,4.8,,,,,,1746456884.983
1543,364767886,1746459611974,0,0.025,0.02546882,42.73,BTC-30MAY25-90000-P,93802.53,sell,0.4,0.4,,,,,,1746459611.974
1544,364773592,1746463901983,2,0.024,0.02399491,42.92,BTC-30MAY25-90000-P,94122.61,buy,0.5,0.5,,,,,,1746463901.983
1545,364779398,1746466752582,2,0.0228,0.02284578,43.1,BTC-30MAY25-90000-P,94478.55,sell,13.0,13.0,2.0,BLOCK-195917,,BTC-RR-30MAY25-90000_100000,,1746466752.582
1546,364788518,1746470069007,2,0.022,0.02198091,43.15,BTC-30MAY25-90000-P,94709.95,sell,1.6,1.6,,,,,,1746470069.007
1547,364794160,1746474323759,3,0.022,0.02206186,42.34,BTC-30MAY25-90000-P,94486.88,buy,0.5,0.5,,,,,,1746474323.759
1548,364797889,1746477075539,0,0.023,0.02316796,42.02,BTC-30MAY25-90000-P,94119.8,buy,0.5,0.5,,,,,,1746477075.539
1549,364799897,1746477994709,1,0.023,0.02351509,41.62,BTC-30MAY25-90000-P,94010.19,sell,0.6,0.6,,,,,,1746477994.709
1550,364799898,1746477994822,1,0.023,0.02351509,41.62,BTC-30MAY25-90000-P,94010.19,sell,1.0,1.0,,,,,,1746477994.822
1551,364799899,1746477994921,1,0.023,0.02351509,41.62,BTC-30MAY25-90000-P,94010.19,sell,0.4,0.4,,,,,,1746477994.921
1552,364799900,1746477995024,1,0.023,0.02351509,41.62,BTC-30MAY25-90000-P,94010.19,sell,0.6,0.6,,,,,,1746477995.024
1553,364799901,1746477995126,1,0.023,0.02351509,41.62,BTC-30MAY25-90000-P,94010.19,sell,0.2,0.2,,,,,,1746477995.126
1554,364799902,1746477995229,1,0.023,0.02351509,41.62,BTC-30MAY25-90000-P,94010.19,sell,0.7,0.7,,,,,,1746477995.229
1555,364799905,1746477995337,1,0.023,0.02351509,41.62,BTC-30MAY25-90000-P,94010.19,sell,0.1,0.1,,,,,,1746477995.337
1556,364799906,1746477995441,1,0.023,0.02351509,41.62,BTC-30MAY25-90000-P,94010.19,sell,2.5,2.5,,,,,,1746477995.441
1558,364799908,1746477995559,1,0.023,0.0235112,41.62,BTC-30MAY25-90000-P,94010.69,sell,10.8,10.8,,,,,,1746477995.559
1557,364799907,1746477995559,1,0.023,0.0235112,41.62,BTC-30MAY25-90000-P,94010.69,sell,4.7,4.7,,,,,,1746477995.559
1560,364799910,1746477995658,1,0.023,0.0235112,41.62,BTC-30MAY25-90000-P,94010.69,sell,0.1,0.1,,,,,,1746477995.658
1559,364799909,1746477995658,1,0.023,0.0235112,41.62,BTC-30MAY25-90000-P,94010.69,sell,0.1,0.1,,,,,,1746477995.658
1561,364799912,1746477995751,1,0.023,0.0235112,41.62,BTC-30MAY25-90000-P,94010.69,sell,0.1,0.1,,,,,,1746477995.751
1562,364809415,1746485336438,2,0.02,0.02000878,41.98,BTC-30MAY25-90000-P,94985.6,sell,1.0,1.0,,,,,,1746485336.438
1563,364810131,1746486164882,2,0.0195,0.01959943,41.85,BTC-30MAY25-90000-P,95111.88,sell,1.0,1.0,,,,,,1746486164.882
1564,364811400,1746487566963,0,0.02,0.01988601,42.0,BTC-30MAY25-90000-P,94997.92,buy,0.5,0.5,,,,,,1746487566.963
1565,364811401,1746487566965,1,0.02,0.01988601,42.0,BTC-30MAY25-90000-P,94997.92,sell,0.5,0.5,,,,,,1746487566.965
1566,364811650,1746487971185,1,0.02,0.02024312,41.59,BTC-30MAY25-90000-P,94872.58,sell,0.1,0.1,,,,,,1746487971.185
1567,364813091,1746490698519,0,0.021,0.02092336,41.77,BTC-30MAY25-90000-P,94594.43,buy,1.0,1.0,,,,,,1746490698.519
1568,364813282,1746491095549,1,0.021,0.02098537,41.8,BTC-30MAY25-90000-P,94596.89,sell,1.0,1.0,,,,,,1746491095.549
1570,364814264,1746492051107,1,0.0215,0.02142308,41.79,BTC-30MAY25-90000-P,94445.7,buy,0.3,0.3,,,,,,1746492051.107
1569,364814263,1746492051107,0,0.0215,0.02142308,41.79,BTC-30MAY25-90000-P,94445.7,buy,0.7,0.7,,,,,,1746492051.107
1572,364814348,1746492087030,1,0.0215,0.02134586,41.89,BTC-30MAY25-90000-P,94466.77,buy,1.5,1.5,,,,,,1746492087.03
1571,364814347,1746492087030,1,0.0215,0.02134586,41.89,BTC-30MAY25-90000-P,94466.77,buy,0.6,0.6,,,,,,1746492087.03
1573,364814349,1746492087032,1,0.0215,0.02134586,41.89,BTC-30MAY25-90000-P,94466.77,sell,0.9,0.9,,,,,,1746492087.032
1574,364814387,1746492225487,1,0.0215,0.02137688,41.85,BTC-30MAY25-90000-P,94458.81,buy,0.7,0.7,,,,,,1746492225.487
1575,364814388,1746492225490,1,0.0215,0.02137688,41.85,BTC-30MAY25-90000-P,94458.81,sell,1.3,1.3,,,,,,1746492225.49
1576,364814389,1746492231569,1,0.0215,0.02138436,41.84,BTC-30MAY25-90000-P,94456.68,sell,2.0,2.0,,,,,,1746492231.569
1577,364815804,1746494949798,2,0.0205,0.02053798,41.98,BTC-30MAY25-90000-P,94801.67,sell,1.0,1.0,,,,,,1746494949.798
1578,364819611,1746497904117,0,0.0225,0.02241043,42.01,BTC-30MAY25-90000-P,94185.29,buy,0.1,0.1,,,,,,1746497904.117
1579,364827475,1746506603709,2,0.022,0.02186367,42.46,BTC-30MAY25-90000-P,94463.8,buy,0.7,0.7,,,,,,1746506603.709
1580,364827606,1746506666894,3,0.022,0.02189825,42.44,BTC-30MAY25-90000-P,94461.47,buy,0.8,0.8,,,,,,1746506666.894
1581,364833105,1746514964663,2,0.0215,0.02151962,42.45,BTC-30MAY25-90000-P,94577.36,sell,0.1,0.1,,,,,,1746514964.663
1582,364839217,1746518427047,0,0.022,0.02209134,42.11,BTC-30MAY25-90000-P,94375.58,buy,0.1,0.1,,,,,,1746518427.047
1583,364842976,1746520160784,0,0.023,0.02292762,42.08,BTC-30MAY25-90000-P,94053.18,buy,0.6,0.6,,,,,,1746520160.784
1584,364842977,1746520160784,1,0.023,0.02292762,42.08,BTC-30MAY25-90000-P,94053.18,buy,10.1,10.1,,,,,,1746520160.784
1585,364842978,1746520160791,1,0.023,0.02292762,42.08,BTC-30MAY25-90000-P,94053.18,buy,2.5,2.5,,,,,,1746520160.791
1586,364843003,1746520161345,1,0.023,0.02292203,42.08,BTC-30MAY25-90000-P,94053.24,buy,0.7,0.7,,,,,,1746520161.345
1587,364843004,1746520161364,1,0.023,0.02292203,42.08,BTC-30MAY25-90000-P,94053.24,buy,0.2,0.2,,,,,,1746520161.364
1588,364843006,1746520161579,1,0.023,0.02292203,42.08,BTC-30MAY25-90000-P,94053.24,buy,0.1,0.1,,,,,,1746520161.579
1589,364843007,1746520161589,1,0.023,0.02292203,42.08,BTC-30MAY25-90000-P,94053.24,buy,0.1,0.1,,,,,,1746520161.589
1590,364843024,1746520163114,1,0.023,0.02299679,41.86,BTC-30MAY25-90000-P,94000.96,buy,1.5,1.5,,,,,,1746520163.114
1594,364843090,1746520167233,1,0.023,0.023123,41.87,BTC-30MAY25-90000-P,94003.83,buy,0.7,0.7,,,,,,1746520167.233
1592,364843088,1746520167233,1,0.023,0.023123,41.87,BTC-30MAY25-90000-P,94003.83,buy,0.2,0.2,,,,,,1746520167.233
1597,364843093,1746520167233,1,0.023,0.023123,41.87,BTC-30MAY25-90000-P,94003.83,buy,2.5,2.5,,,,,,1746520167.233
1593,364843089,1746520167233,1,0.023,0.023123,41.87,BTC-30MAY25-90000-P,94003.83,buy,0.1,0.1,,,,,,1746520167.233
1591,364843087,1746520167233,1,0.023,0.023123,41.87,BTC-30MAY25-90000-P,94003.83,buy,0.3,0.3,,,,,,1746520167.233
1599,364843095,1746520167233,1,0.023,0.023123,41.87,BTC-30MAY25-90000-P,94003.83,buy,1.0,1.0,,,,,,1746520167.233
1595,364843091,1746520167233,1,0.023,0.023123,41.87,BTC-30MAY25-90000-P,94003.83,buy,0.2,0.2,,,,,,1746520167.233
1600,364843096,1746520167233,1,0.023,0.023123,41.87,BTC-30MAY25-90000-P,94003.83,buy,0.4,0.4,,,,,,1746520167.233
1598,364843094,1746520167233,1,0.023,0.023123,41.87,BTC-30MAY25-90000-P,94003.83,buy,0.6,0.6,,,,,,1746520167.233
1596,364843092,1746520167233,1,0.023,0.023123,41.87,BTC-30MAY25-90000-P,94003.83,buy,0.1,0.1,,,,,,1746520167.233
1601,364843238,1746520222857,2,0.0225,0.02292275,41.53,BTC-30MAY25-90000-P,94052.08,sell,0.4,0.4,,,,,,1746520222.857
1602,364847021,1746524544533,3,0.0225,0.02261994,41.8,BTC-30MAY25-90000-P,94117.3,buy,0.9,0.9,,,,,,1746524544.533
1603,364847374,1746525266835,2,0.022,0.02207918,41.55,BTC-30MAY25-90000-P,94179.38,buy,9.1,9.1,,,,,,1746525266.835
1604,364847653,1746525886644,3,0.022,0.02188953,41.48,BTC-30MAY25-90000-P,94170.3,buy,10.0,10.0,,,,,,1746525886.644
1605,364848350,1746526806098,3,0.022,0.02195729,41.76,BTC-30MAY25-90000-P,94228.17,sell,2.0,2.0,,,,,,1746526806.098
1606,364848951,1746527222337,3,0.022,0.02189319,41.76,BTC-30MAY25-90000-P,94246.25,buy,4.3,4.3,,,,,,1746527222.337
1607,364854115,1746531670469,0,0.023,0.02350936,41.39,BTC-30MAY25-90000-P,93863.17,sell,0.1,0.1,,,,,,1746531670.469
1608,364854899,1746532321119,0,0.024,0.02384746,42.05,BTC-30MAY25-90000-P,93750.07,sell,1.0,1.0,,,,,,1746532321.119
1609,364857161,1746533524557,2,0.0235,0.02379547,41.66,BTC-30MAY25-90000-P,93797.32,sell,0.1,0.1,,,,,,1746533524.557
1610,364858641,1746534822497,3,0.0235,0.02337666,42.16,BTC-30MAY25-90000-P,93905.95,sell,0.9,0.9,,,,,,1746534822.497
1611,364860999,1746537409033,0,0.024,0.02400063,42.01,BTC-30MAY25-90000-P,93724.17,sell,1.0,1.0,,,,,,1746537409.033
1612,364862910,1746538369859,2,0.0238,0.02366394,42.17,BTC-30MAY25-90000-P,93814.05,buy,9.0,9.0,2.0,BLOCK-195996,2907.0,BTC-PSR12-30MAY25-90000_84000,,1746538369.859
1613,364876017,1746541013967,2,0.023,0.02283955,42.74,BTC-30MAY25-90000-P,94180.82,sell,0.9,0.9,,,,,,1746541013.967
1614,364883627,1746543520734,2,0.022,0.02264909,41.55,BTC-30MAY25-90000-P,94159.37,sell,0.3,0.3,,,,,,1746543520.734
1615,364948752,1746574246281,2,0.016,0.01609563,43.7,BTC-30MAY25-90000-P,96596.55,sell,0.1,0.1,,,,,,1746574246.281
1616,364948772,1746574282122,3,0.016,0.01609975,43.71,BTC-30MAY25-90000-P,96599.91,sell,0.1,0.1,,,,,,1746574282.122
1617,364949686,1746574890318,3,0.016,0.01614935,43.79,BTC-30MAY25-90000-P,96622.59,sell,0.2,0.2,,,,,,1746574890.318
1618,364949705,1746574894691,3,0.016,0.01614746,43.81,BTC-30MAY25-90000-P,96626.16,sell,0.2,0.2,,,,,,1746574894.691
1619,364950896,1746575274031,2,0.0155,0.0157567,43.81,BTC-30MAY25-90000-P,96837.3,sell,0.1,0.1,,,,,,1746575274.031
1620,364950944,1746575299664,3,0.0155,0.01581013,43.69,BTC-30MAY25-90000-P,96804.84,sell,0.1,0.1,,,,,,1746575299.664
1621,364956646,1746577335755,2,0.015,0.01489569,44.6,BTC-30MAY25-90000-P,97275.4,sell,0.1,0.1,,,,,,1746577335.755
1622,364956647,1746577335755,3,0.015,0.01489569,44.6,BTC-30MAY25-90000-P,97275.4,sell,3.1,3.1,,,,,,1746577335.755
1623,364956649,1746577335770,3,0.015,0.01489569,44.6,BTC-30MAY25-90000-P,97275.4,sell,0.1,0.1,,,,,,1746577335.77
1624,364985748,1746590453844,0,0.016,0.01610929,43.44,BTC-30MAY25-90000-P,96512.85,sell,0.1,0.1,,,,,,1746590453.844
1625,364986000,1746590719751,1,0.016,0.01589794,43.73,BTC-30MAY25-90000-P,96591.07,sell,0.1,0.1,,,,,,1746590719.751
1626,364986006,1746590722812,1,0.016,0.01593398,43.69,BTC-30MAY25-90000-P,96580.52,sell,0.1,0.1,,,,,,1746590722.812
1627,364989300,1746595886304,1,0.016,0.01607533,43.46,BTC-30MAY25-90000-P,96481.3,sell,0.8,0.8,,,,,,1746595886.304
1628,364989362,1746596048386,2,0.0155,0.016011,42.56,BTC-30MAY25-90000-P,96419.17,sell,0.9,0.9,,,,,,1746596048.386
1629,364989363,1746596048386,3,0.0155,0.016011,42.56,BTC-30MAY25-90000-P,96419.17,sell,0.1,0.1,,,,,,1746596048.386
1630,364989364,1746596061801,3,0.0155,0.01599085,42.58,BTC-30MAY25-90000-P,96421.66,sell,0.8,0.8,,,,,,1746596061.801
1631,364989365,1746596061801,3,0.0155,0.01599085,42.58,BTC-30MAY25-90000-P,96421.66,sell,0.2,0.2,,,,,,1746596061.801
1632,364989368,1746596106295,3,0.0155,0.01596198,42.58,BTC-30MAY25-90000-P,96422.03,sell,1.0,1.0,,,,,,1746596106.295
1633,364989369,1746596117867,3,0.0155,0.01594519,42.6,BTC-30MAY25-90000-P,96426.18,sell,1.2,1.2,,,,,,1746596117.867
1634,364989404,1746596183622,0,0.016,0.01598112,43.12,BTC-30MAY25-90000-P,96392.88,buy,5.0,5.0,,,,,,1746596183.622
1635,364989856,1746597297457,0,0.0165,0.01615269,43.48,BTC-30MAY25-90000-P,96333.93,buy,0.2,0.2,,,,,,1746597297.457
1636,364989903,1746597384160,2,0.016,0.01607712,42.91,BTC-30MAY25-90000-P,96348.08,sell,0.1,0.1,,,,,,1746597384.16
1638,364989909,1746597391826,3,0.0155,0.01607154,42.27,BTC-30MAY25-90000-P,96347.56,sell,5.7,5.7,,,,,,1746597391.826
1637,364989908,1746597391826,2,0.0155,0.01607154,42.27,BTC-30MAY25-90000-P,96347.56,sell,4.2,4.2,,,,,,1746597391.826
1639,364990026,1746597626803,0,0.016,0.01595851,42.97,BTC-30MAY25-90000-P,96359.97,buy,0.1,0.1,,,,,,1746597626.803
1640,364990028,1746597628195,1,0.016,0.01596853,42.96,BTC-30MAY25-90000-P,96359.57,buy,0.1,0.1,,,,,,1746597628.195
1641,364990029,1746597629303,1,0.016,0.01596999,42.96,BTC-30MAY25-90000-P,96359.19,buy,0.2,0.2,,,,,,1746597629.303
1642,364990804,1746598699138,2,0.015,0.01535677,42.52,BTC-30MAY25-90000-P,96621.0,sell,0.1,0.1,,,,,,1746598699.138
1643,364990825,1746598788182,3,0.015,0.01533965,42.52,BTC-30MAY25-90000-P,96620.0,sell,0.1,0.1,,,,,,1746598788.182
1644,364990973,1746599068279,0,0.0151,0.01538349,42.49,BTC-30MAY25-90000-P,96564.7,sell,25.0,25.0,1.0,BLOCK-196193,,,,1746599068.279
1645,364990976,1746599076688,0,0.0155,0.01539425,42.99,BTC-30MAY25-90000-P,96559.84,buy,2.0,2.0,,,,,,1746599076.688
1646,364991049,1746599306695,1,0.0155,0.01544758,42.87,BTC-30MAY25-90000-P,96520.69,buy,3.0,3.0,,,,,,1746599306.695
1647,364991050,1746599306695,1,0.0155,0.01544758,42.87,BTC-30MAY25-90000-P,96520.69,buy,3.5,3.5,,,,,,1746599306.695
1648,364991051,1746599333468,1,0.0155,0.01543467,42.89,BTC-30MAY25-90000-P,96525.06,sell,0.1,0.1,,,,,,1746599333.468
1649,364991283,1746599713063,2,0.0151,0.01527666,42.5,BTC-30MAY25-90000-P,96560.14,sell,50.0,50.0,2.0,BLOCK-196195,,BTC-RR-30MAY25-90000_100000,,1746599713.063
1650,364991354,1746599846067,0,0.0155,0.01537786,42.84,BTC-30MAY25-90000-P,96515.65,buy,0.3,0.3,,,,,,1746599846.067
1651,364991355,1746599846218,1,0.0155,0.01539645,42.84,BTC-30MAY25-90000-P,96514.3,buy,0.1,0.1,,,,,,1746599846.218
1652,364991382,1746599847876,1,0.0155,0.01539645,42.81,BTC-30MAY25-90000-P,96507.39,buy,0.5,0.5,,,,,,1746599847.876
1654,364991403,1746599850479,1,0.0155,0.01543586,42.79,BTC-30MAY25-90000-P,96500.14,buy,4.5,4.5,,,,,,1746599850.479
1653,364991402,1746599850479,1,0.0155,0.01543586,42.79,BTC-30MAY25-90000-P,96500.14,buy,4.0,4.0,,,,,,1746599850.479
1656,364991960,1746600349706,1,0.0155,0.01568754,42.71,BTC-30MAY25-90000-P,96474.06,sell,0.3,0.3,,,,,,1746600349.706
1655,364991959,1746600349706,1,0.0155,0.01568754,42.71,BTC-30MAY25-90000-P,96474.06,sell,0.1,0.1,,,,,,1746600349.706
1657,364992139,1746600531390,2,0.0154,0.01559752,42.73,BTC-30MAY25-90000-P,96510.64,sell,50.0,50.0,2.0,BLOCK-196197,,BTC-RR-30MAY25-90000_100000,,1746600531.39
1659,364992434,1746600864075,1,0.0155,0.01555572,43.01,BTC-30MAY25-90000-P,96541.95,sell,1.0,1.0,,,,,,1746600864.075
1658,364992433,1746600864075,0,0.0155,0.01555572,43.01,BTC-30MAY25-90000-P,96541.95,sell,0.7,0.7,,,,,,1746600864.075
1660,364992681,1746601030561,2,0.0152,0.01552767,42.53,BTC-30MAY25-90000-P,96524.92,sell,50.0,50.0,1.0,BLOCK-196200,3007.0,,,1746601030.561
1661,364993406,1746601786344,2,0.015,0.01504464,42.78,BTC-30MAY25-90000-P,96666.62,buy,0.4,0.4,,,,,,1746601786.344
1662,364993408,1746601786417,3,0.015,0.01504464,42.78,BTC-30MAY25-90000-P,96666.62,buy,0.1,0.1,,,,,,1746601786.417
1664,364993411,1746601786502,3,0.015,0.01504464,42.78,BTC-30MAY25-90000-P,96666.62,buy,0.1,0.1,,,,,,1746601786.502
1663,364993410,1746601786502,3,0.015,0.01504464,42.78,BTC-30MAY25-90000-P,96666.62,buy,2.4,2.4,,,,,,1746601786.502
1665,364993412,1746601786512,3,0.015,0.01504464,42.78,BTC-30MAY25-90000-P,96666.62,buy,0.1,0.1,,,,,,1746601786.512
1666,364993413,1746601786522,3,0.015,0.01504464,42.78,BTC-30MAY25-90000-P,96666.62,buy,0.1,0.1,,,,,,1746601786.522
1667,364999137,1746606879186,2,0.0145,0.01439256,43.06,BTC-30MAY25-90000-P,96962.28,buy,0.5,0.5,,,,,,1746606879.186
1668,365001092,1746609171008,3,0.0145,0.01437732,43.06,BTC-30MAY25-90000-P,96948.82,buy,1.1,1.1,,,,,,1746609171.008
1669,365001177,1746609224094,3,0.0145,0.01432369,43.12,BTC-30MAY25-90000-P,96960.16,buy,0.8,0.8,,,,,,1746609224.094
1670,365001227,1746609278148,3,0.0145,0.01435944,43.07,BTC-30MAY25-90000-P,96945.45,buy,0.2,0.2,,,,,,1746609278.148
1671,365001339,1746609413870,3,0.0145,0.01434824,43.11,BTC-30MAY25-90000-P,96956.31,buy,0.4,0.4,,,,,,1746609413.87
1672,365001363,1746609426430,3,0.0145,0.01437936,43.06,BTC-30MAY25-90000-P,96944.43,buy,0.3,0.3,,,,,,1746609426.43
1673,365001379,1746609431716,3,0.0145,0.0143901,43.03,BTC-30MAY25-90000-P,96934.8,buy,0.2,0.2,,,,,,1746609431.716
1674,365009205,1746619278513,2,0.014,0.01413539,42.96,BTC-30MAY25-90000-P,97076.34,sell,0.9,0.9,,,,,,1746619278.513
1676,365009207,1746619278513,3,0.014,0.01413539,42.96,BTC-30MAY25-90000-P,97076.34,sell,3.9,3.9,,,,,,1746619278.513
1675,365009206,1746619278513,3,0.014,0.01413539,42.96,BTC-30MAY25-90000-P,97076.34,sell,0.1,0.1,,,,,,1746619278.513
1678,365009209,1746619278513,3,0.014,0.01413539,42.96,BTC-30MAY25-90000-P,97076.34,sell,1.1,1.1,,,,,,1746619278.513
1677,365009208,1746619278513,3,0.014,0.01413539,42.96,BTC-30MAY25-90000-P,97076.34,sell,1.0,1.0,,,,,,1746619278.513
1679,365014080,1746625295088,0,0.0145,0.01429287,43.82,BTC-30MAY25-90000-P,97121.98,sell,0.1,0.1,,,,,,1746625295.088
1680,365014198,1746625371930,1,0.0145,0.01431899,43.86,BTC-30MAY25-90000-P,97147.21,sell,1.0,1.0,,,,,,1746625371.93
1681,365021835,1746629406209,2,0.014,0.01408563,43.26,BTC-30MAY25-90000-P,97168.4,buy,1.0,1.0,,,,,,1746629406.209
1682,365025136,1746630652856,0,0.0145,0.01443079,43.53,BTC-30MAY25-90000-P,97001.73,sell,0.1,0.1,,,,,,1746630652.856
1683,365025144,1746630654033,1,0.0145,0.01443079,43.56,BTC-30MAY25-90000-P,97011.04,sell,0.1,0.1,,,,,,1746630654.033
1684,365025147,1746630655309,1,0.0145,0.01438234,43.66,BTC-30MAY25-90000-P,97041.19,sell,0.1,0.1,,,,,,1746630655.309
1685,365025148,1746630656009,1,0.0145,0.01438234,43.66,BTC-30MAY25-90000-P,97041.19,sell,0.1,0.1,,,,,,1746630656.009
1686,365025155,1746630657358,1,0.0145,0.01430758,43.67,BTC-30MAY25-90000-P,97043.75,sell,0.1,0.1,,,,,,1746630657.358
1687,365025166,1746630658129,1,0.0145,0.01430758,43.67,BTC-30MAY25-90000-P,97043.75,sell,0.1,0.1,,,,,,1746630658.129
1688,365025179,1746630659165,1,0.0145,0.01430359,43.66,BTC-30MAY25-90000-P,97040.56,sell,0.1,0.1,,,,,,1746630659.165
1689,365025182,1746630660107,1,0.0145,0.01431259,43.64,BTC-30MAY25-90000-P,97036.72,sell,0.1,0.1,,,,,,1746630660.107
1690,365025186,1746630661147,1,0.0145,0.01432341,43.63,BTC-30MAY25-90000-P,97034.09,sell,0.1,0.1,,,,,,1746630661.147
1691,365025189,1746630662324,1,0.0145,0.01433097,43.64,BTC-30MAY25-90000-P,97035.78,sell,0.1,0.1,,,,,,1746630662.324
1692,365032223,1746637768516,0,0.015,0.01474717,43.36,BTC-30MAY25-90000-P,96760.92,buy,0.1,0.1,,,,,,1746637768.516
1693,365035059,1746640373575,1,0.015,0.01511385,42.4,BTC-30MAY25-90000-P,96465.74,buy,1.5,1.5,,,,,,1746640373.575
1694,365037874,1746640829595,1,0.015,0.01550062,42.29,BTC-30MAY25-90000-P,96411.35,sell,1.5,1.5,,,,,,1746640829.595
1695,365037883,1746640829690,1,0.015,0.01550062,42.29,BTC-30MAY25-90000-P,96411.35,sell,0.3,0.3,,,,,,1746640829.69
1696,365052139,1746644708383,1,0.015,0.01519337,42.24,BTC-30MAY25-90000-P,96435.45,buy,0.1,0.1,,,,,,1746644708.383
1697,365055979,1746645926399,0,0.0155,0.01559382,42.16,BTC-30MAY25-90000-P,96225.54,buy,0.1,0.1,,,,,,1746645926.399
1698,365079522,1746654418904,2,0.0125,0.01274003,41.96,BTC-30MAY25-90000-P,97314.54,sell,0.3,0.3,,,,,,1746654418.904
1699,365084799,1746657858175,3,0.0125,0.01287879,41.83,BTC-30MAY25-90000-P,97237.28,sell,0.1,0.1,,,,,,1746657858.175
1701,365091950,1746664342046,1,0.0135,0.01304003,42.89,BTC-30MAY25-90000-P,97128.54,buy,0.9,0.9,,,,,,1746664342.046
1700,365091949,1746664342046,0,0.0135,0.01304003,42.89,BTC-30MAY25-90000-P,97128.54,buy,0.1,0.1,,,,,,1746664342.046
1702,365092251,1746664548832,2,0.0133,0.01337062,42.12,BTC-30MAY25-90000-P,96984.02,buy,100.0,100.0,4.0,BLOCK-196326,3041.0,,,1746664548.832
1703,365092484,1746664648631,0,0.0135,0.01346479,42.19,BTC-30MAY25-90000-P,96918.88,buy,1.0,1.0,,,,,,1746664648.631
1704,365092498,1746664670840,1,0.0135,0.01350897,42.17,BTC-30MAY25-90000-P,96911.96,sell,1.0,1.0,,,,,,1746664670.84
1705,365092683,1746664886590,1,0.0135,0.01346411,42.19,BTC-30MAY25-90000-P,96919.26,sell,1.0,1.0,,,,,,1746664886.59
1706,365093296,1746665468158,2,0.0125,0.01303474,41.33,BTC-30MAY25-90000-P,97079.92,sell,0.3,0.3,,,,,,1746665468.158
1707,365100747,1746666290489,2,0.0115,0.01149274,42.52,BTC-30MAY25-90000-P,97930.34,sell,0.1,0.1,,,,,,1746666290.489
1708,365101985,1746666524027,3,0.0115,0.01149074,42.5,BTC-30MAY25-90000-P,97916.15,sell,0.1,0.1,,,,,,1746666524.027
1709,365102022,1746666533984,3,0.0115,0.01145742,42.54,BTC-30MAY25-90000-P,97925.21,sell,0.1,0.1,,,,,,1746666533.984
1710,365102315,1746666635580,3,0.0115,0.01144631,42.58,BTC-30MAY25-90000-P,97934.08,sell,0.1,0.1,,,,,,1746666635.58
1711,365103317,1746666937449,0,0.012,0.01202283,42.34,BTC-30MAY25-90000-P,97624.87,buy,0.1,0.1,,,,,,1746666937.449
1712,365103321,1746666940338,1,0.012,0.01203315,42.34,BTC-30MAY25-90000-P,97624.87,buy,0.1,0.1,,,,,,1746666940.338
1713,365103379,1746666951009,1,0.012,0.0119797,42.43,BTC-30MAY25-90000-P,97651.54,sell,0.1,0.1,,,,,,1746666951.009
1714,365103407,1746666955087,1,0.012,0.01197717,42.45,BTC-30MAY25-90000-P,97656.01,sell,0.1,0.1,,,,,,1746666955.087
1715,365103851,1746667089726,2,0.0115,0.01157368,42.27,BTC-30MAY25-90000-P,97824.22,sell,0.1,0.1,,,,,,1746667089.726
1716,365103862,1746667095257,3,0.0115,0.0115816,42.28,BTC-30MAY25-90000-P,97826.18,buy,0.1,0.1,,,,,,1746667095.257
1717,365103868,1746667100819,3,0.0115,0.01155304,42.27,BTC-30MAY25-90000-P,97822.11,buy,0.1,0.1,,,,,,1746667100.819
1718,365103870,1746667109815,3,0.0115,0.01154548,42.3,BTC-30MAY25-90000-P,97830.52,buy,0.1,0.1,,,,,,1746667109.815
1719,365103878,1746667117016,3,0.0115,0.01153321,42.35,BTC-30MAY25-90000-P,97845.11,buy,0.1,0.1,,,,,,1746667117.016
1720,365104593,1746667234140,3,0.0115,0.01130386,42.68,BTC-30MAY25-90000-P,97935.52,sell,0.1,0.1,,,,,,1746667234.14
1721,365108364,1746668432988,3,0.0115,0.01158766,42.7,BTC-30MAY25-90000-P,97937.13,sell,1.0,1.0,,,,,,1746668432.988
1722,365108851,1746668708982,3,0.0115,0.01165319,42.51,BTC-30MAY25-90000-P,97870.28,sell,0.1,0.1,,,,,,1746668708.982
1723,365108855,1746668711652,3,0.0115,0.01163432,42.55,BTC-30MAY25-90000-P,97883.05,sell,0.1,0.1,,,,,,1746668711.652
1724,365108869,1746668718190,3,0.0115,0.01159668,42.58,BTC-30MAY25-90000-P,97893.62,sell,0.1,0.1,,,,,,1746668718.19
1725,365108878,1746668730232,3,0.0115,0.01157523,42.59,BTC-30MAY25-90000-P,97896.39,sell,0.1,0.1,,,,,,1746668730.232
1726,365108880,1746668734669,3,0.0115,0.01157445,42.59,BTC-30MAY25-90000-P,97896.4,sell,0.1,0.1,,,,,,1746668734.669
1727,365108883,1746668742342,3,0.0115,0.0115762,42.6,BTC-30MAY25-90000-P,97896.84,sell,0.1,0.1,,,,,,1746668742.342
1728,365108888,1746668751482,3,0.0115,0.01156938,42.6,BTC-30MAY25-90000-P,97896.13,sell,0.1,0.1,,,,,,1746668751.482
1729,365108911,1746668755826,3,0.0115,0.01156615,42.59,BTC-30MAY25-90000-P,97894.1,sell,0.1,0.1,,,,,,1746668755.826
1730,365109037,1746668763554,3,0.0115,0.01148482,42.75,BTC-30MAY25-90000-P,97942.17,buy,0.1,0.1,,,,,,1746668763.554
1731,365109050,1746668767886,3,0.0115,0.01143821,42.77,BTC-30MAY25-90000-P,97948.35,sell,0.1,0.1,,,,,,1746668767.886
1732,365109052,1746668774409,3,0.0115,0.01147017,42.72,BTC-30MAY25-90000-P,97933.95,sell,0.1,0.1,,,,,,1746668774.409
1733,365109182,1746668778024,3,0.0115,0.0114814,42.67,BTC-30MAY25-90000-P,97919.02,sell,0.1,0.1,,,,,,1746668778.024
1734,365109394,1746668820995,3,0.0115,0.01166023,42.41,BTC-30MAY25-90000-P,97843.19,sell,0.1,0.1,,,,,,1746668820.995
1735,365109581,1746668857303,0,0.012,0.0117979,42.95,BTC-30MAY25-90000-P,97780.78,buy,0.1,0.1,,,,,,1746668857.303
1736,365112334,1746670057798,2,0.011,0.01103798,42.24,BTC-30MAY25-90000-P,98005.83,sell,1.0,1.0,,,,,,1746670057.798
1737,365112450,1746670161205,0,0.0115,0.01115081,42.82,BTC-30MAY25-90000-P,97952.82,buy,0.1,0.1,,,,,,1746670161.205
1738,365113463,1746670659348,2,0.0105,0.01059911,42.08,BTC-30MAY25-90000-P,98204.2,sell,0.1,0.1,,,,,,1746670659.348
1739,365113464,1746670659351,3,0.0105,0.01059911,42.08,BTC-30MAY25-90000-P,98204.2,buy,0.9,0.9,,,,,,1746670659.351
1740,365114075,1746670933545,3,0.0105,0.01050814,42.21,BTC-30MAY25-90000-P,98256.6,sell,1.1,1.1,,,,,,1746670933.545
1741,365115819,1746671293315,2,0.01,0.00996462,42.4,BTC-30MAY25-90000-P,98570.71,sell,2.0,2.0,,,,,,1746671293.315
1742,365116254,1746671376386,2,0.0097,0.00997336,41.87,BTC-30MAY25-90000-P,98559.08,sell,22.0,22.0,2.0,BLOCK-196375,,BTC-PDIAG-27JUN25_30MAY25-95000_90000,,1746671376.386
1744,365117470,1746671468299,3,0.0095,0.00973666,42.01,BTC-30MAY25-90000-P,98719.3,sell,0.1,0.1,,,,,,1746671468.299
1745,365117471,1746671468299,3,0.0095,0.00973666,42.01,BTC-30MAY25-90000-P,98719.3,sell,1.0,1.0,,,,,,1746671468.299
1743,365117469,1746671468299,2,0.0095,0.00973666,42.01,BTC-30MAY25-90000-P,98719.3,sell,25.6,25.6,,,,,,1746671468.299
1746,365117472,1746671468299,3,0.0095,0.00973666,42.01,BTC-30MAY25-90000-P,98719.3,sell,3.3,3.3,,,,,,1746671468.299
1747,365119516,1746671950657,2,0.009,0.00969323,41.13,BTC-30MAY25-90000-P,98690.96,sell,0.1,0.1,,,,,,1746671950.657
1748,365120967,1746672493521,3,0.009,0.00943916,41.43,BTC-30MAY25-90000-P,98781.29,sell,1.2,1.2,,,,,,1746672493.521
1750,365120969,1746672493521,3,0.009,0.00943916,41.43,BTC-30MAY25-90000-P,98781.29,sell,18.9,18.9,,,,,,1746672493.521
1749,365120968,1746672493521,3,0.009,0.00943916,41.43,BTC-30MAY25-90000-P,98781.29,sell,0.9,0.9,,,,,,1746672493.521
1751,365121224,1746672629287,0,0.0094,0.00939878,42.1,BTC-30MAY25-90000-P,98780.91,buy,12.5,12.5,2.0,BLOCK-196386,3078.0,BTC-PS-30MAY25-92000_90000,,1746672629.287
1752,365123701,1746673353986,0,0.0097,0.0098992,41.94,BTC-30MAY25-90000-P,98557.36,sell,2.5,2.5,,,,BTC-PS-30MAY25-94000_90000,365123699,1746673353.986
1753,365126009,1746674205031,2,0.0094,0.00948869,42.1,BTC-30MAY25-90000-P,98760.82,sell,1.0,1.0,,,,BTC-PS-30MAY25-94000_90000,365126008,1746674205.031
1754,365132916,1746676185670,2,0.009,0.00898787,42.21,BTC-30MAY25-90000-P,99011.5,buy,1.9,1.9,,,,,,1746676185.67
1755,365132917,1746676185671,3,0.009,0.00898787,42.21,BTC-30MAY25-90000-P,99011.5,buy,3.1,3.1,,,,,,1746676185.671
1756,365141047,1746678105826,2,0.0085,0.00856248,42.37,BTC-30MAY25-90000-P,99378.38,sell,50.0,50.0,2.0,BLOCK-196420,,BTC-PS-30MAY25-90000_85000,,1746678105.826
1757,365141116,1746678137671,3,0.0085,0.00859554,42.28,BTC-30MAY25-90000-P,99354.84,buy,1.0,1.0,,,,,,1746678137.671
1758,365147988,1746680703353,0,0.009,0.00904909,42.44,BTC-30MAY25-90000-P,99079.08,sell,0.2,0.2,,,,,,1746680703.353
1759,365147990,1746680703460,1,0.009,0.00904909,42.44,BTC-30MAY25-90000-P,99079.08,sell,0.2,0.2,,,,,,1746680703.46
1760,365151623,1746685535734,0,0.0095,0.00950458,42.63,BTC-30MAY25-90000-P,98837.98,buy,0.1,0.1,,,,,,1746685535.734
1761,365152194,1746686351423,2,0.0091,0.00939053,42.13,BTC-30MAY25-90000-P,98881.89,sell,5.0,5.0,,,,BTC-PS-30MAY25-95000_90000,365152193,1746686351.423
1764,365152346,1746686653756,3,0.009,0.0092894,42.01,BTC-30MAY25-90000-P,98900.81,sell,1.8,1.8,,,,,,1746686653.756
1767,365152349,1746686653756,3,0.009,0.0092894,42.01,BTC-30MAY25-90000-P,98900.81,sell,0.4,0.4,,,,,,1746686653.756
1766,365152348,1746686653756,3,0.009,0.0092894,42.01,BTC-30MAY25-90000-P,98900.81,sell,0.1,0.1,,,,,,1746686653.756
1765,365152347,1746686653756,3,0.009,0.0092894,42.01,BTC-30MAY25-90000-P,98900.81,sell,1.0,1.0,,,,,,1746686653.756
1763,365152345,1746686653756,3,0.009,0.0092894,42.01,BTC-30MAY25-90000-P,98900.81,sell,0.6,0.6,,,,,,1746686653.756
1762,365152344,1746686653756,2,0.009,0.0092894,42.01,BTC-30MAY25-90000-P,98900.81,sell,1.1,1.1,,,,,,1746686653.756
1768,365153982,1746687652672,3,0.009,0.00903236,42.38,BTC-30MAY25-90000-P,99040.06,sell,1.0,1.0,,,,,,1746687652.672
1769,365155138,1746688167786,3,0.009,0.00890922,42.68,BTC-30MAY25-90000-P,99151.58,sell,1.0,1.0,,,,,,1746688167.786
1770,365155190,1746688193467,3,0.009,0.00894462,42.62,BTC-30MAY25-90000-P,99138.66,sell,1.0,1.0,,,,,,1746688193.467
1772,365167197,1746691637801,3,0.0085,0.00856622,42.46,BTC-30MAY25-90000-P,99400.71,sell,0.2,0.2,,,,,,1746691637.801
1771,365167196,1746691637801,2,0.0085,0.00856622,42.46,BTC-30MAY25-90000-P,99400.71,sell,1.0,1.0,,,,,,1746691637.801
1773,365169844,1746692011772,3,0.0085,0.00848092,42.79,BTC-30MAY25-90000-P,99504.42,sell,0.6,0.6,,,,,,1746692011.772
1774,365169972,1746692111280,3,0.0085,0.0084868,42.77,BTC-30MAY25-90000-P,99496.96,sell,0.1,0.1,,,,,,1746692111.28
1775,365170001,1746692122870,3,0.0085,0.00848844,42.77,BTC-30MAY25-90000-P,99495.32,sell,0.1,0.1,,,,,,1746692122.87
1776,365170062,1746692137450,3,0.0085,0.00848047,42.78,BTC-30MAY25-90000-P,99497.8,sell,1.0,1.0,,,,,,1746692137.45
1777,365170144,1746692171481,2,0.0084,0.00836297,42.81,BTC-30MAY25-90000-P,99557.42,buy,12.5,12.5,2.0,BLOCK-196479,,BTC-PS-30MAY25-92000_90000,,1746692171.481
1778,365173241,1746693629472,2,0.008,0.00819312,42.17,BTC-30MAY25-90000-P,99588.78,buy,1.0,1.0,,,,BTC-PS-30MAY25-94000_90000,365173240,1746693629.472
1779,365173654,1746693719628,0,0.0084,0.00811957,43.04,BTC-30MAY25-90000-P,99640.24,buy,12.5,12.5,2.0,BLOCK-196497,,BTC-PS-30MAY25-92000_90000,,1746693719.628
1780,365175212,1746693849758,2,0.008,0.00812761,42.35,BTC-30MAY25-90000-P,99642.28,sell,1.0,1.0,,,,,,1746693849.758
1781,365180168,1746694099951,3,0.008,0.0080694,42.71,BTC-30MAY25-90000-P,99762.13,sell,0.1,0.1,,,,,,1746694099.951
1782,365180607,1746694124141,3,0.008,0.00804457,42.62,BTC-30MAY25-90000-P,99733.56,sell,0.9,0.9,,,,,,1746694124.141
1783,365184703,1746694398007,0,0.0082,0.00809155,42.83,BTC-30MAY25-90000-P,99664.16,buy,25.0,25.0,2.0,BLOCK-196504,,BTC-PS-30MAY25-92000_90000,,1746694398.007
1784,365194742,1746695700107,0,0.0085,0.00827253,43.25,BTC-30MAY25-90000-P,99602.26,sell,1.0,1.0,,,,,,1746695700.107
1785,365194748,1746695704125,1,0.0085,0.008278,43.25,BTC-30MAY25-90000-P,99603.66,sell,1.0,1.0,,,,,,1746695704.125
1786,365197282,1746697406137,2,0.0084,0.00825801,43.13,BTC-30MAY25-90000-P,99598.94,buy,70.0,70.0,4.0,BLOCK-196523,3141.0,,,1746697406.137
1788,365197306,1746697426293,1,0.0085,0.00825463,43.29,BTC-30MAY25-90000-P,99588.45,buy,3.0,3.0,,,,,,1746697426.293
1787,365197305,1746697426293,0,0.0085,0.00825463,43.29,BTC-30MAY25-90000-P,99588.45,buy,2.0,2.0,,,,,,1746697426.293
1789,365199386,1746698475518,2,0.0075,0.00787587,41.97,BTC-30MAY25-90000-P,99771.45,sell,0.1,0.1,,,,,,1746698475.518
1790,365199451,1746698524382,0,0.0077,0.00787814,42.3,BTC-30MAY25-90000-P,99757.98,sell,1.4,1.4,,,,BTC-PS-30MAY25-94000_90000,365199450,1746698524.382
1791,365199460,1746698525848,2,0.0075,0.00787864,41.93,BTC-30MAY25-90000-P,99757.98,sell,7.5,7.5,,,,,,1746698525.848
1792,365199591,1746698636530,0,0.008,0.00785821,42.85,BTC-30MAY25-90000-P,99754.65,buy,0.9,0.9,,,,,,1746698636.53
1793,365199592,1746698636532,1,0.008,0.00785821,42.85,BTC-30MAY25-90000-P,99754.65,sell,4.1,4.1,,,,,,1746698636.532
1794,365203354,1746701750926,1,0.008,0.00802139,43.08,BTC-30MAY25-90000-P,99826.62,sell,0.6,0.6,,,,,,1746701750.926
1795,365206999,1746704163180,0,0.0085,0.00837143,43.1,BTC-30MAY25-90000-P,99500.76,sell,0.4,0.4,,,,,,1746704163.18
1796,365207641,1746704883997,2,0.008,0.00830136,42.3,BTC-30MAY25-90000-P,99541.43,sell,0.2,0.2,,,,,,1746704883.997
1797,365209696,1746706857321,0,0.0085,0.00859656,43.13,BTC-30MAY25-90000-P,99486.38,sell,0.1,0.1,,,,,,1746706857.321
1798,365209698,1746706858925,1,0.0085,0.00859619,43.12,BTC-30MAY25-90000-P,99483.92,sell,0.1,0.1,,,,,,1746706858.925
1799,365209700,1746706859653,1,0.0085,0.00859696,43.12,BTC-30MAY25-90000-P,99483.86,sell,0.1,0.1,,,,,,1746706859.653
1800,365209703,1746706860717,1,0.0085,0.00860085,43.12,BTC-30MAY25-90000-P,99484.49,sell,0.1,0.1,,,,,,1746706860.717
1801,365209706,1746706861630,1,0.0085,0.0086012,43.12,BTC-30MAY25-90000-P,99485.43,sell,0.1,0.1,,,,,,1746706861.63
1802,365209707,1746706862592,1,0.0085,0.00859864,43.12,BTC-30MAY25-90000-P,99485.85,sell,0.1,0.1,,,,,,1746706862.592
1803,365209709,1746706865667,1,0.0085,0.00859794,43.13,BTC-30MAY25-90000-P,99488.38,sell,0.1,0.1,,,,,,1746706865.667
1804,365209710,1746706866923,1,0.0085,0.00859403,43.13,BTC-30MAY25-90000-P,99487.8,sell,0.1,0.1,,,,,,1746706866.923
1805,365209711,1746706868756,1,0.0085,0.00859478,43.13,BTC-30MAY25-90000-P,99488.83,sell,0.1,0.1,,,,,,1746706868.756
1806,365217641,1746711412013,1,0.0085,0.00835262,43.44,BTC-30MAY25-90000-P,99616.64,sell,0.1,0.1,,,,,,1746711412.013
1807,365219665,1746712161092,0,0.009,0.00903427,42.89,BTC-30MAY25-90000-P,99112.72,buy,1.0,1.0,,,,,,1746712161.092
1808,365223454,1746714032550,1,0.009,0.00851555,43.8,BTC-30MAY25-90000-P,99434.63,buy,0.1,0.1,,,,,,1746714032.55
1809,365223691,1746714150853,2,0.0085,0.00843923,43.02,BTC-30MAY25-90000-P,99469.39,sell,0.1,0.1,,,,,,1746714150.853
1810,365223910,1746714281002,0,0.009,0.00850129,43.84,BTC-30MAY25-90000-P,99456.69,buy,0.4,0.4,,,,,,1746714281.002
1811,365224279,1746714533895,1,0.009,0.00851736,43.88,BTC-30MAY25-90000-P,99467.54,buy,0.2,0.2,,,,,,1746714533.895
1812,365225629,1746714992688,2,0.0085,0.0083099,43.5,BTC-30MAY25-90000-P,99654.02,buy,0.3,0.3,,,,,,1746714992.688
1813,365226151,1746715143412,3,0.0085,0.0082935,43.5,BTC-30MAY25-90000-P,99635.99,buy,0.2,0.2,,,,,,1746715143.412
1814,365226731,1746715525070,3,0.0085,0.00821999,43.56,BTC-30MAY25-90000-P,99645.11,buy,0.3,0.3,,,,,,1746715525.07
1815,365226926,1746715652855,3,0.0085,0.00821158,43.57,BTC-30MAY25-90000-P,99651.52,buy,0.1,0.1,,,,,,1746715652.855
1816,365227168,1746715761181,3,0.0085,0.00817909,43.66,BTC-30MAY25-90000-P,99683.16,buy,0.1,0.1,,,,,,1746715761.181
1817,365227510,1746715880632,3,0.0085,0.00799341,44.04,BTC-30MAY25-90000-P,99812.28,buy,0.4,0.4,,,,,,1746715880.632
1818,365227898,1746716012279,3,0.0085,0.00811506,44.02,BTC-30MAY25-90000-P,99812.57,buy,0.2,0.2,,,,,,1746716012.279
1819,365228648,1746716151450,3,0.0085,0.00865031,43.01,BTC-30MAY25-90000-P,99457.8,sell,0.2,0.2,,,,,,1746716151.45
1820,365229279,1746716367032,3,0.0085,0.00857825,42.87,BTC-30MAY25-90000-P,99402.32,sell,1.0,1.0,,,,,,1746716367.032
1821,365229491,1746716433330,3,0.0085,0.00861298,42.88,BTC-30MAY25-90000-P,99402.57,sell,0.1,0.1,,,,,,1746716433.33
1822,365229492,1746716433367,3,0.0085,0.00861298,42.88,BTC-30MAY25-90000-P,99402.57,sell,0.1,0.1,,,,,,1746716433.367
1823,365229498,1746716433816,3,0.0085,0.00861298,42.88,BTC-30MAY25-90000-P,99402.57,sell,0.2,0.2,,,,,,1746716433.816
1824,365229499,1746716433919,3,0.0085,0.00861298,42.88,BTC-30MAY25-90000-P,99402.57,sell,0.3,0.3,,,,,,1746716433.919
1825,365229500,1746716434084,3,0.0085,0.00860796,42.93,BTC-30MAY25-90000-P,99422.1,sell,0.3,0.3,,,,,,1746716434.084
1826,365229881,1746716605233,3,0.0085,0.00853956,42.87,BTC-30MAY25-90000-P,99406.16,sell,0.8,0.8,,,,,,1746716605.233
1827,365230945,1746717005160,3,0.0085,0.00809328,43.61,BTC-30MAY25-90000-P,99657.63,buy,0.4,0.4,,,,,,1746717005.16
1828,365231439,1746717248264,2,0.008,0.00806249,42.9,BTC-30MAY25-90000-P,99732.37,sell,0.1,0.1,,,,,,1746717248.264
1829,365232338,1746717655639,3,0.008,0.00802043,43.22,BTC-30MAY25-90000-P,99850.95,sell,1.4,1.4,,,,,,1746717655.639
1830,365232339,1746717655639,3,0.008,0.00802043,43.22,BTC-30MAY25-90000-P,99850.95,sell,0.1,0.1,,,,,,1746717655.639
1831,365235682,1746717807470,3,0.008,0.00783977,43.48,BTC-30MAY25-90000-P,99938.56,buy,0.9,0.9,,,,,,1746717807.47
1832,365235883,1746717837869,3,0.008,0.00775227,43.61,BTC-30MAY25-90000-P,99981.31,buy,0.1,0.1,,,,,,1746717837.869
1833,365240859,1746718061373,2,0.007,0.00721795,43.31,BTC-30MAY25-90000-P,100596.18,sell,0.1,0.1,,,,,,1746718061.373
1834,365240860,1746718061373,3,0.007,0.00721795,43.31,BTC-30MAY25-90000-P,100596.18,sell,0.1,0.1,,,,,,1746718061.373
1836,365242957,1746718259732,1,0.008,0.00739961,45.01,BTC-30MAY25-90000-P,100530.19,buy,14.7,14.7,,,,,,1746718259.732
1837,365242958,1746718259732,1,0.008,0.00739961,45.01,BTC-30MAY25-90000-P,100530.19,buy,1.4,1.4,,,,,,1746718259.732
1838,365242959,1746718259732,1,0.008,0.00739961,45.01,BTC-30MAY25-90000-P,100530.19,buy,22.7,22.7,,,,,,1746718259.732
1835,365242956,1746718259732,0,0.008,0.00739961,45.01,BTC-30MAY25-90000-P,100530.19,buy,1.2,1.2,,,,,,1746718259.732
1839,365243344,1746718324398,2,0.0075,0.0074516,44.1,BTC-30MAY25-90000-P,100538.55,sell,0.2,0.2,,,,,,1746718324.398
1840,365243350,1746718324675,3,0.0075,0.0074516,44.1,BTC-30MAY25-90000-P,100538.55,sell,0.5,0.5,,,,,,1746718324.675
1841,365243354,1746718324970,3,0.0075,0.00743878,44.15,BTC-30MAY25-90000-P,100557.66,sell,0.3,0.3,,,,,,1746718324.97
1842,365243412,1746718331839,3,0.0075,0.00729816,44.45,BTC-30MAY25-90000-P,100664.66,buy,0.1,0.1,,,,,,1746718331.839
1843,365243429,1746718335542,3,0.0075,0.00724937,44.49,BTC-30MAY25-90000-P,100680.55,buy,0.1,0.1,,,,,,1746718335.542
1844,365243575,1746718338789,3,0.0075,0.00722783,44.47,BTC-30MAY25-90000-P,100672.19,buy,0.1,0.1,,,,,,1746718338.789
1845,365243637,1746718342476,3,0.0075,0.00718668,44.69,BTC-30MAY25-90000-P,100754.59,buy,0.1,0.1,,,,,,1746718342.476
1846,365244240,1746718416143,3,0.0075,0.00726813,44.42,BTC-30MAY25-90000-P,100666.29,sell,0.1,0.1,,,,,,1746718416.143
1847,365244242,1746718416279,3,0.0075,0.00726813,44.42,BTC-30MAY25-90000-P,100666.29,sell,0.1,0.1,,,,,,1746718416.279
1848,365244293,1746718421184,3,0.0075,0.00734442,44.34,BTC-30MAY25-90000-P,100637.99,sell,0.1,0.1,,,,,,1746718421.184
1849,365244312,1746718424436,3,0.0075,0.00732589,44.43,BTC-30MAY25-90000-P,100670.27,sell,0.1,0.1,,,,,,1746718424.436
1850,365244317,1746718428642,3,0.0075,0.0073047,44.42,BTC-30MAY25-90000-P,100663.31,sell,0.1,0.1,,,,,,1746718428.642
1851,365244319,1746718429012,3,0.0075,0.0073047,44.42,BTC-30MAY25-90000-P,100663.31,sell,0.1,0.1,,,,,,1746718429.012
1852,365244321,1746718429792,3,0.0075,0.00731131,44.41,BTC-30MAY25-90000-P,100659.32,sell,0.1,0.1,,,,,,1746718429.792
1853,365244324,1746718432351,3,0.0075,0.00731688,44.41,BTC-30MAY25-90000-P,100658.0,sell,0.1,0.1,,,,,,1746718432.351
1854,365244326,1746718433257,3,0.0075,0.00731449,44.42,BTC-30MAY25-90000-P,100660.1,sell,0.1,0.1,,,,,,1746718433.257
1855,365244333,1746718436102,3,0.0075,0.00730363,44.45,BTC-30MAY25-90000-P,100671.94,sell,0.1,0.1,,,,,,1746718436.102
1856,365244338,1746718438495,3,0.0075,0.00729557,44.46,BTC-30MAY25-90000-P,100675.98,sell,0.1,0.1,,,,,,1746718438.495
1857,365244342,1746718440379,3,0.0075,0.00728829,44.46,BTC-30MAY25-90000-P,100671.32,sell,0.1,0.1,,,,,,1746718440.379
1858,365244359,1746718447894,3,0.0075,0.00730545,44.49,BTC-30MAY25-90000-P,100680.11,sell,0.1,0.1,,,,,,1746718447.894
1859,365244361,1746718449711,3,0.0075,0.00728131,44.51,BTC-30MAY25-90000-P,100689.43,sell,0.1,0.1,,,,,,1746718449.711
1860,365244404,1746718457368,3,0.0075,0.00728259,44.48,BTC-30MAY25-90000-P,100678.14,sell,0.1,0.1,,,,,,1746718457.368
1861,365244421,1746718463554,3,0.0075,0.00726916,44.52,BTC-30MAY25-90000-P,100688.58,sell,0.1,0.1,,,,,,1746718463.554
1862,365244534,1746718515722,3,0.0075,0.00730532,44.5,BTC-30MAY25-90000-P,100677.52,sell,0.1,0.1,,,,,,1746718515.722
1863,365244540,1746718518835,3,0.0075,0.00728025,44.55,BTC-30MAY25-90000-P,100695.36,buy,0.1,0.1,,,,,,1746718518.835
1864,365244553,1746718521810,3,0.0075,0.00727781,44.53,BTC-30MAY25-90000-P,100688.4,sell,0.1,0.1,,,,,,1746718521.81
1865,365244557,1746718523623,3,0.0075,0.0072856,44.57,BTC-30MAY25-90000-P,100700.77,buy,0.1,0.1,,,,,,1746718523.623
1866,365244644,1746718573821,3,0.0075,0.00729762,44.54,BTC-30MAY25-90000-P,100689.35,sell,0.1,0.1,,,,,,1746718573.821
1867,365244645,1746718575355,3,0.0075,0.0073009,44.52,BTC-30MAY25-90000-P,100683.51,sell,0.1,0.1,,,,,,1746718575.355
1868,365244647,1746718576996,3,0.0075,0.00731185,44.52,BTC-30MAY25-90000-P,100682.98,sell,0.1,0.1,,,,,,1746718576.996
1869,365244656,1746718581245,3,0.0075,0.00731712,44.5,BTC-30MAY25-90000-P,100677.18,sell,0.1,0.1,,,,,,1746718581.245
1870,365244789,1746718591990,3,0.0075,0.00733669,44.56,BTC-30MAY25-90000-P,100698.97,sell,0.1,0.1,,,,,,1746718591.99
1871,365244821,1746718594309,3,0.0075,0.00731209,44.52,BTC-30MAY25-90000-P,100684.81,sell,0.1,0.1,,,,,,1746718594.309
1872,365244941,1746718613844,3,0.0075,0.00735044,44.49,BTC-30MAY25-90000-P,100675.15,sell,0.1,0.1,,,,,,1746718613.844
1873,365245085,1746718661983,3,0.0075,0.00726316,44.66,BTC-30MAY25-90000-P,100730.88,buy,0.1,0.1,,,,,,1746718661.983
1874,365245463,1746718722809,3,0.0075,0.00723956,44.69,BTC-30MAY25-90000-P,100742.22,sell,0.1,0.1,,,,,,1746718722.809
1875,365245544,1746718740711,3,0.0075,0.00734659,44.58,BTC-30MAY25-90000-P,100699.09,sell,0.1,0.1,,,,,,1746718740.711
1876,365245550,1746718741279,3,0.0075,0.00734659,44.58,BTC-30MAY25-90000-P,100699.09,sell,0.1,0.1,,,,,,1746718741.279
1877,365250273,1746718876037,2,0.007,0.00683331,45.28,BTC-30MAY25-90000-P,101312.67,sell,0.8,0.8,,,,,,1746718876.037
1878,365251197,1746718946816,3,0.007,0.00686894,45.44,BTC-30MAY25-90000-P,101379.23,sell,0.1,0.1,,,,,,1746718946.816
1879,365251199,1746718947060,3,0.007,0.00686894,45.44,BTC-30MAY25-90000-P,101379.23,sell,0.2,0.2,,,,,,1746718947.06
1880,365251201,1746718947401,3,0.007,0.00686894,45.44,BTC-30MAY25-90000-P,101379.23,sell,0.2,0.2,,,,,,1746718947.401
1881,365251224,1746718948102,3,0.007,0.00686894,45.49,BTC-30MAY25-90000-P,101394.93,sell,0.1,0.1,,,,,,1746718948.102
1882,365251243,1746718948395,3,0.007,0.00686894,45.49,BTC-30MAY25-90000-P,101394.93,sell,0.5,0.5,,,,,,1746718948.395
1883,365251244,1746718948425,3,0.007,0.00686894,45.49,BTC-30MAY25-90000-P,101394.93,sell,0.1,0.1,,,,,,1746718948.425
1884,365251766,1746718988539,3,0.007,0.00681157,45.64,BTC-30MAY25-90000-P,101455.03,buy,0.1,0.1,,,,,,1746718988.539
1888,365253931,1746719243063,1,0.0075,0.00720427,46.02,BTC-30MAY25-90000-P,101223.51,buy,19.3,19.3,,,,,,1746719243.063
1885,365253928,1746719243063,0,0.0075,0.00720427,46.02,BTC-30MAY25-90000-P,101223.51,buy,0.9,0.9,,,,,,1746719243.063
1886,365253929,1746719243063,1,0.0075,0.00720427,46.02,BTC-30MAY25-90000-P,101223.51,buy,9.6,9.6,,,,,,1746719243.063
1887,365253930,1746719243063,1,0.0075,0.00720427,46.02,BTC-30MAY25-90000-P,101223.51,buy,0.2,0.2,,,,,,1746719243.063
1889,365258385,1746719783412,0,0.008,0.00788178,45.76,BTC-30MAY25-90000-P,100772.17,buy,0.1,0.1,,,,,,1746719783.412
1890,365258386,1746719783419,1,0.008,0.00788178,45.76,BTC-30MAY25-90000-P,100772.17,sell,2.9,2.9,,,,,,1746719783.419
1891,365259842,1746720084466,2,0.0075,0.00766085,45.22,BTC-30MAY25-90000-P,100920.87,sell,0.1,0.1,,,,,,1746720084.466
1892,365260954,1746720285854,0,0.008,0.00803536,45.42,BTC-30MAY25-90000-P,100635.32,buy,0.8,0.8,,,,,,1746720285.854
1893,365260988,1746720293784,1,0.008,0.00801979,45.45,BTC-30MAY25-90000-P,100646.55,sell,0.7,0.7,,,,,,1746720293.784
1894,365261051,1746720307200,1,0.008,0.00801692,45.5,BTC-30MAY25-90000-P,100662.14,sell,0.2,0.2,,,,,,1746720307.2
1895,365261261,1746720379152,1,0.008,0.00795942,45.77,BTC-30MAY25-90000-P,100752.91,sell,8.0,8.0,,,,,,1746720379.152
1896,365261309,1746720402032,0,0.0081,0.00799046,46.05,BTC-30MAY25-90000-P,100794.44,buy,100.0,100.0,4.0,BLOCK-196663,3169.0,BTC-ICOND-30MAY25-90000_100000_102000_115000,,1746720402.032
1897,365261319,1746720404535,2,0.008,0.00798364,45.91,BTC-30MAY25-90000-P,100812.16,sell,15.3,15.3,,,,,,1746720404.535
1898,365261518,1746720469411,0,0.0081,0.00795344,46.14,BTC-30MAY25-90000-P,100836.92,buy,20.0,20.0,4.0,BLOCK-196664,3170.0,BTC-ICOND-30MAY25-90000_100000_102000_115000,,1746720469.411
1899,365262499,1746720705904,2,0.0075,0.00787275,45.1,BTC-30MAY25-90000-P,100893.24,sell,0.5,0.5,,,,,,1746720705.904
1900,365264131,1746721247834,3,0.0075,0.00756826,45.78,BTC-30MAY25-90000-P,101135.22,sell,0.3,0.3,,,,,,1746721247.834
1902,365264133,1746721247834,3,0.0075,0.00756826,45.78,BTC-30MAY25-90000-P,101135.22,sell,0.1,0.1,,,,,,1746721247.834
1901,365264132,1746721247834,3,0.0075,0.00756826,45.78,BTC-30MAY25-90000-P,101135.22,sell,5.5,5.5,,,,,,1746721247.834
1903,365266679,1746722080166,3,0.0075,0.00740081,45.38,BTC-30MAY25-90000-P,100967.08,sell,0.1,0.1,,,,,,1746722080.166
1904,365266683,1746722080420,3,0.0075,0.00740081,45.38,BTC-30MAY25-90000-P,100967.08,sell,0.1,0.1,,,,,,1746722080.42
1905,365266684,1746722081658,3,0.0075,0.0073998,45.39,BTC-30MAY25-90000-P,100972.39,sell,0.1,0.1,,,,,,1746722081.658
1906,365266691,1746722084122,3,0.0075,0.00738949,45.4,BTC-30MAY25-90000-P,100973.92,sell,0.1,0.1,,,,,,1746722084.122
1907,365266692,1746722085345,3,0.0075,0.00738949,45.4,BTC-30MAY25-90000-P,100976.08,sell,0.1,0.1,,,,,,1746722085.345
1908,365266694,1746722086728,3,0.0075,0.00738716,45.41,BTC-30MAY25-90000-P,100978.51,sell,0.1,0.1,,,,,,1746722086.728
1909,365266695,1746722086751,3,0.0075,0.00738716,45.41,BTC-30MAY25-90000-P,100978.51,sell,0.1,0.1,,,,,,1746722086.751
1910,365266696,1746722089609,3,0.0075,0.0073836,45.4,BTC-30MAY25-90000-P,100976.04,sell,0.1,0.1,,,,,,1746722089.609
1911,365266697,1746722090982,3,0.0075,0.00738382,45.4,BTC-30MAY25-90000-P,100974.32,sell,0.1,0.1,,,,,,1746722090.982
1912,365266702,1746722098649,3,0.0075,0.00739586,45.4,BTC-30MAY25-90000-P,100975.48,sell,0.1,0.1,,,,,,1746722098.649
1913,365266704,1746722099695,3,0.0075,0.00739586,45.4,BTC-30MAY25-90000-P,100977.47,sell,0.1,0.1,,,,,,1746722099.695
1914,365266707,1746722101035,3,0.0075,0.00738627,45.4,BTC-30MAY25-90000-P,100976.34,sell,0.1,0.1,,,,,,1746722101.035
1915,365266708,1746722101267,3,0.0075,0.00738627,45.4,BTC-30MAY25-90000-P,100976.34,sell,0.1,0.1,,,,,,1746722101.267
1916,365266709,1746722102875,3,0.0075,0.00738404,45.39,BTC-30MAY25-90000-P,100973.69,sell,0.1,0.1,,,,,,1746722102.875
1917,365266711,1746722105251,3,0.0075,0.00739073,45.42,BTC-30MAY25-90000-P,100981.97,sell,0.1,0.1,,,,,,1746722105.251
1918,365266715,1746722106591,3,0.0075,0.00738164,45.42,BTC-30MAY25-90000-P,100983.14,sell,0.1,0.1,,,,,,1746722106.591
1919,365266717,1746722108995,3,0.0075,0.00738098,45.41,BTC-30MAY25-90000-P,100980.18,sell,0.1,0.1,,,,,,1746722108.995
1920,365266720,1746722109762,3,0.0075,0.00738262,45.4,BTC-30MAY25-90000-P,100979.21,sell,0.1,0.1,,,,,,1746722109.762
1921,365266722,1746722110769,3,0.0075,0.00738809,45.41,BTC-30MAY25-90000-P,100980.45,sell,0.1,0.1,,,,,,1746722110.769
1922,365266724,1746722112684,3,0.0075,0.00738429,45.41,BTC-30MAY25-90000-P,100981.9,sell,0.1,0.1,,,,,,1746722112.684
1923,365266725,1746722113447,3,0.0075,0.0073858,45.41,BTC-30MAY25-90000-P,100981.62,sell,0.1,0.1,,,,,,1746722113.447
1924,365266728,1746722114981,3,0.0075,0.00738666,45.41,BTC-30MAY25-90000-P,100981.53,sell,0.1,0.1,,,,,,1746722114.981
1925,365266729,1746722115844,3,0.0075,0.00738722,45.41,BTC-30MAY25-90000-P,100982.58,sell,0.1,0.1,,,,,,1746722115.844
1926,365266730,1746722117137,3,0.0075,0.00738787,45.41,BTC-30MAY25-90000-P,100981.14,sell,0.1,0.1,,,,,,1746722117.137
1927,365266740,1746722128735,3,0.0075,0.00738331,45.42,BTC-30MAY25-90000-P,100989.17,sell,0.1,0.1,,,,,,1746722128.735
1928,365266743,1746722129372,3,0.0075,0.00738334,45.42,BTC-30MAY25-90000-P,100987.73,sell,0.1,0.1,,,,,,1746722129.372
1929,365266748,1746722130138,3,0.0075,0.00738573,45.43,BTC-30MAY25-90000-P,100991.02,sell,0.1,0.1,,,,,,1746722130.138
1930,365266750,1746722131453,3,0.0075,0.00738132,45.43,BTC-30MAY25-90000-P,100992.49,sell,0.1,0.1,,,,,,1746722131.453
1931,365266755,1746722133843,3,0.0075,0.00737929,45.43,BTC-30MAY25-90000-P,100992.7,sell,0.1,0.1,,,,,,1746722133.843
1932,365266757,1746722134642,3,0.0075,0.00737917,45.43,BTC-30MAY25-90000-P,100993.33,sell,0.1,0.1,,,,,,1746722134.642
1933,365266761,1746722137226,3,0.0075,0.00737868,45.44,BTC-30MAY25-90000-P,100993.52,sell,0.1,0.1,,,,,,1746722137.226
1934,365266762,1746722137565,3,0.0075,0.00737868,45.44,BTC-30MAY25-90000-P,100993.52,sell,0.1,0.1,,,,,,1746722137.565
1935,365266765,1746722138889,3,0.0075,0.00737868,45.44,BTC-30MAY25-90000-P,100993.52,sell,0.1,0.1,,,,,,1746722138.889
1936,365266766,1746722140758,3,0.0075,0.007381,45.43,BTC-30MAY25-90000-P,100992.72,sell,0.1,0.1,,,,,,1746722140.758
1937,365266790,1746722143354,3,0.0075,0.00737379,45.48,BTC-30MAY25-90000-P,101008.31,sell,0.1,0.1,,,,,,1746722143.354
1938,365266791,1746722143915,3,0.0075,0.00737379,45.48,BTC-30MAY25-90000-P,101008.31,sell,0.1,0.1,,,,,,1746722143.915
1939,365266810,1746722148136,3,0.0075,0.00734201,45.52,BTC-30MAY25-90000-P,101023.36,sell,0.1,0.1,,,,,,1746722148.136
1940,365266860,1746722168852,3,0.0075,0.00732241,45.58,BTC-30MAY25-90000-P,101044.32,sell,0.1,0.1,,,,,,1746722168.852
1941,365266863,1746722171536,3,0.0075,0.00730913,45.6,BTC-30MAY25-90000-P,101051.06,sell,0.1,0.1,,,,,,1746722171.536
1942,365267072,1746722254405,3,0.0075,0.00734057,45.64,BTC-30MAY25-90000-P,101067.31,sell,0.1,0.1,,,,,,1746722254.405
1943,365267073,1746722255415,3,0.0075,0.00732889,45.65,BTC-30MAY25-90000-P,101072.46,sell,0.1,0.1,,,,,,1746722255.415
1944,365267077,1746722257544,3,0.0075,0.00730623,45.66,BTC-30MAY25-90000-P,101077.03,sell,0.1,0.1,,,,,,1746722257.544
1945,365267079,1746722261803,3,0.0075,0.0072937,45.68,BTC-30MAY25-90000-P,101083.24,sell,0.1,0.1,,,,,,1746722261.803
1946,365267093,1746722263207,3,0.0075,0.0072945,45.69,BTC-30MAY25-90000-P,101089.21,sell,0.1,0.1,,,,,,1746722263.207
1947,365267095,1746722265517,3,0.0075,0.00728915,45.7,BTC-30MAY25-90000-P,101090.35,sell,0.1,0.1,,,,,,1746722265.517
1948,365267116,1746722268736,3,0.0075,0.00727924,45.72,BTC-30MAY25-90000-P,101100.2,sell,0.1,0.1,,,,,,1746722268.736
1949,365267120,1746722270521,3,0.0075,0.00727655,45.72,BTC-30MAY25-90000-P,101100.35,sell,0.1,0.1,,,,,,1746722270.521
1950,365267122,1746722271918,3,0.0075,0.00727626,45.72,BTC-30MAY25-90000-P,101100.36,sell,0.1,0.1,,,,,,1746722271.918
1951,365267133,1746722275629,3,0.0075,0.007279,45.73,BTC-30MAY25-90000-P,101102.89,sell,0.1,0.1,,,,,,1746722275.629
1952,365267135,1746722277140,3,0.0075,0.00727943,45.74,BTC-30MAY25-90000-P,101107.26,sell,0.1,0.1,,,,,,1746722277.14
1953,365267136,1746722278829,3,0.0075,0.00727636,45.73,BTC-30MAY25-90000-P,101104.5,sell,0.1,0.1,,,,,,1746722278.829
1954,365267160,1746722283116,3,0.0075,0.00727437,45.74,BTC-30MAY25-90000-P,101110.48,sell,0.1,0.1,,,,,,1746722283.116
1955,365267183,1746722286027,3,0.0075,0.00726522,45.78,BTC-30MAY25-90000-P,101121.84,sell,0.1,0.1,,,,,,1746722286.027
1956,365267202,1746722289923,3,0.0075,0.00727031,45.73,BTC-30MAY25-90000-P,101106.44,sell,0.1,0.1,,,,,,1746722289.923
1957,365267268,1746722293124,3,0.0075,0.00728107,45.77,BTC-30MAY25-90000-P,101118.65,sell,0.1,0.1,,,,,,1746722293.124
1958,365267283,1746722295847,3,0.0075,0.00731036,45.67,BTC-30MAY25-90000-P,101082.35,sell,0.1,0.1,,,,,,1746722295.847
1959,365267290,1746722303803,3,0.0075,0.00732344,45.66,BTC-30MAY25-90000-P,101076.32,sell,0.1,0.1,,,,,,1746722303.803
1960,365267294,1746722307508,3,0.0075,0.00732503,45.66,BTC-30MAY25-90000-P,101076.45,sell,0.1,0.1,,,,,,1746722307.508
1961,365267297,1746722310675,3,0.0075,0.00732131,45.68,BTC-30MAY25-90000-P,101086.06,sell,0.1,0.1,,,,,,1746722310.675
1962,365267298,1746722313373,3,0.0075,0.00731445,45.68,BTC-30MAY25-90000-P,101086.3,sell,0.1,0.1,,,,,,1746722313.373
1963,365267325,1746722317470,3,0.0075,0.00729934,45.74,BTC-30MAY25-90000-P,101106.87,sell,0.1,0.1,,,,,,1746722317.47
1964,365267339,1746722320630,3,0.0075,0.0072873,45.77,BTC-30MAY25-90000-P,101117.26,sell,0.1,0.1,,,,,,1746722320.63
1965,365267358,1746722323209,3,0.0075,0.00727273,45.77,BTC-30MAY25-90000-P,101114.78,sell,0.1,0.1,,,,,,1746722323.209
1966,365267363,1746722325738,3,0.0075,0.0072773,45.75,BTC-30MAY25-90000-P,101108.81,sell,0.1,0.1,,,,,,1746722325.738
1967,365267365,1746722328583,3,0.0075,0.00729027,45.74,BTC-30MAY25-90000-P,101105.13,sell,0.1,0.1,,,,,,1746722328.583
1968,365267379,1746722332248,3,0.0075,0.00729157,45.74,BTC-30MAY25-90000-P,101104.75,sell,0.1,0.1,,,,,,1746722332.248
1969,365267388,1746722335221,3,0.0075,0.00729201,45.77,BTC-30MAY25-90000-P,101115.46,sell,0.1,0.1,,,,,,1746722335.221
1970,365267409,1746722342637,3,0.0075,0.00728141,45.78,BTC-30MAY25-90000-P,101117.3,sell,0.1,0.1,,,,,,1746722342.637
1971,365267417,1746722351656,3,0.0075,0.00727915,45.78,BTC-30MAY25-90000-P,101119.58,sell,0.1,0.1,,,,,,1746722351.656
1972,365267431,1746722359427,3,0.0075,0.00729769,45.75,BTC-30MAY25-90000-P,101110.05,sell,0.1,0.1,,,,,,1746722359.427
1973,365267438,1746722367264,3,0.0075,0.00728786,45.78,BTC-30MAY25-90000-P,101119.19,sell,0.1,0.1,,,,,,1746722367.264
1974,365267466,1746722374555,3,0.0075,0.00727991,45.84,BTC-30MAY25-90000-P,101138.37,sell,0.1,0.1,,,,,,1746722374.555
1975,365267491,1746722386462,3,0.0075,0.00724026,45.89,BTC-30MAY25-90000-P,101158.81,sell,0.1,0.1,,,,,,1746722386.462
1976,365267496,1746722390626,3,0.0075,0.00724071,45.9,BTC-30MAY25-90000-P,101162.71,buy,0.1,0.1,,,,,,1746722390.626
1977,365267519,1746722404459,3,0.0075,0.00724119,45.86,BTC-30MAY25-90000-P,101146.47,sell,0.1,0.1,,,,,,1746722404.459
1978,365267528,1746722413463,3,0.0075,0.00724785,45.88,BTC-30MAY25-90000-P,101155.35,sell,0.1,0.1,,,,,,1746722413.463
1979,365267544,1746722423686,3,0.0075,0.00724569,45.88,BTC-30MAY25-90000-P,101157.75,buy,0.1,0.1,,,,,,1746722423.686
1980,365267547,1746722429042,3,0.0075,0.00724958,45.91,BTC-30MAY25-90000-P,101168.19,buy,0.1,0.1,,,,,,1746722429.042
1981,365267554,1746722442909,3,0.0075,0.00724157,45.9,BTC-30MAY25-90000-P,101164.84,buy,0.1,0.1,,,,,,1746722442.909
1982,365267564,1746722450683,3,0.0075,0.00724714,45.89,BTC-30MAY25-90000-P,101162.66,buy,0.1,0.1,,,,,,1746722450.683
1983,365267577,1746722463364,3,0.0075,0.00725482,45.87,BTC-30MAY25-90000-P,101157.19,buy,0.1,0.1,,,,,,1746722463.364
1984,365267584,1746722470684,3,0.0075,0.00725046,45.89,BTC-30MAY25-90000-P,101163.23,buy,0.1,0.1,,,,,,1746722470.684
1985,365267587,1746722483339,3,0.0075,0.0072588,45.88,BTC-30MAY25-90000-P,101160.97,buy,0.1,0.1,,,,,,1746722483.339
1986,365267592,1746722487522,3,0.0075,0.00726429,45.86,BTC-30MAY25-90000-P,101153.81,buy,0.1,0.1,,,,,,1746722487.522
1987,365267649,1746722501380,3,0.0075,0.00726733,45.87,BTC-30MAY25-90000-P,101158.63,buy,0.1,0.1,,,,,,1746722501.38
1988,365267667,1746722509957,3,0.0075,0.00725134,45.92,BTC-30MAY25-90000-P,101176.67,buy,0.1,0.1,,,,,,1746722509.957
1989,365267857,1746722558670,3,0.0075,0.00728664,45.86,BTC-30MAY25-90000-P,101150.59,buy,0.1,0.1,,,,,,1746722558.67
1990,365267861,1746722564790,3,0.0075,0.00728717,45.86,BTC-30MAY25-90000-P,101150.94,buy,0.1,0.1,,,,,,1746722564.79
1991,365267919,1746722575057,3,0.0075,0.00729555,45.83,BTC-30MAY25-90000-P,101137.69,buy,0.1,0.1,,,,,,1746722575.057
1992,365267949,1746722582385,3,0.0075,0.0073197,45.79,BTC-30MAY25-90000-P,101128.6,buy,0.1,0.1,,,,,,1746722582.385
1993,365267962,1746722592601,3,0.0075,0.00732507,45.82,BTC-30MAY25-90000-P,101139.29,buy,0.1,0.1,,,,,,1746722592.601
1994,365267980,1746722598714,3,0.0075,0.0073058,45.85,BTC-30MAY25-90000-P,101151.35,buy,0.1,0.1,,,,,,1746722598.714
1995,365268287,1746722719342,3,0.0075,0.007291,45.9,BTC-30MAY25-90000-P,101167.39,buy,0.1,0.1,,,,,,1746722719.342
1996,365268302,1746722727158,3,0.0075,0.00733601,45.84,BTC-30MAY25-90000-P,101145.14,buy,0.1,0.1,,,,,,1746722727.158
1997,365268344,1746722753130,3,0.0075,0.00730909,45.9,BTC-30MAY25-90000-P,101166.23,buy,0.1,0.1,,,,,,1746722753.13
1998,365268376,1746722762854,3,0.0075,0.00731974,45.89,BTC-30MAY25-90000-P,101162.52,buy,0.1,0.1,,,,,,1746722762.854
1999,365268418,1746722773117,3,0.0075,0.00736753,45.82,BTC-30MAY25-90000-P,101141.54,sell,0.1,0.1,,,,,,1746722773.117
2000,365268468,1746722780472,3,0.0075,0.00733022,45.87,BTC-30MAY25-90000-P,101160.3,sell,0.1,0.1,,,,,,1746722780.472
2001,365268469,1746722789510,3,0.0075,0.00733327,45.87,BTC-30MAY25-90000-P,101157.55,buy,0.1,0.1,,,,,,1746722789.51
2002,365268487,1746722796846,3,0.0075,0.00731948,45.89,BTC-30MAY25-90000-P,101168.3,buy,0.1,0.1,,,,,,1746722796.846
2003,365268510,1746722809534,3,0.0075,0.00734433,45.85,BTC-30MAY25-90000-P,101153.36,buy,0.1,0.1,,,,,,1746722809.534
2004,365268536,1746722816884,3,0.0075,0.00734832,45.85,BTC-30MAY25-90000-P,101152.14,buy,0.1,0.1,,,,,,1746722816.884
2006,365271289,1746724133345,3,0.007,0.00718346,45.27,BTC-30MAY25-90000-P,101297.49,sell,0.2,0.2,,,,,,1746724133.345
2005,365271288,1746724133345,2,0.007,0.00718346,45.27,BTC-30MAY25-90000-P,101297.49,sell,0.1,0.1,,,,,,1746724133.345
2007,365275253,1746725558905,0,0.0071,0.00689132,46.23,BTC-30MAY25-90000-P,101582.66,buy,25.0,25.0,2.0,BLOCK-196709,,BTC-PS-30MAY25-92000_90000,,1746725558.905
2008,365282881,1746728610543,2,0.007,0.0070058,45.39,BTC-30MAY25-90000-P,101333.21,buy,1.0,1.0,,,,,,1746728610.543
2009,365290292,1746733317700,0,0.0074,0.00708025,46.08,BTC-30MAY25-90000-P,101248.28,buy,100.0,100.0,2.0,BLOCK-196729,,BTC-PDIAG-27JUN25_30MAY25-92000_90000,,1746733317.7
