trade_seq,trade_id,timestamp,tick_direction,price,mark_price,iv,instrument_name,index_price,direction,contracts,amount,block_trade_leg_count,block_trade_id,combo_id,liquidation,block_rfq_id,combo_trade_id,unix_sec
3144,364032437,1746055191287,3,0.0065,0.00648596,47.9,BTC-30MAY25-80000-P,94200.17,sell,0.1,0.1,,,,,,,1746055191.287
3145,364037795,1746062181795,2,0.006,0.0059513,47.82,BTC-30MAY25-80000-P,94620.45,sell,0.1,0.1,,,,,,,1746062181.795
3146,364038059,1746062364784,3,0.006,0.00595213,47.89,BTC-30MAY25-80000-P,94655.02,sell,0.1,0.1,,,,,,,1746062364.784
3147,364038063,1746062364972,3,0.006,0.00595213,47.89,BTC-30MAY25-80000-P,94655.02,sell,0.1,0.1,,,,,,,1746062364.972
3148,364059530,1746091236103,2,0.0055,0.00567117,48.53,BTC-30MAY25-80000-P,95274.54,sell,0.1,0.1,,,,,,,1746091236.103
3149,364059641,1746091277129,3,0.0055,0.0056564,48.56,BTC-30MAY25-80000-P,95279.03,sell,0.1,0.1,,,,,,,1746091277.129
3150,364059693,1746091279840,3,0.0055,0.00562459,48.66,BTC-30MAY25-80000-P,95320.39,sell,0.1,0.1,,,,,,,1746091279.84
3151,364059698,1746091284117,3,0.0055,0.00561132,48.67,BTC-30MAY25-80000-P,95324.95,sell,0.1,0.1,,,,,,,1746091284.117
3153,364059700,1746091286064,3,0.0055,0.00561141,48.67,BTC-30MAY25-80000-P,95326.59,sell,0.5,0.5,,,,,,,1746091286.064
3152,364059699,1746091286064,3,0.0055,0.00561141,48.67,BTC-30MAY25-80000-P,95326.59,sell,0.1,0.1,,,,,,,1746091286.064
3154,364059926,1746091500217,3,0.0055,0.00568516,48.6,BTC-30MAY25-80000-P,95312.11,sell,0.3,0.3,,,,,,,1746091500.217
3155,364059927,1746091500217,3,0.0055,0.00568516,48.6,BTC-30MAY25-80000-P,95312.11,sell,0.1,0.1,,,,,,,1746091500.217
3156,364060064,1746091698336,3,0.0055,0.00568711,48.65,BTC-30MAY25-80000-P,95330.6,sell,0.1,0.1,,,,,,,1746091698.336
3157,364060173,1746091865342,3,0.0055,0.00570014,48.67,BTC-30MAY25-80000-P,95340.12,sell,0.2,0.2,,,,,,,1746091865.342
3158,364061085,1746092300028,3,0.0055,0.0056525,48.97,BTC-30MAY25-80000-P,95462.26,sell,0.3,0.3,,,,,,,1746092300.028
3159,364061112,1746092311155,3,0.0055,0.00562824,49.03,BTC-30MAY25-80000-P,95491.58,sell,0.2,0.2,,,,,,,1746092311.155
3160,364061679,1746092588141,3,0.0055,0.00571996,48.89,BTC-30MAY25-80000-P,95417.75,sell,0.1,0.1,,,,,,,1746092588.141
3162,364061746,1746092613023,3,0.0055,0.00570247,48.93,BTC-30MAY25-80000-P,95432.52,sell,2.0,2.0,,,,,,,1746092613.023
3161,364061745,1746092613023,3,0.0055,0.00570247,48.93,BTC-30MAY25-80000-P,95432.52,sell,0.3,0.3,,,,,,,1746092613.023
3164,364062098,1746092967759,3,0.005,0.0054196,47.87,BTC-30MAY25-80000-P,95493.66,sell,0.1,0.1,,,,,,,1746092967.759
3165,364062099,1746092967759,3,0.005,0.0054196,47.87,BTC-30MAY25-80000-P,95493.66,sell,0.3,0.3,,,,,,,1746092967.759
3163,364062097,1746092967759,2,0.005,0.0054196,47.87,BTC-30MAY25-80000-P,95493.66,sell,0.1,0.1,,,,,,,1746092967.759
3166,364071094,1746094935792,3,0.005,0.0050907,49.52,BTC-30MAY25-80000-P,96276.43,sell,12.5,12.5,2.0,BLOCK-195395,BTC-PS-30MAY25-80000_72000,,,,1746094935.792
3167,364072449,1746095266965,3,0.005,0.00517171,49.52,BTC-30MAY25-80000-P,96263.7,sell,2.0,2.0,,,,,,,1746095266.965
3168,364072605,1746095358588,3,0.005,0.0051478,49.61,BTC-30MAY25-80000-P,96295.83,sell,0.5,0.5,,,,,,,1746095358.588
3169,364089634,1746101052504,0,0.0055,0.00525078,50.64,BTC-30MAY25-80000-P,96190.51,buy,2.0,2.0,,,,,,,1746101052.504
3170,364100985,1746104787700,1,0.0055,0.00517707,51.21,BTC-30MAY25-80000-P,96441.27,buy,1.0,1.0,,,,,,,1746104787.7
3171,364101257,1746104868906,2,0.005,0.00516763,50.01,BTC-30MAY25-80000-P,96465.39,sell,0.1,0.1,,,,,,,1746104868.906
3172,364101296,1746104885172,3,0.005,0.00516672,50.02,BTC-30MAY25-80000-P,96463.41,sell,0.1,0.1,,,,,,,1746104885.172
3173,364101504,1746104944969,3,0.005,0.00518026,49.98,BTC-30MAY25-80000-P,96432.5,sell,0.1,0.1,,,,,,,1746104944.969
3174,364101516,1746104959637,3,0.005,0.00517336,50.0,BTC-30MAY25-80000-P,96441.4,sell,0.1,0.1,,,,,,,1746104959.637
3175,364101629,1746104962251,3,0.005,0.00517162,50.01,BTC-30MAY25-80000-P,96444.13,sell,0.2,0.2,,,,,,,1746104962.251
3176,364101630,1746104962251,3,0.005,0.00517162,50.01,BTC-30MAY25-80000-P,96444.13,sell,0.1,0.1,,,,,,,1746104962.251
3177,364105428,1746106223431,3,0.005,0.00498566,50.21,BTC-30MAY25-80000-P,96541.75,buy,3.6,3.6,,,,,,,1746106223.431
3178,364121356,1746109780196,0,0.0051,0.00516682,50.3,BTC-30MAY25-80000-P,96472.39,sell,12.5,12.5,2.0,BLOCK-195480,BTC-PS-30MAY25-80000_75000,,,,1746109780.196
3179,364128063,1746111925094,2,0.0048,0.00491854,50.74,BTC-30MAY25-80000-P,97035.49,sell,0.1,0.1,,,,,,,1746111925.094
3180,364131037,1746112312960,2,0.0046,0.00463245,50.81,BTC-30MAY25-80000-P,97327.79,sell,0.1,0.1,,,,,,,1746112312.96
3181,364136074,1746113060263,0,0.0047,0.00477191,50.63,BTC-30MAY25-80000-P,97106.07,sell,12.5,12.5,2.0,BLOCK-195499,BTC-PDIAG-30MAY25_16MAY25-80000_83000,,,,1746113060.263
3182,364142020,1746114678537,1,0.0047,0.00470967,50.52,BTC-30MAY25-80000-P,97047.89,buy,0.1,0.1,,,,,,,1746114678.537
3183,364142793,1746115080025,0,0.0048,0.00476632,50.58,BTC-30MAY25-80000-P,96933.35,buy,0.1,0.1,,,,,,,1746115080.025
3184,364144098,1746115673873,2,0.0047,0.00464864,50.71,BTC-30MAY25-80000-P,97132.49,buy,0.4,0.4,,,,,,,1746115673.873
3185,364144234,1746115780095,3,0.0047,0.00460322,50.84,BTC-30MAY25-80000-P,97192.3,buy,2.2,2.2,,,,,,,1746115780.095
3186,364144346,1746115836700,3,0.0047,0.00465294,50.7,BTC-30MAY25-80000-P,97136.38,buy,3.0,3.0,,,,,,,1746115836.7
3187,364144479,1746115962885,2,0.0046,0.00462331,50.56,BTC-30MAY25-80000-P,97187.5,sell,0.1,0.1,,,,,,,1746115962.885
3188,364144590,1746116014796,0,0.0047,0.00462795,50.83,BTC-30MAY25-80000-P,97192.79,buy,1.2,1.2,,,,,,,1746116014.796
3189,364145572,1746116522502,1,0.0047,0.00466052,50.75,BTC-30MAY25-80000-P,97155.09,buy,2.0,2.0,,,,,,,1746116522.502
3190,364147333,1746117377231,2,0.0046,0.00459889,50.88,BTC-30MAY25-80000-P,97342.54,sell,0.1,0.1,,,,,,,1746117377.231
3191,364147334,1746117377235,3,0.0046,0.00459889,50.88,BTC-30MAY25-80000-P,97342.54,buy,0.6,0.6,,,,,,,1746117377.235
3192,364165051,1746127043760,0,0.0047,0.00484442,49.75,BTC-30MAY25-80000-P,96606.79,sell,0.1,0.1,,,,,,,1746127043.76
3193,364165052,1746127043904,1,0.0047,0.00484442,49.75,BTC-30MAY25-80000-P,96606.79,sell,0.1,0.1,,,,,,,1746127043.904
3194,364165960,1746127442000,0,0.0048,0.00482862,49.91,BTC-30MAY25-80000-P,96591.67,buy,3.9,3.9,,,,,,,1746127442.0
3195,364165961,1746127442004,1,0.0048,0.00482862,49.91,BTC-30MAY25-80000-P,96591.67,sell,1.4,1.4,,,,,,,1746127442.004
3196,364167019,1746128437490,0,0.005,0.00495229,50.63,BTC-30MAY25-80000-P,96697.57,buy,0.1,0.1,,,,,,,1746128437.49
3197,364171809,1746131275434,2,0.0047,0.00490839,50.27,BTC-30MAY25-80000-P,96885.24,sell,12.5,12.5,2.0,BLOCK-195526,BTC-PS-30MAY25-80000_74000,,,,1746131275.434
3198,364184807,1746145892640,0,0.0048,0.00474195,50.86,BTC-30MAY25-80000-P,96936.46,sell,2.0,2.0,,,,,,,1746145892.64
3199,364184808,1746145892707,1,0.0048,0.00474195,50.86,BTC-30MAY25-80000-P,96936.46,sell,0.1,0.1,,,,,,,1746145892.707
3200,364184809,1746145894043,1,0.0048,0.00474248,50.86,BTC-30MAY25-80000-P,96938.65,sell,0.1,0.1,,,,,,,1746145894.043
3201,364184810,1746145894095,1,0.0048,0.00474248,50.86,BTC-30MAY25-80000-P,96938.65,sell,0.1,0.1,,,,,,,1746145894.095
3202,364184822,1746145894358,1,0.0048,0.00474248,50.86,BTC-30MAY25-80000-P,96938.65,sell,0.2,0.2,,,,,,,1746145894.358
3203,364184823,1746145894496,1,0.0048,0.00474119,50.88,BTC-30MAY25-80000-P,96947.48,sell,0.2,0.2,,,,,,,1746145894.496
3204,364184824,1746145894524,1,0.0048,0.00474119,50.88,BTC-30MAY25-80000-P,96947.48,sell,0.1,0.1,,,,,,,1746145894.524
3205,364184838,1746145918357,1,0.0048,0.00472676,50.92,BTC-30MAY25-80000-P,96962.12,sell,1.2,1.2,,,,,,,1746145918.357
3206,364184864,1746145920319,1,0.0048,0.00472691,50.92,BTC-30MAY25-80000-P,96963.66,sell,0.1,0.1,,,,,,,1746145920.319
3207,364184871,1746145921212,1,0.0048,0.0047255,50.94,BTC-30MAY25-80000-P,96972.26,sell,0.6,0.6,,,,,,,1746145921.212
3208,364188120,1746147618178,2,0.0047,0.00469642,50.87,BTC-30MAY25-80000-P,97088.2,sell,0.9,0.9,,,,,,,1746147618.178
3209,364188331,1746147619124,3,0.0047,0.00469383,50.89,BTC-30MAY25-80000-P,97096.48,sell,0.9,0.9,,,,,,,1746147619.124
3210,364195824,1746152816099,2,0.0045,0.0045478,50.29,BTC-30MAY25-80000-P,96967.34,sell,0.2,0.2,,,,,,,1746152816.099
3211,364199627,1746155687041,3,0.0045,0.00451197,50.79,BTC-30MAY25-80000-P,97178.48,sell,0.8,0.8,,,,,,,1746155687.041
3212,364205084,1746158661415,2,0.0044,0.00441409,50.49,BTC-30MAY25-80000-P,97189.35,buy,0.1,0.1,,,,,,,1746158661.415
3213,364218799,1746166509427,0,0.0046,0.00454974,50.34,BTC-30MAY25-80000-P,96741.17,sell,0.1,0.1,,,,,,,1746166509.427
3214,364244430,1746174481347,0,0.0047,0.00449164,50.52,BTC-30MAY25-80000-P,96634.54,buy,25.0,25.0,2.0,BLOCK-195632,BTC-PSR12-30MAY25-85000_80000,,,,1746174481.347
3215,364253072,1746180003292,2,0.0044,0.00445436,49.63,BTC-30MAY25-80000-P,96640.24,sell,0.1,0.1,,,,,,,1746180003.292
3216,364282826,1746195541190,2,0.004,0.00408987,49.38,BTC-30MAY25-80000-P,97033.39,sell,0.1,0.1,,,,,,,1746195541.19
3217,364283147,1746195863109,3,0.004,0.00410667,49.29,BTC-30MAY25-80000-P,96989.94,sell,0.1,0.1,,,,,,,1746195863.109
3218,364283151,1746195863221,3,0.004,0.00410667,49.29,BTC-30MAY25-80000-P,96989.94,sell,0.3,0.3,,,,,,,1746195863.221
3219,364283156,1746195865955,3,0.004,0.0040931,49.35,BTC-30MAY25-80000-P,97018.65,sell,0.2,0.2,,,,,,,1746195865.955
3220,364283157,1746195865978,3,0.004,0.0040931,49.35,BTC-30MAY25-80000-P,97018.65,sell,0.1,0.1,,,,,,,1746195865.978
3222,364283256,1746195885190,3,0.004,0.00404264,49.53,BTC-30MAY25-80000-P,97100.29,sell,0.2,0.2,,,,,,,1746195885.19
3221,364283255,1746195885190,3,0.004,0.00404264,49.53,BTC-30MAY25-80000-P,97100.29,sell,0.2,0.2,,,,,,,1746195885.19
3223,364283569,1746196061303,3,0.004,0.00398835,49.74,BTC-30MAY25-80000-P,97207.54,sell,1.0,1.0,,,,,,,1746196061.303
3224,364283574,1746196076980,3,0.004,0.00398593,49.75,BTC-30MAY25-80000-P,97216.02,sell,1.0,1.0,,,,,,,1746196076.98
3225,364284582,1746196476075,3,0.004,0.004027,49.83,BTC-30MAY25-80000-P,97257.74,sell,0.2,0.2,,,,,,,1746196476.075
3226,364285254,1746196575303,3,0.004,0.00391804,50.25,BTC-30MAY25-80000-P,97466.09,sell,0.3,0.3,,,,,,,1746196575.303
3227,364285267,1746196575758,3,0.004,0.0039131,50.29,BTC-30MAY25-80000-P,97483.99,sell,0.1,0.1,,,,,,,1746196575.758
3228,364285310,1746196576163,3,0.004,0.0039131,50.29,BTC-30MAY25-80000-P,97483.99,sell,0.2,0.2,,,,,,,1746196576.163
3229,364285935,1746196609776,3,0.004,0.00390247,50.55,BTC-30MAY25-80000-P,97612.27,sell,44.0,44.0,,,,,,,1746196609.776
3230,364286400,1746196635575,3,0.004,0.00387699,50.65,BTC-30MAY25-80000-P,97665.66,sell,0.2,0.2,,,,,,,1746196635.575
3231,364286401,1746196635679,3,0.004,0.00387699,50.65,BTC-30MAY25-80000-P,97665.66,sell,0.2,0.2,,,,,,,1746196635.679
3232,364287735,1746196806059,3,0.004,0.00391915,50.64,BTC-30MAY25-80000-P,97653.89,sell,12.6,12.6,,,,,,,1746196806.059
3233,364298612,1746199542665,3,0.004,0.00402027,50.22,BTC-30MAY25-80000-P,97430.24,buy,2.1,2.1,,,,,,,1746199542.665
3234,364299429,1746199583911,0,0.0041,0.0040698,50.34,BTC-30MAY25-80000-P,97344.84,buy,10.0,10.0,,,BTC-ICOND-30MAY25-80000_86000_100000_105000,,,364299426,1746199583.911
3235,364299903,1746199605507,1,0.0041,0.00416939,50.07,BTC-30MAY25-80000-P,97215.47,sell,0.4,0.4,,,,,,,1746199605.507
3236,364371065,1746236717074,2,0.0037,0.00375891,47.76,BTC-30MAY25-80000-P,96514.1,buy,0.1,0.1,,,,,,,1746236717.074
3237,364467765,1746278840068,2,0.0035,0.00371626,46.85,BTC-30MAY25-80000-P,96258.04,sell,1.0,1.0,,,,,,,1746278840.068
3238,364483927,1746287022392,0,0.0037,0.00366473,47.94,BTC-30MAY25-80000-P,96466.02,sell,1.0,1.0,,,,,,,1746287022.392
3239,364538432,1746319277371,0,0.004,0.00388742,47.93,BTC-30MAY25-80000-P,95844.75,buy,1.0,1.0,,,,,,,1746319277.371
3240,364538433,1746319277373,1,0.004,0.00388742,47.93,BTC-30MAY25-80000-P,95844.75,sell,5.0,5.0,,,,,,,1746319277.373
3241,364618343,1746367240848,0,0.0044,0.00429801,48.42,BTC-30MAY25-80000-P,95388.57,sell,0.1,0.1,,,BTC-PDIAG-30MAY25_16MAY25-80000_90000,,,364618341,1746367240.848
3242,364622778,1746372755709,2,0.0042,0.00424072,48.37,BTC-30MAY25-80000-P,95576.41,sell,0.1,0.1,,,,,,,1746372755.709
3243,364622787,1746372773513,3,0.0042,0.00425529,48.33,BTC-30MAY25-80000-P,95561.42,sell,0.1,0.1,,,,,,,1746372773.513
3244,364666927,1746401550190,0,0.0049,0.00490902,47.55,BTC-30MAY25-80000-P,94281.23,sell,0.1,0.1,,,,,,,1746401550.19
3245,364670898,1746402529555,0,0.005,0.00498797,47.76,BTC-30MAY25-80000-P,94270.14,buy,0.1,0.1,,,,,,,1746402529.555
3246,364671046,1746402577334,0,0.0055,0.00503876,48.87,BTC-30MAY25-80000-P,94221.82,buy,0.2,0.2,,,,,,,1746402577.334
3247,364672052,1746403223890,1,0.0055,0.0051174,49.0,BTC-30MAY25-80000-P,94264.91,buy,0.1,0.1,,,,,,,1746403223.89
3248,364676390,1746405772455,2,0.0048,0.00467436,48.43,BTC-30MAY25-80000-P,94749.17,sell,0.6,0.6,,,,,,,1746405772.455
3249,364691117,1746412143385,0,0.005,0.00520161,47.84,BTC-30MAY25-80000-P,94216.12,sell,0.3,0.3,,,,,,,1746412143.385
3250,364695257,1746416131242,1,0.005,0.00518684,47.7,BTC-30MAY25-80000-P,94122.53,buy,1.0,1.0,,,,,,,1746416131.242
3251,364697470,1746416671290,2,0.0049,0.00512763,47.59,BTC-30MAY25-80000-P,94158.63,sell,0.2,0.2,,,,,,,1746416671.29
3252,364707117,1746423870867,2,0.0048,0.00503826,48.25,BTC-30MAY25-80000-P,94539.12,buy,0.2,0.2,,,,,,,1746423870.867
3253,364709767,1746426020924,2,0.0046,0.00478021,48.1,BTC-30MAY25-80000-P,94677.46,sell,0.1,0.1,,,,,,,1746426020.924
3254,364722403,1746437751112,2,0.0044,0.00459497,47.44,BTC-30MAY25-80000-P,94615.99,sell,3.0,3.0,,,,,,,1746437751.112
3255,364730653,1746444755204,0,0.005,0.00532843,47.59,BTC-30MAY25-80000-P,93989.33,sell,1.0,1.0,,,,,,,1746444755.204
3256,364738603,1746451303769,0,0.0055,0.0051949,49.84,BTC-30MAY25-80000-P,94330.08,buy,30.0,30.0,,,,,,,1746451303.769
3257,364738665,1746451327507,1,0.0055,0.00516532,49.92,BTC-30MAY25-80000-P,94362.15,buy,5.0,5.0,,,,,,,1746451327.507
3258,364739153,1746451732296,1,0.0055,0.0053308,49.49,BTC-30MAY25-80000-P,94175.51,buy,6.6,6.6,,,,,,,1746451732.296
3259,364739154,1746451732296,1,0.0055,0.0053308,49.49,BTC-30MAY25-80000-P,94175.51,buy,1.0,1.0,,,,,,,1746451732.296
3260,364739155,1746451732296,1,0.0055,0.0053308,49.49,BTC-30MAY25-80000-P,94175.51,buy,1.2,1.2,,,,,,,1746451732.296
3261,364739156,1746451732296,1,0.0055,0.0053308,49.49,BTC-30MAY25-80000-P,94175.51,buy,1.2,1.2,,,,,,,1746451732.296
3263,364739170,1746451760437,1,0.0055,0.00532317,49.49,BTC-30MAY25-80000-P,94177.14,buy,8.8,8.8,,,,,,,1746451760.437
3262,364739169,1746451760437,1,0.0055,0.00532317,49.49,BTC-30MAY25-80000-P,94177.14,buy,11.2,11.2,,,,,,,1746451760.437
3265,364740136,1746451907783,1,0.0055,0.00543406,49.15,BTC-30MAY25-80000-P,94048.08,buy,11.9,11.9,,,,,,,1746451907.783
3264,364740135,1746451907783,1,0.0055,0.00543406,49.15,BTC-30MAY25-80000-P,94048.08,buy,8.1,8.1,,,,,,,1746451907.783
3266,364740149,1746451912218,1,0.0055,0.00541564,49.19,BTC-30MAY25-80000-P,94063.17,buy,20.0,20.0,,,,,,,1746451912.218
3267,364756483,1746454848236,1,0.0055,0.00519959,49.51,BTC-30MAY25-80000-P,94149.6,buy,0.1,0.1,,,,,,,1746454848.236
3268,364758555,1746455292530,1,0.0055,0.00533004,48.88,BTC-30MAY25-80000-P,93901.74,buy,0.1,0.1,,,,,,,1746455292.53
3269,364764317,1746457771199,1,0.0055,0.00536764,48.43,BTC-30MAY25-80000-P,93697.99,buy,0.3,0.3,,,,,,,1746457771.199
3270,364764530,1746457808692,1,0.0055,0.00538949,48.35,BTC-30MAY25-80000-P,93669.62,buy,0.3,0.3,,,,,,,1746457808.692
3272,364765038,1746457973538,1,0.0055,0.00533535,48.41,BTC-30MAY25-80000-P,93689.5,buy,0.7,0.7,,,,,,,1746457973.538
3273,364765039,1746457973538,1,0.0055,0.00533535,48.41,BTC-30MAY25-80000-P,93689.5,buy,2.3,2.3,,,,,,,1746457973.538
3271,364765037,1746457973538,1,0.0055,0.00533535,48.41,BTC-30MAY25-80000-P,93689.5,buy,0.2,0.2,,,,,,,1746457973.538
3274,364765040,1746457973541,1,0.0055,0.00533535,48.41,BTC-30MAY25-80000-P,93689.5,sell,6.8,6.8,,,,,,,1746457973.541
3275,364766938,1746458862453,1,0.0055,0.00523754,48.8,BTC-30MAY25-80000-P,93871.98,buy,0.1,0.1,,,,,,,1746458862.453
3276,364777485,1746465744897,2,0.005,0.00510438,48.73,BTC-30MAY25-80000-P,94294.23,sell,20.0,20.0,,,,,,,1746465744.897
3277,364777486,1746465744897,3,0.005,0.00510438,48.73,BTC-30MAY25-80000-P,94294.23,sell,5.0,5.0,,,,,,,1746465744.897
3278,364778469,1746466316055,3,0.005,0.00512639,48.99,BTC-30MAY25-80000-P,94420.61,sell,15.0,15.0,,,,,,,1746466316.055
3279,364789849,1746470236942,2,0.0046,0.00451138,48.82,BTC-30MAY25-80000-P,94759.32,sell,0.4,0.4,,,,,,,1746470236.942
3280,364803571,1746481100133,2,0.0044,0.00429123,47.82,BTC-30MAY25-80000-P,94511.98,sell,0.1,0.1,,,,,,,1746481100.133
3281,364807960,1746484716511,2,0.004,0.0039765,47.94,BTC-30MAY25-80000-P,95025.93,sell,0.1,0.1,,,,,,,1746484716.511
3282,364808721,1746484947183,2,0.0038,0.00387664,47.66,BTC-30MAY25-80000-P,95187.95,sell,1.2,1.2,,,,,,,1746484947.183
3283,364808722,1746484947185,3,0.0038,0.00387664,47.66,BTC-30MAY25-80000-P,95187.95,buy,0.5,0.5,,,,,,,1746484947.185
3284,364808723,1746484949327,3,0.0038,0.00387703,47.66,BTC-30MAY25-80000-P,95188.79,buy,0.1,0.1,,,,,,,1746484949.327
3285,364808724,1746484949489,3,0.0038,0.00387717,47.66,BTC-30MAY25-80000-P,95189.26,buy,0.1,0.1,,,,,,,1746484949.489
3286,364809526,1746485475969,3,0.0038,0.0039233,47.31,BTC-30MAY25-80000-P,95039.14,buy,0.1,0.1,,,,,,,1746485475.969
3287,364810257,1746486217429,3,0.0038,0.00389765,47.43,BTC-30MAY25-80000-P,95087.73,buy,0.3,0.3,,,,,,,1746486217.429
3288,364832272,1746513403872,0,0.0042,0.00415122,47.42,BTC-30MAY25-80000-P,94441.5,buy,0.1,0.1,,,,,,,1746513403.872
3290,364862034,1746538198382,1,0.0048,0.00467615,47.56,BTC-30MAY25-80000-P,93736.1,buy,1.0,1.0,,,,,,,1746538198.382
3289,364862033,1746538198382,0,0.0048,0.00467615,47.56,BTC-30MAY25-80000-P,93736.1,buy,0.6,0.6,,,,,,,1746538198.382
3291,364862035,1746538198382,0,0.0049,0.00467615,47.82,BTC-30MAY25-80000-P,93736.1,buy,1.5,1.5,,,,,,,1746538198.382
3292,364862038,1746538198401,1,0.0049,0.00467615,47.82,BTC-30MAY25-80000-P,93736.1,buy,1.6,1.6,,,,,,,1746538198.401
3293,364862039,1746538198401,1,0.0049,0.00467615,47.82,BTC-30MAY25-80000-P,93736.1,buy,1.5,1.5,,,,,,,1746538198.401
3294,364862040,1746538198429,2,0.0048,0.00467615,47.56,BTC-30MAY25-80000-P,93736.1,buy,1.0,1.0,,,,,,,1746538198.429
3295,364862044,1746538198498,3,0.0048,0.00467615,47.56,BTC-30MAY25-80000-P,93736.1,buy,1.0,1.0,,,,,,,1746538198.498
3297,364862046,1746538198517,1,0.0049,0.00467615,47.82,BTC-30MAY25-80000-P,93736.1,buy,1.8,1.8,,,,,,,1746538198.517
3296,364862045,1746538198517,0,0.0049,0.00467615,47.82,BTC-30MAY25-80000-P,93736.1,buy,2.8,2.8,,,,,,,1746538198.517
3298,364862064,1746538200564,1,0.0049,0.00467599,47.81,BTC-30MAY25-80000-P,93731.09,buy,1.0,1.0,,,,,,,1746538200.564
3299,364862065,1746538200599,1,0.0049,0.00467599,47.81,BTC-30MAY25-80000-P,93731.09,buy,1.0,1.0,,,,,,,1746538200.599
3300,364862066,1746538200629,1,0.0049,0.00467599,47.81,BTC-30MAY25-80000-P,93731.09,buy,1.0,1.0,,,,,,,1746538200.629
3301,364862068,1746538200660,1,0.0049,0.00467599,47.81,BTC-30MAY25-80000-P,93731.09,buy,1.0,1.0,,,,,,,1746538200.66
3302,364904486,1746556058696,2,0.0044,0.00423052,49.35,BTC-30MAY25-80000-P,94827.73,sell,0.2,0.2,,,,,,,1746556058.696
3303,364922462,1746569017221,2,0.0041,0.00387938,49.45,BTC-30MAY25-80000-P,95166.12,sell,0.1,0.1,,,,,,,1746569017.221
3304,364930013,1746570642436,2,0.0036,0.00351808,49.56,BTC-30MAY25-80000-P,95873.12,sell,9.0,9.0,,,,,,,1746570642.436
3305,364952430,1746576009688,3,0.0036,0.00362097,51.85,BTC-30MAY25-80000-P,96885.28,sell,0.3,0.3,,,,,,,1746576009.688
3306,364952464,1746576014537,3,0.0036,0.00360571,51.89,BTC-30MAY25-80000-P,96903.96,sell,0.1,0.1,,,,,,,1746576014.537
3307,364952465,1746576014836,3,0.0036,0.00360571,51.89,BTC-30MAY25-80000-P,96903.96,sell,0.2,0.2,,,,,,,1746576014.836
3308,364952468,1746576015378,3,0.0036,0.00360244,51.89,BTC-30MAY25-80000-P,96904.92,sell,0.1,0.1,,,,,,,1746576015.378
3309,364952632,1746576054289,3,0.0036,0.00363622,51.8,BTC-30MAY25-80000-P,96866.03,sell,0.1,0.1,,,,,,,1746576054.289
3310,364952639,1746576056123,3,0.0036,0.00363476,51.85,BTC-30MAY25-80000-P,96887.32,sell,0.3,0.3,,,,,,,1746576056.123
3311,364952665,1746576063593,3,0.0036,0.00361498,51.88,BTC-30MAY25-80000-P,96898.97,sell,0.1,0.1,,,,,,,1746576063.593
3312,364952666,1746576066808,3,0.0036,0.00360944,51.9,BTC-30MAY25-80000-P,96908.08,sell,0.2,0.2,,,,,,,1746576066.808
3313,364952672,1746576074515,3,0.0036,0.00359899,51.93,BTC-30MAY25-80000-P,96919.3,sell,0.1,0.1,,,,,,,1746576074.515
3314,364952768,1746576099144,3,0.0036,0.00360278,51.95,BTC-30MAY25-80000-P,96926.82,sell,0.2,0.2,,,,,,,1746576099.144
3315,364952781,1746576099883,3,0.0036,0.00360278,51.95,BTC-30MAY25-80000-P,96926.82,sell,0.6,0.6,,,,,,,1746576099.883
3316,364953126,1746576224310,3,0.0036,0.00370703,51.61,BTC-30MAY25-80000-P,96788.61,sell,0.1,0.1,,,,,,,1746576224.31
3317,364953127,1746576224354,3,0.0036,0.00370703,51.61,BTC-30MAY25-80000-P,96788.61,sell,0.1,0.1,,,,,,,1746576224.354
3318,364953128,1746576226603,3,0.0036,0.00369897,51.61,BTC-30MAY25-80000-P,96791.14,sell,0.1,0.1,,,,,,,1746576226.603
3319,364953163,1746576226842,3,0.0036,0.00369897,51.61,BTC-30MAY25-80000-P,96791.14,sell,0.2,0.2,,,,,,,1746576226.842
3320,364953984,1746576442529,3,0.0036,0.0036224,51.93,BTC-30MAY25-80000-P,96943.98,sell,0.2,0.2,,,,,,,1746576442.529
3321,364954001,1746576443550,3,0.0036,0.00362245,52.0,BTC-30MAY25-80000-P,96972.97,sell,0.2,0.2,,,,,,,1746576443.55
3322,364954011,1746576445327,3,0.0036,0.00359624,52.03,BTC-30MAY25-80000-P,96983.24,sell,0.1,0.1,,,,,,,1746576445.327
3323,364954018,1746576445472,3,0.0036,0.00357624,52.03,BTC-30MAY25-80000-P,96985.72,sell,0.1,0.1,,,,,,,1746576445.472
3324,364954036,1746576446661,3,0.0036,0.00356916,52.06,BTC-30MAY25-80000-P,96997.47,sell,0.3,0.3,,,,,,,1746576446.661
3325,364954042,1746576447907,3,0.0036,0.0035674,52.1,BTC-30MAY25-80000-P,97016.0,sell,0.3,0.3,,,,,,,1746576447.907
3326,364954043,1746576448112,3,0.0036,0.0035674,52.1,BTC-30MAY25-80000-P,97016.0,sell,0.1,0.1,,,,,,,1746576448.112
3327,364954051,1746576450049,3,0.0036,0.0035476,52.11,BTC-30MAY25-80000-P,97018.01,sell,0.1,0.1,,,,,,,1746576450.049
3328,364954054,1746576450173,3,0.0036,0.0035476,52.11,BTC-30MAY25-80000-P,97018.01,sell,0.1,0.1,,,,,,,1746576450.173
3329,364954065,1746576450307,3,0.0036,0.0035476,52.11,BTC-30MAY25-80000-P,97018.01,sell,0.1,0.1,,,,,,,1746576450.307
3330,364954075,1746576450383,3,0.0036,0.0035476,52.11,BTC-30MAY25-80000-P,97018.01,sell,0.1,0.1,,,,,,,1746576450.383
3331,364954105,1746576450692,3,0.0036,0.00354697,52.12,BTC-30MAY25-80000-P,97022.3,sell,0.5,0.5,,,,,,,1746576450.692
3332,364954118,1746576451095,3,0.0036,0.00354697,52.12,BTC-30MAY25-80000-P,97022.3,sell,0.2,0.2,,,,,,,1746576451.095
3333,364956748,1746577344310,3,0.0036,0.00349386,52.87,BTC-30MAY25-80000-P,97343.75,sell,0.1,0.1,,,,,,,1746577344.31
3334,364956894,1746577366134,3,0.0036,0.00348362,52.98,BTC-30MAY25-80000-P,97396.73,sell,13.0,13.0,,,,,,,1746577366.134
3335,364957266,1746577395716,3,0.0036,0.00348768,53.11,BTC-30MAY25-80000-P,97458.21,sell,10.2,10.2,,,,,,,1746577395.716
3336,364986706,1746592027638,0,0.0038,0.00374922,51.97,BTC-30MAY25-80000-P,96596.34,buy,10.0,10.0,,,,,,,1746592027.638
3337,364989203,1746595777765,2,0.0037,0.00378739,51.35,BTC-30MAY25-80000-P,96424.02,sell,3.0,3.0,,,,,,,1746595777.765
3338,364989205,1746595780012,3,0.0037,0.00378723,51.35,BTC-30MAY25-80000-P,96424.02,sell,3.0,3.0,,,,,,,1746595780.012
3339,364989206,1746595781907,3,0.0037,0.00378685,51.35,BTC-30MAY25-80000-P,96424.02,sell,3.0,3.0,,,,,,,1746595781.907
3340,364989207,1746595783225,3,0.0037,0.00378671,51.35,BTC-30MAY25-80000-P,96424.41,sell,1.0,1.0,,,,,,,1746595783.225
3341,364993592,1746602110711,2,0.0036,0.0036305,51.61,BTC-30MAY25-80000-P,96658.56,sell,2.0,2.0,,,,,,,1746602110.711
3342,364993593,1746602110711,3,0.0036,0.0036305,51.61,BTC-30MAY25-80000-P,96658.56,sell,20.0,20.0,,,,,,,1746602110.711
3343,364998062,1746605349273,2,0.0035,0.00357902,51.84,BTC-30MAY25-80000-P,96920.04,sell,5.0,5.0,,,,,,,1746605349.273
3344,364998852,1746606513848,3,0.0035,0.00355644,51.85,BTC-30MAY25-80000-P,96914.15,sell,3.0,3.0,,,,,,,1746606513.848
3346,364999904,1746607751290,3,0.0035,0.00347496,52.18,BTC-30MAY25-80000-P,97042.32,sell,0.2,0.2,,,,,,,1746607751.29
3345,364999903,1746607751290,3,0.0035,0.00347496,52.18,BTC-30MAY25-80000-P,97042.32,sell,0.6,0.6,,,,,,,1746607751.29
3347,365000125,1746608170586,3,0.0035,0.00347806,52.02,BTC-30MAY25-80000-P,96982.04,buy,1.0,1.0,,,,,,,1746608170.586
3348,365001539,1746609641332,3,0.0035,0.00348472,51.87,BTC-30MAY25-80000-P,96896.67,sell,0.5,0.5,,,,,,,1746609641.332
3349,365003472,1746613420140,2,0.0033,0.00343682,51.35,BTC-30MAY25-80000-P,96936.95,sell,2.0,2.0,,,,,,,1746613420.14
3353,365003477,1746613445971,3,0.0031,0.00342814,50.64,BTC-30MAY25-80000-P,96936.72,sell,4.9,4.9,,,,,,,1746613445.971
3352,365003476,1746613445971,3,0.0031,0.00342814,50.64,BTC-30MAY25-80000-P,96936.72,sell,1.2,1.2,,,,,,,1746613445.971
3350,365003474,1746613445971,2,0.0031,0.00342814,50.64,BTC-30MAY25-80000-P,96936.72,sell,0.9,0.9,,,,,,,1746613445.971
3351,365003475,1746613445971,3,0.0031,0.00342814,50.64,BTC-30MAY25-80000-P,96936.72,sell,1.0,1.0,,,,,,,1746613445.971
3354,365014101,1746625311117,2,0.003,0.00306316,50.78,BTC-30MAY25-80000-P,97118.83,sell,0.1,0.1,,,,,,,1746625311.117
3355,365068965,1746648981538,0,0.0033,0.00313921,50.55,BTC-30MAY25-80000-P,96423.64,sell,0.1,0.1,,,,,,,1746648981.538
3356,365069470,1746649206035,1,0.0033,0.00324181,50.19,BTC-30MAY25-80000-P,96267.55,sell,0.1,0.1,,,,,,,1746649206.035
3357,365069471,1746649219203,1,0.0033,0.00324283,50.18,BTC-30MAY25-80000-P,96265.96,sell,0.1,0.1,,,,,,,1746649219.203
3358,365069472,1746649235101,1,0.0033,0.00324177,50.19,BTC-30MAY25-80000-P,96267.73,sell,0.1,0.1,,,,,,,1746649235.101
3359,365069664,1746649396795,0,0.0034,0.00322664,50.55,BTC-30MAY25-80000-P,96277.12,buy,0.1,0.1,,,,,,,1746649396.795
3360,365076809,1746653303123,2,0.003,0.0029828,51.03,BTC-30MAY25-80000-P,97089.71,sell,0.9,0.9,,,,,,,1746653303.123
3361,365076810,1746653303123,3,0.003,0.0029828,51.03,BTC-30MAY25-80000-P,97089.71,sell,0.1,0.1,,,,,,,1746653303.123
3362,365108380,1746668438032,2,0.0026,0.00256908,51.59,BTC-30MAY25-80000-P,97936.76,sell,0.3,0.3,,,,,,,1746668438.032
3363,365108381,1746668438032,3,0.0026,0.00256908,51.59,BTC-30MAY25-80000-P,97936.76,sell,4.0,4.0,,,,,,,1746668438.032
3365,365112466,1746670180103,3,0.0025,0.00245084,51.27,BTC-30MAY25-80000-P,97952.43,buy,2.2,2.2,,,,,,,1746670180.103
3364,365112465,1746670180103,2,0.0025,0.00245084,51.27,BTC-30MAY25-80000-P,97952.43,buy,0.3,0.3,,,,,,,1746670180.103
3366,365112467,1746670180105,3,0.0025,0.00245084,51.27,BTC-30MAY25-80000-P,97952.43,sell,1.7,1.7,,,,,,,1746670180.105
3367,365112469,1746670180113,3,0.0025,0.00245084,51.27,BTC-30MAY25-80000-P,97952.43,sell,0.1,0.1,,,,,,,1746670180.113
3368,365112505,1746670220996,3,0.0025,0.00245347,51.29,BTC-30MAY25-80000-P,97959.87,sell,0.1,0.1,,,,,,,1746670220.996
3369,365112544,1746670260517,3,0.0025,0.00244089,51.33,BTC-30MAY25-80000-P,97978.06,sell,0.1,0.1,,,,,,,1746670260.517
3370,365112556,1746670262118,3,0.0025,0.00244096,51.35,BTC-30MAY25-80000-P,97984.84,sell,0.5,0.5,,,,,,,1746670262.118
3371,365113819,1746670821095,2,0.0024,0.00238022,51.3,BTC-30MAY25-80000-P,98176.33,sell,2.0,2.0,,,,,,,1746670821.095
3372,365121361,1746672661545,2,0.0023,0.00220493,52.28,BTC-30MAY25-80000-P,98827.78,sell,13.1,13.1,,,,,,,1746672661.545
3373,365122709,1746673028915,3,0.0023,0.00225471,51.98,BTC-30MAY25-80000-P,98687.79,sell,0.5,0.5,,,,,,,1746673028.915
3374,365127892,1746675067417,2,0.002,0.00208601,50.98,BTC-30MAY25-80000-P,98835.07,buy,0.1,0.1,,,BTC-PS-30MAY25-86000_80000,,,365127891,1746675067.417
3375,365133149,1746676352086,0,0.0022,0.00201265,52.22,BTC-30MAY25-80000-P,98977.24,buy,25.0,25.0,2.0,BLOCK-196397,BTC-PS-30MAY25-88000_80000,,3083.0,,1746676352.086
3376,365133859,1746676643209,1,0.0022,0.00197683,52.48,BTC-30MAY25-80000-P,99099.52,buy,25.0,25.0,2.0,BLOCK-196401,BTC-PS-30MAY25-88000_80000,,3086.0,,1746676643.209
3377,365143351,1746679160823,2,0.0021,0.00202252,52.49,BTC-30MAY25-80000-P,99328.15,buy,25.0,25.0,2.0,BLOCK-196434,BTC-PSR12-30MAY25-86000_80000,,3108.0,,1746679160.823
3378,365149537,1746682428730,0,0.0022,0.00199685,52.08,BTC-30MAY25-80000-P,98880.59,buy,0.3,0.3,,,,,,,1746682428.73
3379,365152180,1746686346247,2,0.0018,0.00188769,50.2,BTC-30MAY25-80000-P,98877.77,buy,2.6,2.6,,,,,,,1746686346.247
3380,365155326,1746688417226,2,0.0017,0.00182484,50.12,BTC-30MAY25-80000-P,99146.79,sell,10.0,10.0,,,,,,,1746688417.226
3381,365156606,1746689201242,0,0.0018,0.00175229,50.85,BTC-30MAY25-80000-P,99259.34,buy,50.0,50.0,2.0,BLOCK-196457,BTC-PSR12-30MAY25-85000_80000,,,,1746689201.242
3382,365156658,1746689243622,1,0.0018,0.00175432,50.81,BTC-30MAY25-80000-P,99239.73,buy,50.0,50.0,2.0,BLOCK-196458,BTC-PSR12-30MAY25-85000_80000,,,,1746689243.622
3383,365166876,1746691613038,2,0.0015,0.00160853,49.49,BTC-30MAY25-80000-P,99400.86,sell,0.2,0.2,,,,,,,1746691613.038
3384,365170477,1746692301282,0,0.0018,0.00158274,51.63,BTC-30MAY25-80000-P,99609.65,buy,25.0,25.0,2.0,BLOCK-196481,BTC-PSR12-30MAY25-88000_80000,,,,1746692301.282
3385,365171993,1746692868666,1,0.0018,0.0016219,51.55,BTC-30MAY25-80000-P,99565.94,buy,25.0,25.0,2.0,BLOCK-196486,BTC-PS-30MAY25-86000_80000,,,,1746692868.666
3386,365172352,1746693089967,2,0.0015,0.00164867,49.68,BTC-30MAY25-80000-P,99468.67,buy,0.4,0.4,,,,,,,1746693089.967
3387,365173152,1746693582509,0,0.0016,0.00159669,50.47,BTC-30MAY25-80000-P,99570.69,buy,0.1,0.1,,,,,,,1746693582.509
3388,365173153,1746693582513,1,0.0016,0.00159669,50.47,BTC-30MAY25-80000-P,99570.69,buy,0.1,0.1,,,,,,,1746693582.513
3389,365173290,1746693653167,0,0.0018,0.00159465,51.65,BTC-30MAY25-80000-P,99610.96,buy,25.0,25.0,2.0,BLOCK-196495,BTC-PS-30MAY25-80000_78000,,,,1746693653.167
3390,365191198,1746695050273,2,0.0017,0.00173215,51.26,BTC-30MAY25-80000-P,99631.48,buy,0.1,0.1,,,,,,,1746695050.273
3391,365201973,1746700359299,3,0.0017,0.00174125,51.74,BTC-30MAY25-80000-P,99832.55,buy,1.0,1.0,,,,,,,1746700359.299
3392,365202456,1746700582295,0,0.0019,0.00175394,52.74,BTC-30MAY25-80000-P,99797.82,buy,1.5,1.5,,,,,,,1746700582.295
3393,365204398,1746702450631,1,0.0019,0.00176992,52.5,BTC-30MAY25-80000-P,99662.62,buy,0.1,0.1,,,,,,,1746702450.631
3394,365209693,1746706857219,2,0.0017,0.00183319,51.18,BTC-30MAY25-80000-P,99486.38,sell,0.1,0.1,,,,,,,1746706857.219
3395,365209694,1746706857219,3,0.0017,0.00183319,51.18,BTC-30MAY25-80000-P,99486.38,sell,4.9,4.9,,,,,,,1746706857.219
3396,365214738,1746710070367,0,0.002,0.00190603,52.32,BTC-30MAY25-80000-P,99281.75,buy,0.3,0.3,,,,,,,1746710070.367
3397,365219432,1746712089716,2,0.0018,0.00195579,51.14,BTC-30MAY25-80000-P,99189.11,sell,1.0,1.0,,,,,,,1746712089.716
3398,365232772,1746717664788,3,0.0018,0.00178872,52.65,BTC-30MAY25-80000-P,99924.42,sell,4.0,4.0,,,,,,,1746717664.788
3399,365242252,1746718174562,2,0.0017,0.0016965,53.59,BTC-30MAY25-80000-P,100731.93,sell,0.1,0.1,,,,,,,1746718174.562
3400,365263679,1746721082048,3,0.0017,0.0018214,54.32,BTC-30MAY25-80000-P,101066.48,sell,0.1,0.1,,,,,,,1746721082.048
3401,365271152,1746724024603,0,0.002,0.00181571,56.45,BTC-30MAY25-80000-P,101266.66,buy,0.3,0.3,,,,,,,1746724024.603
3402,365291749,1746734106334,2,0.0019,0.00189011,55.77,BTC-30MAY25-80000-P,101109.6,buy,0.1,0.1,,,,,,,1746734106.334
3404,365292665,1746734274513,1,0.002,0.00189823,56.3,BTC-30MAY25-80000-P,101102.74,buy,0.2,0.2,,,,,,,1746734274.513
3403,365292664,1746734274513,0,0.002,0.00189823,56.3,BTC-30MAY25-80000-P,101102.74,buy,0.3,0.3,,,,,,,1746734274.513
3405,365294918,1746734736339,2,0.0019,0.00177583,56.64,BTC-30MAY25-80000-P,101565.1,buy,0.1,0.1,,,,,,,1746734736.339
3408,365299724,1746736605144,0,0.002,0.00181418,57.37,BTC-30MAY25-80000-P,101661.51,buy,0.8,0.8,,,,,,,1746736605.144
3407,365299723,1746736605144,3,0.0019,0.00181418,56.82,BTC-30MAY25-80000-P,101661.51,buy,0.1,0.1,,,,,,,1746736605.144
3406,365299722,1746736605144,3,0.0019,0.00181418,56.82,BTC-30MAY25-80000-P,101661.51,buy,0.1,0.1,,,,,,,1746736605.144
3409,365302069,1746736893412,2,0.0017,0.00171405,56.5,BTC-30MAY25-80000-P,102091.73,sell,1.0,1.0,,,,,,,1746736893.412
3410,365302778,1746736990725,2,0.0016,0.00166375,56.16,BTC-30MAY25-80000-P,102230.27,sell,4.0,4.0,,,,,,,1746736990.725
3411,365302927,1746737014618,0,0.0017,0.00166752,56.78,BTC-30MAY25-80000-P,102240.57,buy,0.1,0.1,,,,,,,1746737014.618
3412,365304385,1746737430450,1,0.0017,0.0016968,56.81,BTC-30MAY25-80000-P,102246.26,sell,1.0,1.0,,,,,,,1746737430.45
3413,365310021,1746738137538,1,0.0017,0.00169393,57.3,BTC-30MAY25-80000-P,102477.65,buy,1.0,1.0,,,,,,,1746738137.538
3414,365313088,1746738992017,0,0.0019,0.0016816,58.92,BTC-30MAY25-80000-P,102710.12,buy,1.3,1.3,,,,,,,1746738992.017
3416,365330846,1746740480879,1,0.0019,0.00188878,59.88,BTC-30MAY25-80000-P,103190.27,buy,0.1,0.1,,,,,,,1746740480.879
3415,365330845,1746740480879,1,0.0019,0.00188878,59.88,BTC-30MAY25-80000-P,103190.27,buy,0.1,0.1,,,,,,,1746740480.879
3417,365332576,1746740808027,0,0.002,0.00184341,60.63,BTC-30MAY25-80000-P,103267.15,buy,0.1,0.1,,,,,,,1746740808.027
3419,365332578,1746740808027,1,0.002,0.00184341,60.63,BTC-30MAY25-80000-P,103267.15,buy,0.8,0.8,,,,,,,1746740808.027
3418,365332577,1746740808027,1,0.002,0.00184341,60.63,BTC-30MAY25-80000-P,103267.15,buy,0.1,0.1,,,,,,,1746740808.027
3420,365333791,1746741043571,1,0.002,0.00194753,59.95,BTC-30MAY25-80000-P,102944.77,buy,0.3,0.3,,,,,,,1746741043.571
3421,365334003,1746741066340,1,0.002,0.00199022,59.66,BTC-30MAY25-80000-P,102790.24,sell,1.0,1.0,,,,,,,1746741066.34
3422,365335221,1746741247252,1,0.002,0.00202539,59.43,BTC-30MAY25-80000-P,102665.64,sell,0.4,0.4,,,,,,,1746741247.252
3423,365335255,1746741250173,1,0.002,0.00202564,59.43,BTC-30MAY25-80000-P,102665.61,sell,0.1,0.1,,,,,,,1746741250.173
3424,365335258,1746741250438,1,0.002,0.00202564,59.43,BTC-30MAY25-80000-P,102665.61,sell,0.2,0.2,,,,,,,1746741250.438
3425,365335259,1746741250510,1,0.002,0.00202564,59.43,BTC-30MAY25-80000-P,102665.61,sell,0.1,0.1,,,,,,,1746741250.51
3426,365335261,1746741252034,1,0.002,0.00202139,59.49,BTC-30MAY25-80000-P,102698.71,sell,0.2,0.2,,,,,,,1746741252.034
3427,365336005,1746741345825,1,0.002,0.00194115,59.73,BTC-30MAY25-80000-P,102800.18,buy,1.0,1.0,,,,,,,1746741345.825
3428,365340219,1746742093459,1,0.002,0.00199703,59.3,BTC-30MAY25-80000-P,102570.77,buy,0.1,0.1,,,,,,,1746742093.459
3429,365340785,1746742216293,0,0.0021,0.002012,59.73,BTC-30MAY25-80000-P,102508.27,buy,0.9,0.9,,,,,,,1746742216.293
3430,365341081,1746742277752,1,0.0021,0.00200914,59.7,BTC-30MAY25-80000-P,102483.4,buy,0.1,0.1,,,,,,,1746742277.752
3431,365351630,1746745666094,2,0.0019,0.0018997,59.57,BTC-30MAY25-80000-P,102975.01,sell,0.1,0.1,,,,,,,1746745666.094
3432,365364545,1746751106281,2,0.0017,0.00183442,58.01,BTC-30MAY25-80000-P,102725.5,sell,0.2,0.2,,,,,,,1746751106.281
3433,365366344,1746751724044,0,0.0018,0.00183034,58.48,BTC-30MAY25-80000-P,102665.38,buy,0.1,0.1,,,,,,,1746751724.044
3434,365372768,1746754369519,2,0.0016,0.00178235,57.41,BTC-30MAY25-80000-P,102711.28,sell,6.0,6.0,,,,,,,1746754369.519
3437,365378010,1746758474335,1,0.0019,0.0017156,59.3,BTC-30MAY25-80000-P,102708.02,buy,0.2,0.2,,,,,,,1746758474.335
3436,365378009,1746758474335,1,0.0019,0.0017156,59.3,BTC-30MAY25-80000-P,102708.02,buy,0.1,0.1,,,,,,,1746758474.335
3435,365378008,1746758474335,0,0.0019,0.0017156,59.3,BTC-30MAY25-80000-P,102708.02,buy,0.2,0.2,,,,,,,1746758474.335
3438,365388488,1746765173068,2,0.0017,0.00176546,57.76,BTC-30MAY25-80000-P,102500.94,buy,5.0,5.0,,,,,,,1746765173.068
3439,365397686,1746773544138,3,0.0017,0.00178034,59.11,BTC-30MAY25-80000-P,103185.01,sell,2.1,2.1,,,,,,,1746773544.138
3440,365397687,1746773544146,3,0.0017,0.00178034,59.11,BTC-30MAY25-80000-P,103185.01,buy,2.9,2.9,,,,,,,1746773544.146
3441,365417755,1746776749917,2,0.0016,0.0017113,59.72,BTC-30MAY25-80000-P,103903.18,sell,2.0,2.0,,,,,,,1746776749.917
3442,365449643,1746780329060,2,0.0015,0.00143971,57.34,BTC-30MAY25-80000-P,102819.93,buy,2.0,2.0,,,,,,,1746780329.06
3444,365451091,1746780599281,3,0.0013,0.00143103,56.08,BTC-30MAY25-80000-P,102889.29,sell,6.4,6.4,,,,,,,1746780599.281
3443,365451090,1746780599281,2,0.0013,0.00143103,56.08,BTC-30MAY25-80000-P,102889.29,sell,2.0,2.0,,,,,,,1746780599.281
3445,365451092,1746780599284,3,0.0013,0.00143103,56.08,BTC-30MAY25-80000-P,102889.29,buy,1.6,1.6,,,,,,,1746780599.284
3446,365461647,1746784026059,2,0.0012,0.00123866,55.32,BTC-30MAY25-80000-P,102850.18,buy,4.2,4.2,,,,,,,1746784026.059
3447,365470068,1746788574555,2,0.0011,0.00111352,55.24,BTC-30MAY25-80000-P,103231.42,buy,2.5,2.5,,,,,,,1746788574.555
3448,365470069,1746788574565,3,0.0011,0.00111352,55.24,BTC-30MAY25-80000-P,103231.42,buy,0.1,0.1,,,,,,,1746788574.565
3449,365495848,1746799956428,0,0.0012,0.00114706,56.89,BTC-30MAY25-80000-P,103571.22,buy,0.1,0.1,,,,,,,1746799956.428
3450,365495849,1746799956428,1,0.0012,0.00114706,56.89,BTC-30MAY25-80000-P,103571.22,buy,0.1,0.1,,,,,,,1746799956.428
3451,365498292,1746800634544,0,0.0013,0.0012719,56.68,BTC-30MAY25-80000-P,103051.37,buy,0.1,0.1,,,,,,,1746800634.544
3452,365498293,1746800634544,1,0.0013,0.0012719,56.68,BTC-30MAY25-80000-P,103051.37,buy,0.1,0.1,,,,,,,1746800634.544
3453,365505357,1746801812164,1,0.0013,0.00121077,56.28,BTC-30MAY25-80000-P,102840.3,buy,2.7,2.7,,,,,,,1746801812.164
3454,365505358,1746801812164,1,0.0013,0.00121077,56.28,BTC-30MAY25-80000-P,102840.3,buy,0.2,0.2,,,,,,,1746801812.164
3455,365526562,1746813444191,1,0.0013,0.00122528,57.04,BTC-30MAY25-80000-P,103174.18,buy,0.1,0.1,,,,,,,1746813444.191
3456,365542055,1746833210184,0,0.0015,0.00125118,58.29,BTC-30MAY25-80000-P,102926.1,buy,0.6,0.6,,,,,,,1746833210.184
3457,365545709,1746838575565,2,0.0012,0.0012792,56.08,BTC-30MAY25-80000-P,102844.86,sell,0.1,0.1,,,,,,,1746838575.565
3458,365546063,1746839468245,0,0.0013,0.00132916,57.06,BTC-30MAY25-80000-P,102949.72,buy,0.1,0.1,,,,,,,1746839468.245
3459,365546064,1746839469834,1,0.0013,0.00132955,57.06,BTC-30MAY25-80000-P,102949.36,buy,0.1,0.1,,,,,,,1746839469.834
3460,365546065,1746839471170,1,0.0013,0.00132963,57.06,BTC-30MAY25-80000-P,102949.27,buy,0.1,0.1,,,,,,,1746839471.17
3461,365546066,1746839472984,1,0.0013,0.0013299,57.06,BTC-30MAY25-80000-P,102949.65,buy,0.1,0.1,,,,,,,1746839472.984
3462,365546067,1746839475165,1,0.0013,0.00132995,57.06,BTC-30MAY25-80000-P,102949.6,buy,0.1,0.1,,,,,,,1746839475.165
3463,365546068,1746839476484,1,0.0013,0.00133012,57.06,BTC-30MAY25-80000-P,102950.57,buy,0.1,0.1,,,,,,,1746839476.484
3464,365546069,1746839477677,1,0.0013,0.00133011,57.06,BTC-30MAY25-80000-P,102950.54,buy,0.1,0.1,,,,,,,1746839477.677
3465,365546070,1746839482453,1,0.0013,0.00133025,57.06,BTC-30MAY25-80000-P,102950.65,buy,0.1,0.1,,,,,,,1746839482.453
3466,365546071,1746839486419,1,0.0013,0.00133063,57.06,BTC-30MAY25-80000-P,102950.29,buy,0.1,0.1,,,,,,,1746839486.419
3467,365546072,1746839488158,1,0.0013,0.00133088,57.07,BTC-30MAY25-80000-P,102953.98,buy,0.1,0.1,,,,,,,1746839488.158
3468,365546073,1746839490165,1,0.0013,0.00133013,57.07,BTC-30MAY25-80000-P,102953.83,buy,0.1,0.1,,,,,,,1746839490.165
3469,365546074,1746839492971,1,0.0013,0.00133053,57.07,BTC-30MAY25-80000-P,102954.61,buy,0.1,0.1,,,,,,,1746839492.971
3470,365546075,1746839494396,1,0.0013,0.00133035,57.07,BTC-30MAY25-80000-P,102954.68,buy,0.1,0.1,,,,,,,1746839494.396
3471,365546076,1746839495872,1,0.0013,0.00133044,57.07,BTC-30MAY25-80000-P,102954.75,buy,0.1,0.1,,,,,,,1746839495.872
3472,365546078,1746839497193,1,0.0013,0.00133065,57.07,BTC-30MAY25-80000-P,102954.69,buy,0.1,0.1,,,,,,,1746839497.193
3473,365546091,1746839499709,1,0.0013,0.00133077,57.07,BTC-30MAY25-80000-P,102954.88,buy,0.1,0.1,,,,,,,1746839499.709
3474,365546092,1746839500969,1,0.0013,0.00133111,57.08,BTC-30MAY25-80000-P,102960.76,buy,0.1,0.1,,,,,,,1746839500.969
3475,365546093,1746839502244,1,0.0013,0.00133123,57.09,BTC-30MAY25-80000-P,102963.24,buy,0.1,0.1,,,,,,,1746839502.244
3476,365546100,1746839503303,1,0.0013,0.00132984,57.09,BTC-30MAY25-80000-P,102963.16,buy,0.1,0.1,,,,,,,1746839503.303
3477,365546101,1746839504993,1,0.0013,0.00132948,57.09,BTC-30MAY25-80000-P,102962.96,buy,0.1,0.1,,,,,,,1746839504.993
3478,365546107,1746839505994,1,0.0013,0.00132964,57.09,BTC-30MAY25-80000-P,102962.88,buy,0.1,0.1,,,,,,,1746839505.994
3479,365546108,1746839507290,1,0.0013,0.0013298,57.09,BTC-30MAY25-80000-P,102962.88,buy,0.1,0.1,,,,,,,1746839507.29
3480,365546109,1746839512861,1,0.0013,0.00133037,57.09,BTC-30MAY25-80000-P,102963.24,buy,0.1,0.1,,,,,,,1746839512.861
3481,365546110,1746839513975,1,0.0013,0.00133048,57.09,BTC-30MAY25-80000-P,102963.7,buy,0.1,0.1,,,,,,,1746839513.975
3482,365546111,1746839515555,1,0.0013,0.00133073,57.09,BTC-30MAY25-80000-P,102963.02,buy,0.1,0.1,,,,,,,1746839515.555
3483,365546112,1746839517062,1,0.0013,0.00133106,57.09,BTC-30MAY25-80000-P,102962.64,buy,0.1,0.1,,,,,,,1746839517.062
3484,365546113,1746839519675,1,0.0013,0.00133142,57.09,BTC-30MAY25-80000-P,102963.21,buy,0.1,0.1,,,,,,,1746839519.675
3485,365546114,1746839522039,1,0.0013,0.0013317,57.09,BTC-30MAY25-80000-P,102962.42,buy,0.1,0.1,,,,,,,1746839522.039
3486,365546115,1746839524150,1,0.0013,0.00133207,57.08,BTC-30MAY25-80000-P,102959.33,buy,0.1,0.1,,,,,,,1746839524.15
3487,365546116,1746839526209,1,0.0013,0.00133308,57.08,BTC-30MAY25-80000-P,102958.91,buy,0.1,0.1,,,,,,,1746839526.209
3488,365546117,1746839527560,1,0.0013,0.00133357,57.08,BTC-30MAY25-80000-P,102957.49,buy,0.1,0.1,,,,,,,1746839527.56
3489,365546118,1746839528952,1,0.0013,0.00133393,57.08,BTC-30MAY25-80000-P,102957.58,buy,0.1,0.1,,,,,,,1746839528.952
3490,365546119,1746839533173,1,0.0013,0.00133479,57.07,BTC-30MAY25-80000-P,102955.85,buy,0.1,0.1,,,,,,,1746839533.173
3492,365546121,1746839533173,1,0.0013,0.00133479,57.07,BTC-30MAY25-80000-P,102955.85,buy,0.1,0.1,,,,,,,1746839533.173
3491,365546120,1746839533173,1,0.0013,0.00133479,57.07,BTC-30MAY25-80000-P,102955.85,buy,0.1,0.1,,,,,,,1746839533.173
3493,365546122,1746839534171,1,0.0013,0.00133502,57.07,BTC-30MAY25-80000-P,102955.7,buy,0.1,0.1,,,,,,,1746839534.171
3494,365546123,1746839538235,1,0.0013,0.00133574,57.07,BTC-30MAY25-80000-P,102955.12,buy,0.1,0.1,,,,,,,1746839538.235
3495,365546124,1746839538235,1,0.0013,0.00133574,57.07,BTC-30MAY25-80000-P,102955.12,buy,0.1,0.1,,,,,,,1746839538.235
3496,365546125,1746839539897,1,0.0013,0.00133592,57.07,BTC-30MAY25-80000-P,102955.3,buy,0.1,0.1,,,,,,,1746839539.897
3497,365546126,1746839541290,1,0.0013,0.00133604,57.07,BTC-30MAY25-80000-P,102955.3,buy,0.1,0.1,,,,,,,1746839541.29
3498,365546245,1746839799156,0,0.0015,0.00133707,58.61,BTC-30MAY25-80000-P,103019.57,buy,0.1,0.1,,,,,,,1746839799.156
3499,365556511,1746857328368,2,0.0014,0.00129452,58.98,BTC-30MAY25-80000-P,103447.78,buy,0.1,0.1,,,,,,,1746857328.368
3500,365556512,1746857328368,0,0.0015,0.00129452,59.68,BTC-30MAY25-80000-P,103447.78,buy,0.9,0.9,,,,,,,1746857328.368
3502,365575298,1746864571204,3,0.001,0.00117815,56.91,BTC-30MAY25-80000-P,103954.84,sell,0.9,0.9,,,,,,,1746864571.204
3505,365575301,1746864571204,3,0.001,0.00117815,56.91,BTC-30MAY25-80000-P,103954.84,sell,1.5,1.5,,,,,,,1746864571.204
3501,365575297,1746864571204,2,0.001,0.00117815,56.91,BTC-30MAY25-80000-P,103954.84,sell,0.1,0.1,,,,,,,1746864571.204
3503,365575299,1746864571204,3,0.001,0.00117815,56.91,BTC-30MAY25-80000-P,103954.84,sell,0.9,0.9,,,,,,,1746864571.204
3504,365575300,1746864571204,3,0.001,0.00117815,56.91,BTC-30MAY25-80000-P,103954.84,sell,0.6,0.6,,,,,,,1746864571.204
3506,365577144,1746866707318,3,0.001,0.00113978,56.84,BTC-30MAY25-80000-P,103899.7,sell,0.6,0.6,,,,,,,1746866707.318
3507,365577145,1746866707318,3,0.001,0.00113978,56.84,BTC-30MAY25-80000-P,103899.7,sell,1.2,1.2,,,,,,,1746866707.318
3508,365577146,1746866707322,3,0.001,0.00113978,56.84,BTC-30MAY25-80000-P,103899.7,buy,0.1,0.1,,,,,,,1746866707.322
3509,365577147,1746866707334,3,0.001,0.00113978,56.84,BTC-30MAY25-80000-P,103899.7,buy,8.1,8.1,,,,,,,1746866707.334
3510,365577163,1746866749177,3,0.001,0.00113414,56.89,BTC-30MAY25-80000-P,103916.4,sell,3.0,3.0,,,,,,,1746866749.177
3511,365577164,1746866749179,3,0.001,0.00113414,56.89,BTC-30MAY25-80000-P,103916.4,buy,7.0,7.0,,,,,,,1746866749.179
3512,365593740,1746878359815,0,0.0011,0.00119858,57.08,BTC-30MAY25-80000-P,103415.48,sell,7.9,7.9,,,,,,,1746878359.815
3513,365654244,1746918980891,2,0.001,0.00101413,58.91,BTC-30MAY25-80000-P,104534.47,buy,0.1,0.1,,,,,,,1746918980.891
3514,365673642,1746921437087,0,0.0012,0.0010164,61.12,BTC-30MAY25-80000-P,104757.96,buy,0.7,0.7,,,,,,,1746921437.087
3515,365683418,1746922760887,2,0.001,0.00109414,58.81,BTC-30MAY25-80000-P,104433.51,buy,0.1,0.1,,,,,,,1746922760.887
3516,365683570,1746922769612,3,0.001,0.00110235,58.73,BTC-30MAY25-80000-P,104390.5,buy,4.0,4.0,,,,,,,1746922769.612
3517,365683571,1746922769612,3,0.001,0.00110235,58.73,BTC-30MAY25-80000-P,104390.5,buy,6.0,6.0,,,,,,,1746922769.612
3518,365693049,1746926862272,3,0.001,0.00097126,58.78,BTC-30MAY25-80000-P,104382.85,buy,1.0,1.0,,,,,,,1746926862.272
3519,365706926,1746935974711,2,0.0009,0.00103091,57.42,BTC-30MAY25-80000-P,104061.45,sell,0.1,0.1,,,,,,,1746935974.711
3520,365751836,1746967458806,3,0.0009,0.00091706,58.91,BTC-30MAY25-80000-P,104571.94,sell,0.4,0.4,,,,,,,1746967458.806
3521,365752371,1746967915221,0,0.001,0.00085772,60.3,BTC-30MAY25-80000-P,104783.26,buy,2.0,2.0,,,,,,,1746967915.221
3522,365752426,1746967944166,1,0.001,0.00086407,60.2,BTC-30MAY25-80000-P,104741.0,buy,1.0,1.0,,,,,,,1746967944.166
3523,365761040,1746974691658,2,0.0009,0.00084581,58.48,BTC-30MAY25-80000-P,104269.47,buy,0.1,0.1,,,,,,,1746974691.658
3524,365761234,1746974850761,3,0.0009,0.00085106,58.47,BTC-30MAY25-80000-P,104259.65,sell,0.1,0.1,,,,,,,1746974850.761
3525,365765007,1746977039384,3,0.0009,0.00084629,59.0,BTC-30MAY25-80000-P,104535.65,buy,1.6,1.6,,,,,,,1746977039.384
3526,365766010,1746977874223,0,0.0011,0.000862,60.57,BTC-30MAY25-80000-P,104358.45,buy,12.5,12.5,2.0,BLOCK-197445,BTC-PS-30MAY25-92000_80000,,,,1746977874.223
3527,365772385,1746980962450,2,0.0008,0.00083392,57.2,BTC-30MAY25-80000-P,104083.63,sell,0.1,0.1,,,,,,,1746980962.45
3528,365789293,1746994790976,3,0.0008,0.00086157,58.0,BTC-30MAY25-80000-P,104378.56,buy,0.1,0.1,,,,,,,1746994790.976
3529,365801893,1747004243399,0,0.001,0.00083675,59.07,BTC-30MAY25-80000-P,103803.13,buy,0.9,0.9,,,,,,,1747004243.399
3530,365803149,1747004978180,1,0.001,0.00085913,59.34,BTC-30MAY25-80000-P,103937.42,buy,0.5,0.5,,,,,,,1747004978.18
3531,365815626,1747012019862,2,0.0009,0.00084876,60.3,BTC-30MAY25-80000-P,104911.22,sell,0.4,0.4,,,,,,,1747012019.862
3532,365815627,1747012019865,3,0.0009,0.00084876,60.3,BTC-30MAY25-80000-P,104911.22,buy,0.6,0.6,,,,,,,1747012019.865
3536,365831000,1747016850929,1,0.001,0.00091337,59.58,BTC-30MAY25-80000-P,103982.18,buy,1.9,1.9,,,,,,,1747016850.929
3534,365830998,1747016850929,1,0.001,0.00091337,59.58,BTC-30MAY25-80000-P,103982.18,buy,2.5,2.5,,,,,,,1747016850.929
3533,365830997,1747016850929,0,0.001,0.00091337,59.58,BTC-30MAY25-80000-P,103982.18,buy,10.6,10.6,,,,,,,1747016850.929
3535,365830999,1747016850929,1,0.001,0.00091337,59.58,BTC-30MAY25-80000-P,103982.18,buy,2.0,2.0,,,,,,,1747016850.929
3537,365863290,1747034281205,2,0.0009,0.00086538,61.74,BTC-30MAY25-80000-P,105412.81,sell,0.1,0.1,,,,,,,1747034281.205
3538,365863843,1747034352503,2,0.0008,0.00086367,60.5,BTC-30MAY25-80000-P,105324.12,sell,0.2,0.2,,,,,,,1747034352.503
3539,365863846,1747034352506,3,0.0008,0.00086367,60.5,BTC-30MAY25-80000-P,105324.12,buy,1.1,1.1,,,,,,,1747034352.506
3541,365863962,1747034376968,3,0.0007,0.00084649,59.34,BTC-30MAY25-80000-P,105329.07,sell,0.2,0.2,,,,,,,1747034376.968
3540,365863961,1747034376968,2,0.0007,0.00084649,59.34,BTC-30MAY25-80000-P,105329.07,sell,0.2,0.2,,,,,,,1747034376.968
3543,365863964,1747034376968,3,0.0007,0.00084649,59.34,BTC-30MAY25-80000-P,105329.07,sell,8.6,8.6,,,,,,,1747034376.968
3542,365863963,1747034376968,3,0.0007,0.00084649,59.34,BTC-30MAY25-80000-P,105329.07,sell,0.8,0.8,,,,,,,1747034376.968
3544,365949514,1747060144292,0,0.0008,0.0007831,56.11,BTC-30MAY25-80000-P,102822.4,buy,0.6,0.6,,,,,,,1747060144.292
3545,365949535,1747060144341,1,0.0008,0.0007831,56.11,BTC-30MAY25-80000-P,102822.4,buy,0.1,0.1,,,,,,,1747060144.341
3546,365968879,1747062551604,1,0.0008,0.00070171,56.32,BTC-30MAY25-80000-P,102897.8,buy,3.0,3.0,,,,,,,1747062551.604
3547,365969107,1747062580663,0,0.0009,0.00072487,57.15,BTC-30MAY25-80000-P,102800.21,buy,0.3,0.3,,,,,,,1747062580.663
3548,365977927,1747064953210,1,0.0009,0.00083658,56.6,BTC-30MAY25-80000-P,102494.36,buy,1.6,1.6,,,,,,,1747064953.21
3551,365979314,1747065079978,1,0.001,0.00083996,57.59,BTC-30MAY25-80000-P,102499.39,buy,2.8,2.8,,,,,,,1747065079.978
3550,365979313,1747065079978,1,0.001,0.00083996,57.59,BTC-30MAY25-80000-P,102499.39,buy,1.9,1.9,,,,,,,1747065079.978
3549,365979312,1747065079978,0,0.001,0.00083996,57.59,BTC-30MAY25-80000-P,102499.39,buy,1.8,1.8,,,,,,,1747065079.978
3552,365979315,1747065079983,1,0.001,0.00083996,57.59,BTC-30MAY25-80000-P,102499.39,sell,3.5,3.5,,,,,,,1747065079.983
3553,366007439,1747074639341,0,0.0011,0.0010928,57.06,BTC-30MAY25-80000-P,101633.96,buy,0.1,0.1,,,,,,,1747074639.341
3554,366007440,1747074639348,1,0.0011,0.0010928,57.06,BTC-30MAY25-80000-P,101633.96,sell,0.9,0.9,,,,,,,1747074639.348
3555,366009368,1747074786655,0,0.0012,0.00113401,57.4,BTC-30MAY25-80000-P,101387.42,buy,0.4,0.4,,,,,,,1747074786.655
3556,366042702,1747088586270,1,0.0012,0.00102862,60.16,BTC-30MAY25-80000-P,102669.95,buy,0.8,0.8,,,,,,,1747088586.27
3557,366044047,1747089958078,2,0.001,0.0010379,58.71,BTC-30MAY25-80000-P,102817.03,buy,1.0,1.0,,,,,,,1747089958.078
3558,366117946,1747133788711,3,0.001,0.00082295,61.25,BTC-30MAY25-80000-P,103604.37,buy,2.0,2.0,,,,,,,1747133788.711
3562,366150129,1747145739043,1,0.001,0.00086693,60.14,BTC-30MAY25-80000-P,102951.33,buy,4.0,4.0,,,,,,,1747145739.043
3559,366150126,1747145739043,2,0.0009,0.00086693,59.15,BTC-30MAY25-80000-P,102951.33,buy,0.1,0.1,,,,,,,1747145739.043
3563,366150130,1747145739043,1,0.001,0.00086693,60.14,BTC-30MAY25-80000-P,102951.33,buy,0.3,0.3,,,,,,,1747145739.043
3560,366150127,1747145739043,3,0.0009,0.00086693,59.15,BTC-30MAY25-80000-P,102951.33,buy,2.1,2.1,,,,,,,1747145739.043
3561,366150128,1747145739043,0,0.001,0.00086693,60.14,BTC-30MAY25-80000-P,102951.33,buy,15.0,15.0,,,,,,,1747145739.043
3564,366150131,1747145739046,1,0.001,0.00086693,60.14,BTC-30MAY25-80000-P,102951.33,sell,10.0,10.0,,,,,,,1747145739.046
3565,366150137,1747145739421,1,0.001,0.00086693,60.14,BTC-30MAY25-80000-P,102951.33,sell,0.7,0.7,,,,,,,1747145739.421
3566,366150138,1747145739422,1,0.001,0.00086693,60.14,BTC-30MAY25-80000-P,102951.33,sell,1.0,1.0,,,,,,,1747145739.422
3567,366150151,1747145740019,1,0.001,0.00086647,60.15,BTC-30MAY25-80000-P,102956.02,sell,9.1,9.1,,,,,,,1747145740.019
3570,366150797,1747145816349,1,0.0011,0.00091769,61.04,BTC-30MAY25-80000-P,102926.47,buy,2.3,2.3,,,,,,,1747145816.349
3568,366150795,1747145816349,0,0.0011,0.00091769,61.04,BTC-30MAY25-80000-P,102926.47,buy,2.1,2.1,,,,,,,1747145816.349
3569,366150796,1747145816349,1,0.0011,0.00091769,61.04,BTC-30MAY25-80000-P,102926.47,buy,0.3,0.3,,,,,,,1747145816.349
3572,366150799,1747145816349,1,0.0011,0.00091769,61.04,BTC-30MAY25-80000-P,102926.47,buy,15.5,15.5,,,,,,,1747145816.349
3571,366150798,1747145816349,1,0.0011,0.00091769,61.04,BTC-30MAY25-80000-P,102926.47,buy,37.5,37.5,,,,,,,1747145816.349
3573,366208662,1747173044382,2,0.0008,0.00077629,61.41,BTC-30MAY25-80000-P,104358.06,buy,0.5,0.5,,,,,,,1747173044.382
3574,366208663,1747173044387,3,0.0008,0.00077629,61.41,BTC-30MAY25-80000-P,104358.06,buy,0.1,0.1,,,,,,,1747173044.387
3575,366236116,1747191901651,3,0.0008,0.00079863,60.56,BTC-30MAY25-80000-P,103690.46,sell,0.1,0.1,,,,,,,1747191901.651
3576,366379105,1747272086584,2,0.0007,0.00080865,60.72,BTC-30MAY25-80000-P,103560.61,sell,0.1,0.1,,,,,,,1747272086.584
3577,366390823,1747278442744,3,0.0007,0.00080505,59.71,BTC-30MAY25-80000-P,102974.17,sell,0.9,0.9,,,,,,,1747278442.744
3578,366390824,1747278442744,3,0.0007,0.00080505,59.71,BTC-30MAY25-80000-P,102974.17,sell,2.0,2.0,,,,,,,1747278442.744
3579,366408067,1747289230927,0,0.0009,0.00074246,61.31,BTC-30MAY25-80000-P,102484.71,buy,0.1,0.1,,,,,,,1747289230.927
3580,366408137,1747289247014,0,0.001,0.00075579,62.27,BTC-30MAY25-80000-P,102463.47,buy,4.9,4.9,,,,,,,1747289247.014
3581,366456492,1747302160510,1,0.001,0.00084339,60.71,BTC-30MAY25-80000-P,101651.58,buy,0.2,0.2,,,,,,,1747302160.51
3582,366551561,1747317334699,2,0.0008,0.00080255,59.8,BTC-30MAY25-80000-P,102060.69,sell,0.1,0.1,,,,,,,1747317334.699
3585,366602180,1747325810339,3,0.0006,0.00070667,59.75,BTC-30MAY25-80000-P,103156.2,sell,0.2,0.2,,,,,,,1747325810.339
3584,366602179,1747325810339,3,0.0006,0.00070667,59.75,BTC-30MAY25-80000-P,103156.2,sell,1.0,1.0,,,,,,,1747325810.339
3583,366602178,1747325810339,2,0.0006,0.00070667,59.75,BTC-30MAY25-80000-P,103156.2,sell,0.8,0.8,,,,,,,1747325810.339
3586,366696666,1747368207298,2,0.0005,0.00062397,61.25,BTC-30MAY25-80000-P,104161.93,sell,0.5,0.5,,,,,,,1747368207.298
3587,366709930,1747380573094,3,0.0005,0.00059816,61.43,BTC-30MAY25-80000-P,104103.48,sell,0.2,0.2,,,,,,,1747380573.094
3588,366709931,1747380575638,3,0.0005,0.00059818,61.42,BTC-30MAY25-80000-P,104102.83,sell,1.6,1.6,,,,,,,1747380575.638
3589,366709932,1747380575638,3,0.0005,0.00059818,61.42,BTC-30MAY25-80000-P,104102.83,sell,1.8,1.8,,,,,,,1747380575.638
3590,366709933,1747380575813,3,0.0005,0.00059818,61.42,BTC-30MAY25-80000-P,104102.83,buy,0.1,0.1,,,,,,,1747380575.813
3591,366716551,1747382148677,0,0.0006,0.00047418,62.16,BTC-30MAY25-80000-P,103776.03,buy,100.0,100.0,2.0,BLOCK-198960,BTC-PCAL-30MAY25_23MAY25-80000,,,,1747382148.677
3592,366716609,1747382162476,1,0.0006,0.0004749,62.13,BTC-30MAY25-80000-P,103769.54,buy,100.0,100.0,2.0,BLOCK-198961,BTC-PCAL-30MAY25_23MAY25-80000,,,,1747382162.476
3593,366716640,1747382172556,2,0.0005,0.00047455,60.57,BTC-30MAY25-80000-P,103771.72,buy,100.0,100.0,2.0,BLOCK-198962,BTC-PCAL-30MAY25_23MAY25-80000,,,,1747382172.556
3594,366716665,1747382183544,3,0.0005,0.0004741,60.58,BTC-30MAY25-80000-P,103774.52,buy,100.0,100.0,2.0,BLOCK-198963,BTC-PCAL-30MAY25_23MAY25-80000,,,,1747382183.544
3595,366716742,1747382212820,3,0.0005,0.0004727,60.57,BTC-30MAY25-80000-P,103772.78,buy,1.5,1.5,,,,,,,1747382212.82
3596,366822477,1747435276080,0,0.0006,0.00053292,63.3,BTC-30MAY25-80000-P,103492.97,buy,0.1,0.1,,,,,,,1747435276.08
3597,366822478,1747435276080,1,0.0006,0.00053292,63.3,BTC-30MAY25-80000-P,103492.97,buy,0.1,0.1,,,,,,,1747435276.08
3598,366822479,1747435276082,1,0.0006,0.00053292,63.3,BTC-30MAY25-80000-P,103492.97,sell,0.3,0.3,,,,,,,1747435276.082
3599,366822503,1747435311473,0,0.0007,0.00053545,64.7,BTC-30MAY25-80000-P,103477.95,buy,0.5,0.5,,,,,,,1747435311.473
3600,366830444,1747443987883,2,0.0004,0.00048941,59.09,BTC-30MAY25-80000-P,103010.72,sell,0.6,0.6,,,,,,,1747443987.883
3601,366830584,1747444093134,3,0.0004,0.00047852,59.14,BTC-30MAY25-80000-P,103032.58,sell,0.7,0.7,,,,,,,1747444093.134
3602,366830733,1747444229081,3,0.0004,0.00047148,59.18,BTC-30MAY25-80000-P,103050.37,sell,0.9,0.9,,,,,,,1747444229.081
3603,366831245,1747444552548,2,0.0003,0.00046169,56.82,BTC-30MAY25-80000-P,102962.77,sell,0.8,0.8,,,,,,,1747444552.548
3606,366858898,1747474229063,3,0.0003,0.00045593,57.45,BTC-30MAY25-80000-P,102908.33,sell,0.3,0.3,,,,,,,1747474229.063
3604,366858896,1747474229063,3,0.0003,0.00045593,57.45,BTC-30MAY25-80000-P,102908.33,sell,0.7,0.7,,,,,,,1747474229.063
3605,366858897,1747474229063,3,0.0003,0.00045593,57.45,BTC-30MAY25-80000-P,102908.33,sell,1.0,1.0,,,,,,,1747474229.063
3607,366994567,1747576695903,3,0.0003,0.00035865,63.65,BTC-30MAY25-80000-P,104528.01,sell,10.0,10.0,,,,,,,1747576695.903
3609,366994569,1747576695903,3,0.0003,0.00035865,63.65,BTC-30MAY25-80000-P,104528.01,sell,1.8,1.8,,,,,,,1747576695.903
3610,366994570,1747576695903,3,0.0003,0.00035865,63.65,BTC-30MAY25-80000-P,104528.01,sell,0.1,0.1,,,,,,,1747576695.903
3608,366994568,1747576695903,3,0.0003,0.00035865,63.65,BTC-30MAY25-80000-P,104528.01,sell,1.0,1.0,,,,,,,1747576695.903
3611,366997784,1747577503488,3,0.0003,0.00031911,64.14,BTC-30MAY25-80000-P,104740.46,sell,0.1,0.1,,,,,,,1747577503.488
3612,367083214,1747598673099,0,0.0005,0.00054916,66.6,BTC-30MAY25-80000-P,103553.28,buy,0.4,0.4,,,,,,,1747598673.099
3613,367083700,1747598721330,1,0.0005,0.00054884,66.56,BTC-30MAY25-80000-P,103545.71,buy,0.2,0.2,,,,,,,1747598721.33
3615,367117820,1747610850268,3,0.0004,0.00046681,69.99,BTC-30MAY25-80000-P,105859.42,sell,0.1,0.1,,,,,,,1747610850.268
3614,367117819,1747610850268,2,0.0004,0.00046681,69.99,BTC-30MAY25-80000-P,105859.42,sell,1.0,1.0,,,,,,,1747610850.268
3616,367231075,1747636691785,0,0.0006,0.00056037,66.19,BTC-30MAY25-80000-P,102127.71,buy,0.1,0.1,,,,T,,,1747636691.785
3617,367231076,1747636691785,1,0.0006,0.00056037,66.19,BTC-30MAY25-80000-P,102127.71,buy,0.1,0.1,,,,T,,,1747636691.785
3618,367231077,1747636691795,1,0.0006,0.00056037,66.19,BTC-30MAY25-80000-P,102127.71,sell,0.1,0.1,,,,M,,,1747636691.795
3619,367267818,1747648823251,2,0.0005,0.00049418,67.15,BTC-30MAY25-80000-P,103086.47,buy,0.1,0.1,,,,,,,1747648823.251
3620,367335421,1747669146616,2,0.0004,0.00037117,69.94,BTC-30MAY25-80000-P,104905.92,buy,0.1,0.1,,,,,,,1747669146.616
3621,367335425,1747669154120,0,0.0005,0.00037725,72.05,BTC-30MAY25-80000-P,104901.78,buy,0.1,0.1,,,,,,,1747669154.12
3622,367335426,1747669154120,1,0.0005,0.00037725,72.05,BTC-30MAY25-80000-P,104901.78,buy,1.8,1.8,,,,,,,1747669154.12
3623,367351227,1747675076227,2,0.0002,0.00033627,64.96,BTC-30MAY25-80000-P,105139.58,sell,200.0,200.0,2.0,BLOCK-199520,BTC-PCAL-6JUN25_30MAY25-80000,,,,1747675076.227
3624,367353539,1747676060462,0,0.0004,0.0003431,70.66,BTC-30MAY25-80000-P,105106.46,buy,0.1,0.1,,,,,,,1747676060.462
3625,367353701,1747676227941,2,0.0003,0.00035287,68.31,BTC-30MAY25-80000-P,105197.64,buy,12.5,12.5,2.0,BLOCK-199522,BTC-PCAL-6JUN25_30MAY25-80000,,,,1747676227.941
3626,367353738,1747676243785,3,0.0003,0.0003525,68.35,BTC-30MAY25-80000-P,105214.49,buy,12.5,12.5,2.0,BLOCK-199523,BTC-PCAL-6JUN25_30MAY25-80000,,,,1747676243.785
3627,367355882,1747677937437,3,0.0003,0.00040024,69.18,BTC-30MAY25-80000-P,105547.82,sell,100.0,100.0,2.0,BLOCK-199529,BTC-PCAL-6JUN25_30MAY25-80000,,,,1747677937.437
3628,367390440,1747701348010,0,0.0004,0.00038437,73.27,BTC-30MAY25-80000-P,105807.6,buy,0.1,0.1,,,,,,,1747701348.01
3629,367391384,1747701738805,1,0.0004,0.00041668,73.79,BTC-30MAY25-80000-P,106048.83,buy,0.1,0.1,,,,,,,1747701738.805
3630,367391818,1747702084577,1,0.0004,0.0004343,73.29,BTC-30MAY25-80000-P,105831.45,buy,0.1,0.1,,,,,,,1747702084.577
3631,367423153,1747721950871,2,0.0003,0.000399,71.35,BTC-30MAY25-80000-P,105766.39,sell,1.0,1.0,,,,,,,1747721950.871
3632,367431465,1747727116038,0,0.0004,0.00036037,72.74,BTC-30MAY25-80000-P,105128.02,buy,0.1,0.1,,,,,,,1747727116.038
3633,367451403,1747734402467,2,0.0002,0.00025054,67.62,BTC-30MAY25-80000-P,105393.91,sell,0.1,0.1,,,,,,,1747734402.467
3634,367510261,1747761527391,2,0.0001,0.000197,65.11,BTC-30MAY25-80000-P,106102.91,sell,175.0,175.0,2.0,BLOCK-199694,BTC-PCAL-6JUN25_30MAY25-80000,,,,1747761527.391
3635,367518906,1747765160493,3,0.0001,0.00022773,65.56,BTC-30MAY25-80000-P,106260.45,sell,12.5,12.5,2.0,BLOCK-199720,BTC-PCAL-6JUN25_30MAY25-80000,,,,1747765160.493
3636,367528353,1747769735599,0,0.0002,0.00018628,71.36,BTC-30MAY25-80000-P,106502.61,sell,0.2,0.2,,,,,,,1747769735.599
3637,367528354,1747769735600,1,0.0002,0.00018628,71.36,BTC-30MAY25-80000-P,106502.61,buy,0.7,0.7,,,,,,,1747769735.6
3638,367528355,1747769735601,1,0.0002,0.00018628,71.36,BTC-30MAY25-80000-P,106502.61,buy,0.1,0.1,,,,,,,1747769735.601
3639,367548244,1747775514167,1,0.0002,0.0002416,72.11,BTC-30MAY25-80000-P,106649.39,sell,0.1,0.1,,,,,,,1747775514.167
3640,367550271,1747776382927,0,0.0003,0.00022776,75.61,BTC-30MAY25-80000-P,106626.5,buy,0.1,0.1,,,,,,,1747776382.927
3641,367555561,1747779559707,0,0.0004,0.00029769,77.49,BTC-30MAY25-80000-P,106161.97,buy,0.9,0.9,,,,,,,1747779559.707
3642,367555611,1747779587243,1,0.0004,0.00029882,77.54,BTC-30MAY25-80000-P,106174.6,buy,1.0,1.0,,,,,,,1747779587.243
3643,367562804,1747783550724,2,0.0003,0.00027079,76.93,BTC-30MAY25-80000-P,107074.61,buy,0.1,0.1,,,,,,,1747783550.724
3644,367562814,1747783576046,0,0.0004,0.0002845,79.8,BTC-30MAY25-80000-P,107088.87,buy,1.9,1.9,,,,,,,1747783576.046
3645,367598687,1747805746868,2,0.0003,0.00028126,79.4,BTC-30MAY25-80000-P,107689.09,buy,0.1,0.1,,,,,,,1747805746.868
3647,367626307,1747817990710,3,0.0003,0.00033836,77.05,BTC-30MAY25-80000-P,106417.45,buy,0.1,0.1,,,,,,,1747817990.71
3646,367626306,1747817990710,3,0.0003,0.00033836,77.05,BTC-30MAY25-80000-P,106417.45,buy,0.1,0.1,,,,,,,1747817990.71
3648,367626981,1747818290740,3,0.0003,0.00033355,77.34,BTC-30MAY25-80000-P,106539.31,buy,0.1,0.1,,,,,,,1747818290.74
3649,367627490,1747818590751,3,0.0003,0.00031672,77.25,BTC-30MAY25-80000-P,106493.91,buy,0.1,0.1,,,,,,,1747818590.751
3650,367666874,1747839544757,3,0.0003,0.00028271,83.68,BTC-30MAY25-80000-P,108865.41,buy,0.1,0.1,,,,,,,1747839544.757
3651,367671620,1747839828860,0,0.0004,0.00030838,87.55,BTC-30MAY25-80000-P,109197.92,buy,9.9,9.9,,,,,,,1747839828.86
3652,367674353,1747839969638,2,0.0003,0.00029173,84.88,BTC-30MAY25-80000-P,109386.25,buy,0.1,0.1,,,,,,,1747839969.638
3653,367684782,1747841158097,3,0.0003,0.00031323,84.52,BTC-30MAY25-80000-P,109208.42,sell,0.1,0.1,,,,,,,1747841158.097
3654,367684783,1747841158097,3,0.0003,0.00031323,84.52,BTC-30MAY25-80000-P,109208.42,sell,2.0,2.0,,,,,,,1747841158.097
3655,367703759,1747845687259,3,0.0003,0.00017527,85.85,BTC-30MAY25-80000-P,109656.13,buy,0.1,0.1,,,,,,,1747845687.259
3656,367703793,1747845700658,0,0.0004,0.00018178,88.87,BTC-30MAY25-80000-P,109612.62,buy,0.4,0.4,,,,,,,1747845700.658
3657,367747656,1747850124066,1,0.0004,0.00033109,81.25,BTC-30MAY25-80000-P,106273.82,buy,0.1,0.1,,,,,,,1747850124.066
3658,367748053,1747850162595,0,0.0005,0.00033387,83.76,BTC-30MAY25-80000-P,106306.74,buy,0.9,0.9,,,,,,,1747850162.595
3659,367759654,1747853256660,2,0.0003,0.00027671,81.13,BTC-30MAY25-80000-P,107414.69,buy,0.1,0.1,,,,,,,1747853256.66
3661,367796532,1747866688726,3,0.0003,0.00033627,84.99,BTC-30MAY25-80000-P,108718.11,sell,2.5,2.5,,,,,,,1747866688.726
3660,367796531,1747866688726,3,0.0003,0.00033627,84.99,BTC-30MAY25-80000-P,108718.11,sell,0.6,0.6,,,,,,,1747866688.726
3662,367827293,1747872832887,3,0.0003,0.00021708,88.11,BTC-30MAY25-80000-P,109908.08,buy,0.1,0.1,,,,,,,1747872832.887
3663,367827294,1747872832887,0,0.0004,0.00021708,91.31,BTC-30MAY25-80000-P,109908.08,buy,0.2,0.2,,,,,,,1747872832.887
3664,367827465,1747872906011,1,0.0004,0.00021417,91.47,BTC-30MAY25-80000-P,109965.28,buy,0.1,0.1,,,,,,,1747872906.011
3665,367827466,1747872906011,0,0.0006,0.00021417,96.52,BTC-30MAY25-80000-P,109965.28,buy,0.1,0.1,,,,,,,1747872906.011
3666,367874112,1747881468591,2,0.0003,0.00024808,90.77,BTC-30MAY25-80000-P,110851.99,buy,0.1,0.1,,,,,,,1747881468.591
3667,367879378,1747882046593,3,0.0003,0.00030417,89.89,BTC-30MAY25-80000-P,110450.63,buy,0.1,0.1,,,,,,,1747882046.593
3668,367893778,1747884904895,3,0.0003,0.0002734,91.07,BTC-30MAY25-80000-P,110911.96,buy,0.1,0.1,,,,,,,1747884904.895
3669,367909664,1747886323110,3,0.0003,0.00028143,93.07,BTC-30MAY25-80000-P,111794.5,buy,0.1,0.1,,,,,,,1747886323.11
3670,367909858,1747886334839,3,0.0003,0.00028172,93.08,BTC-30MAY25-80000-P,111801.67,buy,0.1,0.1,,,,,,,1747886334.839
3672,367946264,1747892994613,3,0.0003,0.0001944,92.63,BTC-30MAY25-80000-P,111423.12,buy,1.0,1.0,,,,,,,1747892994.613
3671,367946263,1747892994613,3,0.0003,0.0001944,92.63,BTC-30MAY25-80000-P,111423.12,buy,0.1,0.1,,,,,,,1747892994.613
3673,367960835,1747895310351,3,0.0003,0.00022316,91.52,BTC-30MAY25-80000-P,110857.27,buy,0.1,0.1,,,,,,,1747895310.351
3674,367963443,1747895616252,3,0.0003,0.00023124,91.19,BTC-30MAY25-80000-P,110702.69,buy,0.1,0.1,,,,,,,1747895616.252
3675,367978089,1747898966456,3,0.0003,0.0002149,91.32,BTC-30MAY25-80000-P,110649.11,buy,0.1,0.1,,,,,,,1747898966.456
3676,367979838,1747899367582,3,0.0003,0.00021506,91.82,BTC-30MAY25-80000-P,110856.7,buy,0.1,0.1,,,,,,,1747899367.582
3677,367991903,1747902124976,3,0.0003,0.00023012,92.53,BTC-30MAY25-80000-P,111068.12,buy,0.1,0.1,,,,,,,1747902124.976
3678,367993043,1747902520225,3,0.0003,0.00024081,92.01,BTC-30MAY25-80000-P,110836.93,buy,0.1,0.1,,,,,,,1747902520.225
3679,367994495,1747902838236,3,0.0003,0.00024961,91.39,BTC-30MAY25-80000-P,110560.16,buy,0.1,0.1,,,,,,,1747902838.236
3680,367995331,1747903158533,3,0.0003,0.00025655,91.44,BTC-30MAY25-80000-P,110584.9,buy,0.1,0.1,,,,,,,1747903158.533
3681,367995972,1747903458583,3,0.0003,0.00025471,91.36,BTC-30MAY25-80000-P,110531.09,buy,0.1,0.1,,,,,,,1747903458.583
3682,367996554,1747903758612,3,0.0003,0.00024005,91.52,BTC-30MAY25-80000-P,110586.63,buy,0.1,0.1,,,,,,,1747903758.612
3683,367997517,1747904058673,3,0.0003,0.00023843,91.1,BTC-30MAY25-80000-P,110405.98,buy,0.1,0.1,,,,,,,1747904058.673
3684,368164599,1747965889716,2,0.0002,0.00017446,93.56,BTC-30MAY25-80000-P,111453.52,buy,0.1,0.1,,,,,,,1747965889.716
3685,368167924,1747967977449,3,0.0002,0.00018034,93.74,BTC-30MAY25-80000-P,111456.88,buy,0.1,0.1,,,,,,,1747967977.449
3686,368169002,1747968294524,3,0.0002,0.00018403,93.4,BTC-30MAY25-80000-P,111288.34,buy,0.1,0.1,,,,,,,1747968294.524
3687,368175505,1747973911995,3,0.0002,0.00018194,92.92,BTC-30MAY25-80000-P,110932.35,buy,0.1,0.1,,,,,,,1747973911.995
3688,368175730,1747974212047,3,0.0002,0.00018197,92.89,BTC-30MAY25-80000-P,110892.87,buy,0.1,0.1,,,,,,,1747974212.047
3689,368179562,1747974820131,3,0.0002,0.00018513,92.32,BTC-30MAY25-80000-P,110650.29,buy,0.1,0.1,,,,,,,1747974820.131
3690,368180499,1747975138925,3,0.0002,0.00018305,92.31,BTC-30MAY25-80000-P,110619.23,buy,0.1,0.1,,,,,,,1747975138.925
3691,368186686,1747980930984,3,0.0002,0.0001867,92.44,BTC-30MAY25-80000-P,110483.69,buy,0.1,0.1,,,,,,,1747980930.984
3692,368187383,1747981231025,3,0.0002,0.00018032,92.65,BTC-30MAY25-80000-P,110553.56,buy,0.1,0.1,,,,,,,1747981231.025
3693,368188984,1747981846303,3,0.0002,0.00017729,92.9,BTC-30MAY25-80000-P,110627.1,buy,0.1,0.1,,,,,,,1747981846.303
3694,368194528,1747984930248,3,0.0002,0.00018479,93.45,BTC-30MAY25-80000-P,110774.82,buy,0.1,0.1,,,,,,,1747984930.248
3697,368194550,1747984953192,1,0.0003,0.0001854,97.93,BTC-30MAY25-80000-P,110762.73,buy,0.1,0.1,,,,,,,1747984953.192
3696,368194549,1747984953192,1,0.0003,0.0001854,97.93,BTC-30MAY25-80000-P,110762.73,buy,20.0,20.0,,,,,,,1747984953.192
3695,368194548,1747984953192,0,0.0003,0.0001854,97.93,BTC-30MAY25-80000-P,110762.73,buy,0.8,0.8,,,,,,,1747984953.192
3698,368194574,1747984980672,1,0.0003,0.00018422,97.98,BTC-30MAY25-80000-P,110781.62,buy,0.1,0.1,,,,,,,1747984980.672
3699,368194600,1747985008792,1,0.0003,0.00018409,97.97,BTC-30MAY25-80000-P,110777.73,buy,0.1,0.1,,,,,,,1747985008.792
3700,368194601,1747985008796,1,0.0003,0.00018409,97.97,BTC-30MAY25-80000-P,110777.73,sell,9.8,9.8,,,,,,,1747985008.796
3701,368194630,1747985040291,0,0.0004,0.000201,101.53,BTC-30MAY25-80000-P,110778.48,buy,30.0,30.0,,,,,,,1747985040.291
3702,368194631,1747985040291,1,0.0004,0.000201,101.53,BTC-30MAY25-80000-P,110778.48,buy,9.0,9.0,,,,,,,1747985040.291
3703,368195197,1747985340926,2,0.0002,0.00019322,93.55,BTC-30MAY25-80000-P,110790.29,buy,0.1,0.1,,,,,,,1747985340.926
3704,368196719,1747985920632,3,0.0002,0.00018365,93.39,BTC-30MAY25-80000-P,110731.18,buy,0.1,0.1,,,,,,,1747985920.632
3705,368209280,1747988851490,3,0.0002,0.00014138,93.79,BTC-30MAY25-80000-P,110846.63,buy,5.0,5.0,,,,,,,1747988851.49
3706,368217752,1747992754895,2,0.0001,0.00016086,88.21,BTC-30MAY25-80000-P,111209.04,sell,1.0,1.0,,,,,,,1747992754.895
3707,368240867,1748001111517,0,0.0002,0.00019848,91.37,BTC-30MAY25-80000-P,109444.73,buy,0.3,0.3,,,,,,,1748001111.517
3708,368243448,1748001207713,0,0.0003,0.00018793,95.63,BTC-30MAY25-80000-P,109367.58,buy,0.4,0.4,,,,,,,1748001207.713
3709,368351994,1748030883030,2,0.0002,0.0001497,91.49,BTC-30MAY25-80000-P,108519.48,buy,0.1,0.1,,,,,,,1748030883.03
3710,368407544,1748069822969,3,0.0002,0.00014211,93.19,BTC-30MAY25-80000-P,107913.71,buy,0.1,0.1,,,,,,,1748069822.969
3711,368410180,1748072485234,3,0.0002,0.00015573,93.88,BTC-30MAY25-80000-P,108138.52,buy,2.0,2.0,,,,,,,1748072485.234
3712,368410686,1748072615213,3,0.0002,0.00015309,93.64,BTC-30MAY25-80000-P,108055.85,buy,20.0,20.0,,,,,,,1748072615.213
3713,368420816,1748074665772,3,0.0002,0.00014512,93.04,BTC-30MAY25-80000-P,107796.74,buy,27.8,27.8,,,,,,,1748074665.772
3714,368422237,1748075840874,3,0.0002,0.00017673,93.47,BTC-30MAY25-80000-P,107898.1,buy,10.0,10.0,,,,,,,1748075840.874
3715,368443747,1748087662965,3,0.0002,0.00018312,98.27,BTC-30MAY25-80000-P,109237.51,buy,5.0,5.0,,,,,,,1748087662.965
3716,368444343,1748088025818,3,0.0002,0.00016048,98.36,BTC-30MAY25-80000-P,109257.19,buy,45.0,45.0,,,,,,,1748088025.818
3717,368454786,1748096149688,3,0.0002,0.00017463,98.12,BTC-30MAY25-80000-P,108844.76,buy,0.9,0.9,,,,,,,1748096149.688
3718,368456652,1748098813537,3,0.0002,0.00014291,98.68,BTC-30MAY25-80000-P,108987.53,buy,3.1,3.1,,,,,,,1748098813.537
3720,368456665,1748098826308,1,0.0003,0.00014398,103.43,BTC-30MAY25-80000-P,108969.86,buy,5.9,5.9,,,,,,,1748098826.308
3719,368456664,1748098826308,0,0.0003,0.00014398,103.43,BTC-30MAY25-80000-P,108969.86,buy,1.0,1.0,,,,,,,1748098826.308
3721,368531505,1748151945615,2,0.0002,0.00018364,102.0,BTC-30MAY25-80000-P,108076.47,sell,0.1,0.1,,,,,,,1748151945.615
3722,368558796,1748166198044,0,0.0003,0.0001841,104.99,BTC-30MAY25-80000-P,106900.13,buy,4.0,4.0,,,,,,,1748166198.044
3723,368590460,1748193708766,1,0.0003,0.00014523,109.8,BTC-30MAY25-80000-P,107267.99,buy,1.0,1.0,,,,,,,1748193708.766
3724,368623640,1748215150335,2,0.0001,0.00018686,104.52,BTC-30MAY25-80000-P,108868.9,sell,1.0,1.0,,,,,,,1748215150.335
3725,368623796,1748215196323,3,0.0001,0.00018732,104.48,BTC-30MAY25-80000-P,108847.2,sell,1.0,1.0,,,,,,,1748215196.323
3728,368626569,1748217753063,3,0.0001,0.0001769,105.31,BTC-30MAY25-80000-P,109012.57,sell,2.0,2.0,,,,,,,1748217753.063
3729,368626570,1748217753063,3,0.0001,0.0001769,105.31,BTC-30MAY25-80000-P,109012.57,sell,9.5,9.5,,,,,,,1748217753.063
3727,368626568,1748217753063,3,0.0001,0.0001769,105.31,BTC-30MAY25-80000-P,109012.57,sell,29.7,29.7,,,,,,,1748217753.063
3726,368626567,1748217753063,3,0.0001,0.0001769,105.31,BTC-30MAY25-80000-P,109012.57,sell,0.8,0.8,,,,,,,1748217753.063
3730,368626599,1748217765132,3,0.0001,0.00017659,105.34,BTC-30MAY25-80000-P,109019.55,sell,0.1,0.1,,,,,,,1748217765.132
3731,368629514,1748220827795,3,0.0001,0.00017355,106.78,BTC-30MAY25-80000-P,109388.29,buy,8.0,8.0,,,,,,,1748220827.795
3732,368637351,1748225313819,3,0.0001,0.00017943,107.96,BTC-30MAY25-80000-P,109576.66,sell,1.0,1.0,,,,,,,1748225313.819
3734,368674937,1748250759621,3,0.0001,0.00016624,112.7,BTC-30MAY25-80000-P,109834.22,sell,0.4,0.4,,,,,,,1748250759.621
3733,368674936,1748250759621,3,0.0001,0.00016624,112.7,BTC-30MAY25-80000-P,109834.22,sell,0.3,0.3,,,,,,,1748250759.621
3735,368674938,1748250759621,3,0.0001,0.00016624,112.7,BTC-30MAY25-80000-P,109834.22,sell,0.3,0.3,,,,,,,1748250759.621
3736,368676024,1748251507879,3,0.0001,0.00015972,113.19,BTC-30MAY25-80000-P,109971.91,sell,0.2,0.2,,,,,,,1748251507.879
3737,368684914,1748261466297,3,0.0001,0.00014497,114.33,BTC-30MAY25-80000-P,109782.47,sell,0.1,0.1,,,,,,,1748261466.297
3739,368713859,1748276309709,1,0.0002,0.00013891,126.21,BTC-30MAY25-80000-P,109834.05,buy,0.2,0.2,,,,,,,1748276309.709
3738,368713858,1748276309709,0,0.0002,0.00013891,126.21,BTC-30MAY25-80000-P,109834.05,buy,0.1,0.1,,,,,,,1748276309.709
3740,368713860,1748276309709,1,0.0002,0.00013891,126.21,BTC-30MAY25-80000-P,109834.05,buy,0.3,0.3,,,,,,,1748276309.709
3741,368725099,1748277754053,2,0.0001,0.00017078,116.89,BTC-30MAY25-80000-P,109607.29,buy,1.0,1.0,,,,,,,1748277754.053
3742,368794799,1748317889598,3,0.0001,0.00010421,122.51,BTC-30MAY25-80000-P,108943.02,sell,0.1,0.1,,,,,,,1748317889.598
3743,368836604,1748348463189,3,0.0001,6.612e-05,133.24,BTC-30MAY25-80000-P,109837.53,buy,0.1,0.1,,,,,,,1748348463.189
3744,368837251,1748349276054,3,0.0001,6.894e-05,133.17,BTC-30MAY25-80000-P,109755.21,buy,0.1,0.1,,,,,,,1748349276.054
