trade_seq,trade_id,timestamp,tick_direction,price,mark_price,iv,instrument_name,index_price,direction,contracts,amount,block_trade_leg_count,block_trade_id,combo_id,unix_sec
233,364088765,1746100659507,0,0.0004,0.00028838,95.55,BTC-30MAY25-200000-C,96241.54,buy,1.0,1.0,,,,1746100659.507
234,364181766,1746143163567,2,0.0003,0.00031929,93.54,BTC-30MAY25-200000-C,96365.73,sell,0.5,0.5,,,,1746143163.567
235,364200309,1746156155325,3,0.0003,0.00030053,92.95,BTC-30MAY25-200000-C,97041.21,sell,0.5,0.5,,,,1746156155.325
236,364244601,1746174534286,3,0.0003,0.00028639,93.64,BTC-30MAY25-200000-C,96665.85,buy,0.1,0.1,,,,1746174534.286
237,364244602,1746174534288,3,0.0003,0.00028639,93.64,BTC-30MAY25-200000-C,96665.85,sell,0.1,0.1,,,,1746174534.288
238,364244603,1746174534289,3,0.0003,0.00028639,93.64,BTC-30MAY25-200000-C,96665.85,sell,1.3,1.3,,,,1746174534.289
239,364244604,1746174534291,3,0.0003,0.00028639,93.64,BTC-30MAY25-200000-C,96665.85,sell,1.0,1.0,,,,1746174534.291
240,364246812,1746175345314,0,0.0004,0.00028992,96.25,BTC-30MAY25-200000-C,96768.8,buy,12.5,12.5,4.0,BLOCK-195642,BTC-ICOND-30MAY25-76000_84000_125000_200000,1746175345.314
241,364246892,1746175387139,2,0.0003,0.0002908,93.49,BTC-30MAY25-200000-C,96795.76,buy,12.5,12.5,4.0,BLOCK-195644,BTC-ICOND-30MAY25-76000_85000_125000_200000,1746175387.139
242,364246954,1746175448686,3,0.0003,0.00028962,93.52,BTC-30MAY25-200000-C,96778.89,buy,0.1,0.1,,,,1746175448.686
243,364643320,1746393193871,2,0.0002,0.00020805,96.01,BTC-30MAY25-200000-C,95687.62,buy,0.1,0.1,,,,1746393193.871
244,364734687,1746447476603,3,0.0002,0.00016706,99.08,BTC-30MAY25-200000-C,94210.88,buy,0.8,0.8,,,,1746447476.603
245,364880996,1746542191106,3,0.0002,0.00014681,101.12,BTC-30MAY25-200000-C,94400.07,buy,1.1,1.1,,,,1746542191.106
246,364880997,1746542191108,3,0.0002,0.00014681,101.12,BTC-30MAY25-200000-C,94400.07,sell,3.9,3.9,,,,1746542191.108
247,364986769,1746592219165,2,0.0001,0.00015285,93.83,BTC-30MAY25-200000-C,96546.32,sell,0.5,0.5,,,,1746592219.165
249,364987958,1746593580034,3,0.0001,0.00013332,93.92,BTC-30MAY25-200000-C,96465.21,sell,0.9,0.9,,,,1746593580.034
248,364987957,1746593580034,3,0.0001,0.00013332,93.92,BTC-30MAY25-200000-C,96465.21,sell,0.2,0.2,,,,1746593580.034
250,365009663,1746619664240,0,0.0002,0.00013257,99.82,BTC-30MAY25-200000-C,96974.74,buy,0.1,0.1,,,,1746619664.24
252,365201816,1746700265113,1,0.0002,0.00014706,98.15,BTC-30MAY25-200000-C,99831.77,buy,5.0,5.0,,,,1746700265.113
251,365201815,1746700265113,1,0.0002,0.00014706,98.15,BTC-30MAY25-200000-C,99831.77,buy,0.1,0.1,,,,1746700265.113
253,365215342,1746710506176,2,0.0001,0.00014667,93.2,BTC-30MAY25-200000-C,99349.26,sell,0.1,0.1,,,,1746710506.176
254,365215344,1746710506793,3,0.0001,0.00014667,93.2,BTC-30MAY25-200000-C,99349.26,sell,0.1,0.1,,,,1746710506.793
255,365215345,1746710507211,3,0.0001,0.00014668,93.2,BTC-30MAY25-200000-C,99349.71,sell,0.1,0.1,,,,1746710507.211
256,365215346,1746710507817,3,0.0001,0.00014668,93.2,BTC-30MAY25-200000-C,99349.71,sell,0.1,0.1,,,,1746710507.817
257,365215347,1746710508333,3,0.0001,0.00014666,93.2,BTC-30MAY25-200000-C,99350.25,sell,0.1,0.1,,,,1746710508.333
258,365215356,1746710508957,3,0.0001,0.00014666,93.2,BTC-30MAY25-200000-C,99350.25,sell,0.1,0.1,,,,1746710508.957
259,365215357,1746710509374,3,0.0001,0.00014666,93.2,BTC-30MAY25-200000-C,99350.12,sell,0.1,0.1,,,,1746710509.374
260,365215359,1746710510006,3,0.0001,0.00014666,93.2,BTC-30MAY25-200000-C,99350.12,sell,0.1,0.1,,,,1746710510.006
261,365215360,1746710510633,3,0.0001,0.00014666,93.2,BTC-30MAY25-200000-C,99349.8,sell,0.1,0.1,,,,1746710510.633
262,365215361,1746710511057,3,0.0001,0.00014665,93.2,BTC-30MAY25-200000-C,99350.55,sell,0.1,0.1,,,,1746710511.057
263,365215363,1746710511774,3,0.0001,0.00014665,93.2,BTC-30MAY25-200000-C,99350.55,sell,0.1,0.1,,,,1746710511.774
264,365215364,1746710512317,3,0.0001,0.00014663,93.2,BTC-30MAY25-200000-C,99350.65,sell,0.1,0.1,,,,1746710512.317
265,365215366,1746710512896,3,0.0001,0.00014663,93.2,BTC-30MAY25-200000-C,99350.65,sell,0.1,0.1,,,,1746710512.896
266,365215367,1746710513507,3,0.0001,0.00014663,93.2,BTC-30MAY25-200000-C,99351.23,sell,0.1,0.1,,,,1746710513.507
267,365215368,1746710514018,3,0.0001,0.00014663,93.2,BTC-30MAY25-200000-C,99351.23,sell,0.1,0.1,,,,1746710514.018
268,365215369,1746710514643,3,0.0001,0.00014663,93.2,BTC-30MAY25-200000-C,99350.56,sell,0.1,0.1,,,,1746710514.643
269,365215371,1746710515057,3,0.0001,0.00014664,93.2,BTC-30MAY25-200000-C,99351.14,sell,0.1,0.1,,,,1746710515.057
270,365215372,1746710515777,3,0.0001,0.00014664,93.2,BTC-30MAY25-200000-C,99351.14,sell,0.1,0.1,,,,1746710515.777
271,365215374,1746710516293,3,0.0001,0.00014662,93.2,BTC-30MAY25-200000-C,99350.92,sell,0.1,0.1,,,,1746710516.293
272,365215375,1746710516912,3,0.0001,0.00014662,93.2,BTC-30MAY25-200000-C,99350.92,sell,0.1,0.1,,,,1746710516.912
273,365215376,1746710517567,3,0.0001,0.00014661,93.2,BTC-30MAY25-200000-C,99351.09,sell,0.1,0.1,,,,1746710517.567
274,365215384,1746710518074,3,0.0001,0.00014661,93.2,BTC-30MAY25-200000-C,99350.94,sell,0.1,0.1,,,,1746710518.074
275,365215386,1746710518729,3,0.0001,0.00014661,93.2,BTC-30MAY25-200000-C,99350.94,sell,0.1,0.1,,,,1746710518.729
276,365215387,1746710519243,3,0.0001,0.00014661,93.2,BTC-30MAY25-200000-C,99351.47,sell,0.1,0.1,,,,1746710519.243
277,365215388,1746710519872,3,0.0001,0.00014661,93.2,BTC-30MAY25-200000-C,99351.47,sell,0.1,0.1,,,,1746710519.872
278,365215389,1746710520481,3,0.0001,0.0001466,93.2,BTC-30MAY25-200000-C,99350.79,sell,0.1,0.1,,,,1746710520.481
279,365215390,1746710521095,3,0.0001,0.0001466,93.2,BTC-30MAY25-200000-C,99350.98,sell,0.1,0.1,,,,1746710521.095
280,365215391,1746710521813,3,0.0001,0.0001466,93.2,BTC-30MAY25-200000-C,99350.98,sell,0.1,0.1,,,,1746710521.813
281,365215392,1746710522532,3,0.0001,0.00014658,93.2,BTC-30MAY25-200000-C,99350.87,sell,0.1,0.1,,,,1746710522.532
282,365215393,1746710522872,3,0.0001,0.00014658,93.2,BTC-30MAY25-200000-C,99350.87,sell,0.1,0.1,,,,1746710522.872
283,365215395,1746710523344,3,0.0001,0.00014656,93.2,BTC-30MAY25-200000-C,99352.46,sell,0.1,0.1,,,,1746710523.344
284,365215396,1746710524157,3,0.0001,0.00014656,93.2,BTC-30MAY25-200000-C,99351.36,sell,0.1,0.1,,,,1746710524.157
285,365215397,1746710524873,3,0.0001,0.00014656,93.2,BTC-30MAY25-200000-C,99351.36,sell,0.1,0.1,,,,1746710524.873
286,365215399,1746710525378,3,0.0001,0.00014659,93.2,BTC-30MAY25-200000-C,99350.18,sell,0.1,0.1,,,,1746710525.378
287,365215400,1746710526007,3,0.0001,0.00014659,93.2,BTC-30MAY25-200000-C,99350.18,sell,0.1,0.1,,,,1746710526.007
288,365215401,1746710526725,3,0.0001,0.00014655,93.2,BTC-30MAY25-200000-C,99350.27,sell,0.1,0.1,,,,1746710526.725
289,365215404,1746710527344,3,0.0001,0.0001465,93.2,BTC-30MAY25-200000-C,99350.36,sell,0.1,0.1,,,,1746710527.344
290,365215405,1746710528007,3,0.0001,0.0001465,93.2,BTC-30MAY25-200000-C,99350.36,sell,0.1,0.1,,,,1746710528.007
291,365215407,1746710528771,3,0.0001,0.00014641,93.2,BTC-30MAY25-200000-C,99350.17,sell,0.1,0.1,,,,1746710528.771
292,365215408,1746710529297,3,0.0001,0.00014641,93.2,BTC-30MAY25-200000-C,99350.36,sell,0.1,0.1,,,,1746710529.297
293,365215409,1746710530007,3,0.0001,0.00014641,93.2,BTC-30MAY25-200000-C,99350.36,sell,0.1,0.1,,,,1746710530.007
294,365215410,1746710530673,3,0.0001,0.00014633,93.2,BTC-30MAY25-200000-C,99351.08,sell,0.1,0.1,,,,1746710530.673
295,365215411,1746710531293,3,0.0001,0.00014625,93.2,BTC-30MAY25-200000-C,99351.57,sell,0.1,0.1,,,,1746710531.293
296,365215412,1746710532007,3,0.0001,0.00014625,93.2,BTC-30MAY25-200000-C,99351.57,sell,0.1,0.1,,,,1746710532.007
297,365215413,1746710532742,3,0.0001,0.00014607,93.2,BTC-30MAY25-200000-C,99351.76,sell,0.1,0.1,,,,1746710532.742
298,365215414,1746710533273,3,0.0001,0.00014607,93.2,BTC-30MAY25-200000-C,99351.78,sell,0.1,0.1,,,,1746710533.273
299,365215415,1746710534004,3,0.0001,0.00014607,93.2,BTC-30MAY25-200000-C,99351.78,sell,0.1,0.1,,,,1746710534.004
300,365215416,1746710534623,3,0.0001,0.00014587,93.2,BTC-30MAY25-200000-C,99352.03,sell,0.1,0.1,,,,1746710534.623
301,365215422,1746710536359,3,0.0001,0.00014587,93.2,BTC-30MAY25-200000-C,99356.53,sell,0.1,0.1,,,,1746710536.359
302,365215423,1746710536874,3,0.0001,0.00014587,93.2,BTC-30MAY25-200000-C,99356.53,sell,0.1,0.1,,,,1746710536.874
303,365221778,1746713345361,3,0.0001,0.00014502,93.26,BTC-30MAY25-200000-C,99375.61,sell,0.1,0.1,,,,1746713345.361
304,365258117,1746719731006,3,0.0001,0.00016798,91.74,BTC-30MAY25-200000-C,100776.2,sell,1.1,1.1,,,,1746719731.006
307,365259382,1746720017933,1,0.0002,0.00015223,97.41,BTC-30MAY25-200000-C,100856.4,buy,5.0,5.0,,,,1746720017.933
305,365259380,1746720017933,0,0.0002,0.00015223,97.41,BTC-30MAY25-200000-C,100856.4,buy,5.0,5.0,,,,1746720017.933
306,365259381,1746720017933,1,0.0002,0.00015223,97.41,BTC-30MAY25-200000-C,100856.4,buy,5.0,5.0,,,,1746720017.933
308,365265153,1746721523007,2,0.0001,0.00017332,91.66,BTC-30MAY25-200000-C,100880.31,sell,10.0,10.0,,,,1746721523.007
310,365381264,1746760581188,3,0.0001,0.00014533,90.31,BTC-30MAY25-200000-C,102760.91,sell,0.1,0.1,,,,1746760581.188
313,365381267,1746760581188,3,0.0001,0.00014533,90.31,BTC-30MAY25-200000-C,102760.91,sell,1.5,1.5,,,,1746760581.188
311,365381265,1746760581188,3,0.0001,0.00014533,90.31,BTC-30MAY25-200000-C,102760.91,sell,0.5,0.5,,,,1746760581.188
312,365381266,1746760581188,3,0.0001,0.00014533,90.31,BTC-30MAY25-200000-C,102760.91,sell,4.0,4.0,,,,1746760581.188
309,365381263,1746760581188,3,0.0001,0.00014533,90.31,BTC-30MAY25-200000-C,102760.91,sell,4.9,4.9,,,,1746760581.188
314,365423764,1746777098357,0,0.0002,0.00014013,95.28,BTC-30MAY25-200000-C,103898.51,buy,5.0,5.0,,,,1746777098.357
315,365423765,1746777098357,1,0.0002,0.00014013,95.28,BTC-30MAY25-200000-C,103898.51,buy,0.1,0.1,,,,1746777098.357
316,365438640,1746778873757,1,0.0002,0.0002304,95.59,BTC-30MAY25-200000-C,103642.57,sell,1.5,1.5,,,,1746778873.757
317,365541987,1746833018511,1,0.0002,0.00017856,97.92,BTC-30MAY25-200000-C,102922.93,buy,0.1,0.1,,,,1746833018.511
318,365616629,1746899982453,2,0.0001,0.00017631,93.45,BTC-30MAY25-200000-C,103203.55,sell,0.5,0.5,,,,1746899982.453
319,365677443,1746921953190,0,0.0003,0.00018426,101.73,BTC-30MAY25-200000-C,104917.87,buy,0.2,0.2,,,,1746921953.19
320,365690638,1746925291532,2,0.0002,0.00023491,98.83,BTC-30MAY25-200000-C,104216.63,sell,0.5,0.5,,,,1746925291.532
321,365692786,1746926668857,3,0.0002,0.00024056,98.81,BTC-30MAY25-200000-C,104264.81,sell,4.7,4.7,,,,1746926668.857
322,365703883,1746932651728,3,0.0002,0.00020575,99.67,BTC-30MAY25-200000-C,103730.06,sell,15.0,15.0,,,,1746932651.728
326,366039559,1747084914543,3,0.0001,0.0001308,100.12,BTC-30MAY25-200000-C,102441.46,sell,1.0,1.0,,,,1747084914.543
325,366039558,1747084914543,3,0.0001,0.0001308,100.12,BTC-30MAY25-200000-C,102441.46,sell,0.5,0.5,,,,1747084914.543
324,366039557,1747084914543,3,0.0001,0.0001308,100.12,BTC-30MAY25-200000-C,102441.46,sell,0.1,0.1,,,,1747084914.543
323,366039556,1747084914543,2,0.0001,0.0001308,100.12,BTC-30MAY25-200000-C,102441.46,sell,0.1,0.1,,,,1747084914.543
329,366309309,1747230905774,1,0.0002,8.93e-05,110.01,BTC-30MAY25-200000-C,103834.08,buy,5.0,5.0,,,,1747230905.774
331,366309311,1747230905774,1,0.0002,8.93e-05,110.01,BTC-30MAY25-200000-C,103834.08,buy,0.9,0.9,,,,1747230905.774
328,366309308,1747230905774,1,0.0002,8.93e-05,110.01,BTC-30MAY25-200000-C,103834.08,buy,5.0,5.0,,,,1747230905.774
330,366309310,1747230905774,1,0.0002,8.93e-05,110.01,BTC-30MAY25-200000-C,103834.08,buy,0.1,0.1,,,,1747230905.774
327,366309307,1747230905774,0,0.0002,8.93e-05,110.01,BTC-30MAY25-200000-C,103834.08,buy,5.0,5.0,,,,1747230905.774
332,366318949,1747234039469,2,0.0001,8.014e-05,104.36,BTC-30MAY25-200000-C,103245.93,sell,14.9,14.9,,,,1747234039.469
333,366318956,1747234053937,3,0.0001,8.016e-05,104.36,BTC-30MAY25-200000-C,103250.93,sell,0.1,0.1,,,,1747234053.937
334,366362014,1747267808735,0,0.0002,7.229e-05,111.93,BTC-30MAY25-200000-C,103598.18,buy,0.1,0.1,,,,1747267808.735
335,366362015,1747267809255,1,0.0002,7.229e-05,111.93,BTC-30MAY25-200000-C,103598.18,buy,0.1,0.1,,,,1747267809.255
336,366362016,1747267809676,1,0.0002,7.229e-05,111.94,BTC-30MAY25-200000-C,103598.18,buy,0.1,0.1,,,,1747267809.676
337,366362017,1747267810185,1,0.0002,7.229e-05,111.94,BTC-30MAY25-200000-C,103598.18,buy,0.1,0.1,,,,1747267810.185
338,366362018,1747267810597,1,0.0002,7.229e-05,111.94,BTC-30MAY25-200000-C,103597.89,buy,0.1,0.1,,,,1747267810.597
339,366362020,1747267811014,1,0.0002,7.229e-05,111.94,BTC-30MAY25-200000-C,103597.89,buy,0.1,0.1,,,,1747267811.014
340,366362021,1747267811535,1,0.0002,7.229e-05,111.94,BTC-30MAY25-200000-C,103597.89,buy,0.1,0.1,,,,1747267811.535
341,366362022,1747267812044,1,0.0002,7.229e-05,111.94,BTC-30MAY25-200000-C,103597.89,buy,0.1,0.1,,,,1747267812.044
342,366362023,1747267812556,1,0.0002,7.227e-05,111.94,BTC-30MAY25-200000-C,103597.89,buy,0.1,0.1,,,,1747267812.556
343,366362025,1747267813064,1,0.0002,7.227e-05,111.94,BTC-30MAY25-200000-C,103597.89,buy,0.1,0.1,,,,1747267813.064
344,366362026,1747267813576,1,0.0002,7.227e-05,111.95,BTC-30MAY25-200000-C,103592.29,buy,0.1,0.1,,,,1747267813.576
345,366362127,1747267814284,1,0.0002,7.227e-05,111.95,BTC-30MAY25-200000-C,103592.29,buy,0.1,0.1,,,,1747267814.284
346,366362128,1747267814695,1,0.0002,7.227e-05,111.95,BTC-30MAY25-200000-C,103587.86,buy,0.1,0.1,,,,1747267814.695
347,366362129,1747267815315,1,0.0002,7.227e-05,111.95,BTC-30MAY25-200000-C,103587.86,buy,0.1,0.1,,,,1747267815.315
348,366362130,1747267815833,1,0.0002,7.22e-05,111.96,BTC-30MAY25-200000-C,103583.63,buy,0.1,0.1,,,,1747267815.833
349,366362131,1747267816356,1,0.0002,7.22e-05,111.96,BTC-30MAY25-200000-C,103583.63,buy,0.1,0.1,,,,1747267816.356
350,366362132,1747267816968,1,0.0002,7.209e-05,111.96,BTC-30MAY25-200000-C,103582.65,buy,0.1,0.1,,,,1747267816.968
351,366362133,1747267817475,1,0.0002,7.209e-05,111.96,BTC-30MAY25-200000-C,103582.65,buy,0.1,0.1,,,,1747267817.475
352,366362134,1747267818085,1,0.0002,7.209e-05,111.95,BTC-30MAY25-200000-C,103586.13,buy,0.1,0.1,,,,1747267818.085
353,366362135,1747267818705,1,0.0002,7.208e-05,111.95,BTC-30MAY25-200000-C,103590.32,buy,0.1,0.1,,,,1747267818.705
354,366362136,1747267819215,1,0.0002,7.208e-05,111.95,BTC-30MAY25-200000-C,103590.32,buy,0.1,0.1,,,,1747267819.215
355,366362138,1747267819848,1,0.0002,7.213e-05,111.95,BTC-30MAY25-200000-C,103591.33,buy,0.1,0.1,,,,1747267819.848
356,366362139,1747267820566,1,0.0002,7.218e-05,111.95,BTC-30MAY25-200000-C,103591.26,buy,0.1,0.1,,,,1747267820.566
357,366362140,1747267821194,1,0.0002,7.218e-05,111.95,BTC-30MAY25-200000-C,103591.26,buy,0.1,0.1,,,,1747267821.194
358,366362141,1747267821815,1,0.0002,7.219e-05,111.95,BTC-30MAY25-200000-C,103591.25,buy,0.1,0.1,,,,1747267821.815
359,366362142,1747267822536,1,0.0002,7.219e-05,111.95,BTC-30MAY25-200000-C,103591.25,buy,0.1,0.1,,,,1747267822.536
360,366362143,1747267823155,1,0.0002,7.219e-05,111.95,BTC-30MAY25-200000-C,103591.25,buy,0.1,0.1,,,,1747267823.155
361,366362144,1747267823875,1,0.0002,7.219e-05,111.94,BTC-30MAY25-200000-C,103592.35,buy,0.1,0.1,,,,1747267823.875
362,366362145,1747267824603,1,0.0002,7.219e-05,111.94,BTC-30MAY25-200000-C,103593.08,buy,0.1,0.1,,,,1747267824.603
363,366362146,1747267825335,1,0.0002,7.219e-05,111.94,BTC-30MAY25-200000-C,103593.08,buy,0.1,0.1,,,,1747267825.335
364,366362147,1747267826064,1,0.0002,7.221e-05,111.94,BTC-30MAY25-200000-C,103593.08,buy,0.1,0.1,,,,1747267826.064
365,366362149,1747267826890,1,0.0002,7.222e-05,111.94,BTC-30MAY25-200000-C,103593.04,buy,0.1,0.1,,,,1747267826.89
366,366362150,1747267827615,1,0.0002,7.222e-05,111.94,BTC-30MAY25-200000-C,103593.17,buy,0.1,0.1,,,,1747267827.615
367,366362160,1747267828363,1,0.0002,7.222e-05,111.94,BTC-30MAY25-200000-C,103593.17,buy,0.1,0.1,,,,1747267828.363
368,366362162,1747267829185,1,0.0002,7.222e-05,111.94,BTC-30MAY25-200000-C,103593.17,buy,0.1,0.1,,,,1747267829.185
369,366362163,1747267830024,1,0.0002,7.222e-05,111.94,BTC-30MAY25-200000-C,103593.41,buy,0.1,0.1,,,,1747267830.024
370,366362164,1747267830865,1,0.0002,7.222e-05,111.94,BTC-30MAY25-200000-C,103595.03,buy,0.1,0.1,,,,1747267830.865
371,366362165,1747267831686,1,0.0002,7.222e-05,111.94,BTC-30MAY25-200000-C,103595.04,buy,0.1,0.1,,,,1747267831.686
372,366362167,1747267832615,1,0.0002,7.224e-05,111.94,BTC-30MAY25-200000-C,103596.04,buy,0.1,0.1,,,,1747267832.615
373,366362168,1747267833445,1,0.0002,7.224e-05,111.94,BTC-30MAY25-200000-C,103596.04,buy,0.1,0.1,,,,1747267833.445
374,366362174,1747267834284,1,0.0002,7.222e-05,111.94,BTC-30MAY25-200000-C,103596.53,buy,0.1,0.1,,,,1747267834.284
375,366362182,1747267835088,1,0.0002,7.223e-05,111.94,BTC-30MAY25-200000-C,103596.66,buy,0.1,0.1,,,,1747267835.088
376,366362183,1747267836015,1,0.0002,7.224e-05,111.93,BTC-30MAY25-200000-C,103604.27,buy,0.1,0.1,,,,1747267836.015
377,366362185,1747267836964,1,0.0002,7.224e-05,111.92,BTC-30MAY25-200000-C,103612.23,buy,0.1,0.1,,,,1747267836.964
378,366362187,1747267837885,1,0.0002,7.233e-05,111.92,BTC-30MAY25-200000-C,103610.82,buy,0.1,0.1,,,,1747267837.885
379,366362188,1747267838935,1,0.0002,7.243e-05,111.92,BTC-30MAY25-200000-C,103609.08,buy,0.1,0.1,,,,1747267838.935
380,366362189,1747267839994,1,0.0002,7.241e-05,111.92,BTC-30MAY25-200000-C,103608.93,buy,0.1,0.1,,,,1747267839.994
381,366362190,1747267841125,1,0.0002,7.24e-05,111.92,BTC-30MAY25-200000-C,103608.62,buy,0.1,0.1,,,,1747267841.125
382,366362192,1747267842185,1,0.0002,7.24e-05,111.92,BTC-30MAY25-200000-C,103608.43,buy,0.1,0.1,,,,1747267842.185
383,366362193,1747267843325,1,0.0002,7.239e-05,111.92,BTC-30MAY25-200000-C,103607.86,buy,0.1,0.1,,,,1747267843.325
384,366362218,1747267844476,1,0.0002,7.239e-05,111.92,BTC-30MAY25-200000-C,103607.86,buy,0.1,0.1,,,,1747267844.476
385,366362309,1747267845615,1,0.0002,7.239e-05,111.92,BTC-30MAY25-200000-C,103607.9,buy,0.1,0.1,,,,1747267845.615
386,366362311,1747267846875,1,0.0002,7.239e-05,111.92,BTC-30MAY25-200000-C,103607.9,buy,0.1,0.1,,,,1747267846.875
387,366362313,1747267848063,1,0.0002,7.239e-05,111.92,BTC-30MAY25-200000-C,103608.04,buy,0.1,0.1,,,,1747267848.063
388,366362314,1747267849395,1,0.0002,7.239e-05,111.92,BTC-30MAY25-200000-C,103608.04,buy,0.1,0.1,,,,1747267849.395
389,366362315,1747267850635,1,0.0002,7.24e-05,111.92,BTC-30MAY25-200000-C,103608.0,buy,0.1,0.1,,,,1747267850.635
390,366362317,1747267851926,1,0.0002,7.24e-05,111.92,BTC-30MAY25-200000-C,103608.1,buy,0.1,0.1,,,,1747267851.926
391,366362320,1747267853376,1,0.0002,7.24e-05,111.92,BTC-30MAY25-200000-C,103608.61,buy,0.1,0.1,,,,1747267853.376
392,366362321,1747267854715,1,0.0002,7.241e-05,111.92,BTC-30MAY25-200000-C,103609.02,buy,0.1,0.1,,,,1747267854.715
393,366362322,1747267856189,1,0.0002,7.241e-05,111.92,BTC-30MAY25-200000-C,103609.17,buy,0.1,0.1,,,,1747267856.189
394,366362324,1747267857744,1,0.0002,7.242e-05,111.92,BTC-30MAY25-200000-C,103609.84,buy,0.1,0.1,,,,1747267857.744
395,366362325,1747267859234,1,0.0002,7.243e-05,111.92,BTC-30MAY25-200000-C,103610.65,buy,0.1,0.1,,,,1747267859.234
396,366362326,1747267860785,1,0.0002,7.244e-05,111.92,BTC-30MAY25-200000-C,103610.81,buy,0.1,0.1,,,,1747267860.785
397,366362327,1747267862336,1,0.0002,7.244e-05,111.92,BTC-30MAY25-200000-C,103610.81,buy,0.1,0.1,,,,1747267862.336
398,366405567,1747287585547,2,0.0001,0.00014122,107.62,BTC-30MAY25-200000-C,102453.84,sell,6.2,6.2,,,,1747287585.547
399,366436101,1747296594909,3,0.0001,0.00012626,108.68,BTC-30MAY25-200000-C,102047.49,sell,0.1,0.1,,,,1747296594.909
400,366436102,1747296594909,3,0.0001,0.00012626,108.68,BTC-30MAY25-200000-C,102047.49,sell,0.1,0.1,,,,1747296594.909
401,366671014,1747353971074,3,0.0001,0.00012833,108.52,BTC-30MAY25-200000-C,103855.7,buy,0.1,0.1,,,,1747353971.074
402,366671063,1747353979986,3,0.0001,0.00012804,108.55,BTC-30MAY25-200000-C,103834.4,buy,0.1,0.1,,,,1747353979.986
403,366671067,1747353981415,3,0.0001,0.00012781,108.56,BTC-30MAY25-200000-C,103833.74,buy,0.1,0.1,,,,1747353981.415
404,366671129,1747353993996,3,0.0001,0.00012674,108.65,BTC-30MAY25-200000-C,103778.27,buy,0.1,0.1,,,,1747353993.996
405,366671170,1747353996009,3,0.0001,0.00012666,108.65,BTC-30MAY25-200000-C,103777.02,buy,0.1,0.1,,,,1747353996.009
406,366671171,1747353998527,3,0.0001,0.00012653,108.68,BTC-30MAY25-200000-C,103761.55,buy,0.1,0.1,,,,1747353998.527
407,366671172,1747353999916,3,0.0001,0.00012624,108.68,BTC-30MAY25-200000-C,103761.66,buy,0.1,0.1,,,,1747353999.916
408,366671173,1747354001142,3,0.0001,0.00012621,108.68,BTC-30MAY25-200000-C,103762.02,buy,0.1,0.1,,,,1747354001.142
409,366671174,1747354002426,3,0.0001,0.0001262,108.66,BTC-30MAY25-200000-C,103772.89,buy,0.1,0.1,,,,1747354002.426
410,366671184,1747354005393,3,0.0001,0.00012641,108.65,BTC-30MAY25-200000-C,103782.21,buy,0.1,0.1,,,,1747354005.393
411,367013861,1747581439505,3,0.0001,4.698e-05,117.63,BTC-30MAY25-200000-C,105365.74,buy,0.2,0.2,,,,1747581439.505
412,367013863,1747581439606,3,0.0001,4.698e-05,117.63,BTC-30MAY25-200000-C,105365.74,buy,0.1,0.1,,,,1747581439.606
413,367013864,1747581439705,3,0.0001,4.698e-05,117.63,BTC-30MAY25-200000-C,105365.74,buy,0.2,0.2,,,,1747581439.705
414,367013865,1747581439806,3,0.0001,4.698e-05,117.63,BTC-30MAY25-200000-C,105365.74,buy,0.1,0.1,,,,1747581439.806
415,367013866,1747581439909,3,0.0001,4.698e-05,117.63,BTC-30MAY25-200000-C,105365.74,buy,0.1,0.1,,,,1747581439.909
416,367013867,1747581440013,3,0.0001,4.698e-05,117.63,BTC-30MAY25-200000-C,105365.74,buy,0.2,0.2,,,,1747581440.013
417,367013868,1747581440110,3,0.0001,4.698e-05,117.63,BTC-30MAY25-200000-C,105365.74,buy,0.1,0.1,,,,1747581440.11
418,367013869,1747581440211,3,0.0001,4.698e-05,117.63,BTC-30MAY25-200000-C,105365.74,buy,0.1,0.1,,,,1747581440.211
419,367013877,1747581440311,3,0.0001,4.698e-05,117.63,BTC-30MAY25-200000-C,105365.74,buy,0.2,0.2,,,,1747581440.311
420,367013878,1747581440413,3,0.0001,4.698e-05,117.63,BTC-30MAY25-200000-C,105365.74,buy,0.1,0.1,,,,1747581440.413
421,367013879,1747581440515,3,0.0001,4.695e-05,117.63,BTC-30MAY25-200000-C,105366.98,buy,0.1,0.1,,,,1747581440.515
422,367013880,1747581440615,3,0.0001,4.695e-05,117.63,BTC-30MAY25-200000-C,105366.98,buy,0.1,0.1,,,,1747581440.615
423,367013881,1747581440721,3,0.0001,4.695e-05,117.63,BTC-30MAY25-200000-C,105366.98,buy,0.2,0.2,,,,1747581440.721
424,367013882,1747581440824,3,0.0001,4.695e-05,117.63,BTC-30MAY25-200000-C,105366.98,buy,0.1,0.1,,,,1747581440.824
425,367013883,1747581440925,3,0.0001,4.695e-05,117.63,BTC-30MAY25-200000-C,105366.98,buy,0.1,0.1,,,,1747581440.925
426,367013885,1747581441031,3,0.0001,4.695e-05,117.63,BTC-30MAY25-200000-C,105366.98,buy,0.1,0.1,,,,1747581441.031
427,367013886,1747581441131,3,0.0001,4.695e-05,117.63,BTC-30MAY25-200000-C,105366.98,buy,0.1,0.1,,,,1747581441.131
428,367013887,1747581441231,3,0.0001,4.695e-05,117.63,BTC-30MAY25-200000-C,105366.98,buy,0.2,0.2,,,,1747581441.231
429,367013888,1747581441335,3,0.0001,4.695e-05,117.63,BTC-30MAY25-200000-C,105366.98,buy,0.1,0.1,,,,1747581441.335
430,367013896,1747581441435,3,0.0001,4.695e-05,117.63,BTC-30MAY25-200000-C,105366.98,buy,0.1,0.1,,,,1747581441.435
431,367013897,1747581441541,3,0.0001,4.696e-05,117.63,BTC-30MAY25-200000-C,105367.98,buy,0.1,0.1,,,,1747581441.541
432,367013898,1747581441642,3,0.0001,4.696e-05,117.63,BTC-30MAY25-200000-C,105367.98,buy,0.1,0.1,,,,1747581441.642
433,367013899,1747581441744,3,0.0001,4.696e-05,117.63,BTC-30MAY25-200000-C,105367.98,buy,0.1,0.1,,,,1747581441.744
434,367013900,1747581441845,3,0.0001,4.696e-05,117.63,BTC-30MAY25-200000-C,105367.98,buy,0.1,0.1,,,,1747581441.845
435,367013901,1747581441945,3,0.0001,4.696e-05,117.63,BTC-30MAY25-200000-C,105367.98,buy,0.1,0.1,,,,1747581441.945
436,367013902,1747581442047,3,0.0001,4.696e-05,117.63,BTC-30MAY25-200000-C,105367.98,buy,0.1,0.1,,,,1747581442.047
437,367013903,1747581442148,3,0.0001,4.696e-05,117.63,BTC-30MAY25-200000-C,105367.98,buy,0.1,0.1,,,,1747581442.148
438,367013904,1747581442251,3,0.0001,4.696e-05,117.63,BTC-30MAY25-200000-C,105367.98,buy,0.1,0.1,,,,1747581442.251
439,367013906,1747581442354,3,0.0001,4.696e-05,117.63,BTC-30MAY25-200000-C,105367.98,buy,0.1,0.1,,,,1747581442.354
440,367013907,1747581442454,3,0.0001,4.696e-05,117.63,BTC-30MAY25-200000-C,105367.98,buy,0.1,0.1,,,,1747581442.454
441,367013908,1747581442554,3,0.0001,4.697e-05,117.63,BTC-30MAY25-200000-C,105368.16,buy,0.1,0.1,,,,1747581442.554
442,367013910,1747581442655,3,0.0001,4.697e-05,117.63,BTC-30MAY25-200000-C,105368.16,buy,0.1,0.1,,,,1747581442.655
443,367013911,1747581442761,3,0.0001,4.697e-05,117.63,BTC-30MAY25-200000-C,105368.16,buy,0.1,0.1,,,,1747581442.761
444,367013912,1747581442865,3,0.0001,4.697e-05,117.63,BTC-30MAY25-200000-C,105368.16,buy,0.1,0.1,,,,1747581442.865
445,367013913,1747581442971,3,0.0001,4.697e-05,117.63,BTC-30MAY25-200000-C,105368.16,buy,0.1,0.1,,,,1747581442.971
446,367013928,1747581443071,3,0.0001,4.697e-05,117.63,BTC-30MAY25-200000-C,105368.16,buy,0.1,0.1,,,,1747581443.071
447,367013929,1747581443173,3,0.0001,4.697e-05,117.63,BTC-30MAY25-200000-C,105368.16,buy,0.1,0.1,,,,1747581443.173
448,367013930,1747581443273,3,0.0001,4.697e-05,117.63,BTC-30MAY25-200000-C,105368.16,buy,0.1,0.1,,,,1747581443.273
449,367013931,1747581443375,3,0.0001,4.697e-05,117.63,BTC-30MAY25-200000-C,105368.16,buy,0.1,0.1,,,,1747581443.375
450,367013932,1747581443475,3,0.0001,4.697e-05,117.63,BTC-30MAY25-200000-C,105367.99,buy,0.1,0.1,,,,1747581443.475
451,367013933,1747581443676,3,0.0001,4.697e-05,117.63,BTC-30MAY25-200000-C,105367.99,buy,0.1,0.1,,,,1747581443.676
452,367013934,1747581443776,3,0.0001,4.697e-05,117.63,BTC-30MAY25-200000-C,105367.99,buy,0.1,0.1,,,,1747581443.776
453,367013935,1747581443876,3,0.0001,4.697e-05,117.63,BTC-30MAY25-200000-C,105367.99,buy,0.1,0.1,,,,1747581443.876
454,367013936,1747581443976,3,0.0001,4.697e-05,117.63,BTC-30MAY25-200000-C,105367.99,buy,0.1,0.1,,,,1747581443.976
455,367013937,1747581444076,3,0.0001,4.697e-05,117.63,BTC-30MAY25-200000-C,105367.99,buy,0.1,0.1,,,,1747581444.076
456,367013938,1747581444177,3,0.0001,4.697e-05,117.63,BTC-30MAY25-200000-C,105367.99,buy,0.1,0.1,,,,1747581444.177
457,367013940,1747581444381,3,0.0001,4.697e-05,117.63,BTC-30MAY25-200000-C,105367.99,buy,0.1,0.1,,,,1747581444.381
458,367013941,1747581444481,3,0.0001,4.697e-05,117.63,BTC-30MAY25-200000-C,105368.41,buy,0.1,0.1,,,,1747581444.481
459,367013942,1747581444582,3,0.0001,4.697e-05,117.63,BTC-30MAY25-200000-C,105368.41,buy,0.1,0.1,,,,1747581444.582
460,367013943,1747581444684,3,0.0001,4.697e-05,117.63,BTC-30MAY25-200000-C,105368.41,buy,0.1,0.1,,,,1747581444.684
461,367013945,1747581444885,3,0.0001,4.697e-05,117.63,BTC-30MAY25-200000-C,105368.41,buy,0.1,0.1,,,,1747581444.885
462,367013946,1747581444985,3,0.0001,4.697e-05,117.63,BTC-30MAY25-200000-C,105368.41,buy,0.1,0.1,,,,1747581444.985
463,367013947,1747581445091,3,0.0001,4.697e-05,117.63,BTC-30MAY25-200000-C,105368.41,buy,0.1,0.1,,,,1747581445.091
464,367013949,1747581445294,3,0.0001,4.697e-05,117.63,BTC-30MAY25-200000-C,105368.41,buy,0.1,0.1,,,,1747581445.294
465,367013950,1747581445396,3,0.0001,4.697e-05,117.63,BTC-30MAY25-200000-C,105368.41,buy,0.1,0.1,,,,1747581445.396
466,367013951,1747581445601,3,0.0001,4.697e-05,117.62,BTC-30MAY25-200000-C,105372.25,buy,0.1,0.1,,,,1747581445.601
467,367013953,1747581445702,3,0.0001,4.697e-05,117.62,BTC-30MAY25-200000-C,105372.25,buy,0.1,0.1,,,,1747581445.702
468,367013954,1747581445803,3,0.0001,4.697e-05,117.62,BTC-30MAY25-200000-C,105372.25,buy,0.1,0.1,,,,1747581445.803
469,367013955,1747581446009,3,0.0001,4.697e-05,117.62,BTC-30MAY25-200000-C,105372.25,buy,0.1,0.1,,,,1747581446.009
470,367013957,1747581446111,3,0.0001,4.697e-05,117.62,BTC-30MAY25-200000-C,105372.25,buy,0.1,0.1,,,,1747581446.111
471,367013958,1747581446314,3,0.0001,4.697e-05,117.62,BTC-30MAY25-200000-C,105372.25,buy,0.1,0.1,,,,1747581446.314
472,367013960,1747581446413,3,0.0001,4.697e-05,117.62,BTC-30MAY25-200000-C,105372.25,buy,0.1,0.1,,,,1747581446.413
473,367013961,1747581446613,3,0.0001,4.701e-05,117.61,BTC-30MAY25-200000-C,105378.24,buy,0.1,0.1,,,,1747581446.613
474,367013962,1747581446713,3,0.0001,4.701e-05,117.61,BTC-30MAY25-200000-C,105378.24,buy,0.1,0.1,,,,1747581446.713
475,367013963,1747581446914,3,0.0001,4.701e-05,117.61,BTC-30MAY25-200000-C,105378.24,buy,0.1,0.1,,,,1747581446.914
476,367013964,1747581447117,3,0.0001,4.701e-05,117.61,BTC-30MAY25-200000-C,105378.24,buy,0.1,0.1,,,,1747581447.117
477,367013965,1747581447219,3,0.0001,4.701e-05,117.61,BTC-30MAY25-200000-C,105378.24,buy,0.1,0.1,,,,1747581447.219
478,367013966,1747581447423,3,0.0001,4.701e-05,117.61,BTC-30MAY25-200000-C,105378.24,buy,0.1,0.1,,,,1747581447.423
479,367013972,1747581447528,3,0.0001,4.706e-05,117.6,BTC-30MAY25-200000-C,105384.19,buy,0.1,0.1,,,,1747581447.528
480,367013973,1747581447730,3,0.0001,4.706e-05,117.6,BTC-30MAY25-200000-C,105384.19,buy,0.1,0.1,,,,1747581447.73
481,367013974,1747581447931,3,0.0001,4.706e-05,117.6,BTC-30MAY25-200000-C,105384.19,buy,0.1,0.1,,,,1747581447.931
482,367013979,1747581448131,3,0.0001,4.706e-05,117.6,BTC-30MAY25-200000-C,105384.19,buy,0.1,0.1,,,,1747581448.131
483,367013992,1747581448232,3,0.0001,4.706e-05,117.6,BTC-30MAY25-200000-C,105384.19,buy,0.1,0.1,,,,1747581448.232
484,367013994,1747581448433,3,0.0001,4.706e-05,117.6,BTC-30MAY25-200000-C,105384.19,buy,0.1,0.1,,,,1747581448.433
485,367013995,1747581448592,3,0.0001,4.711e-05,117.6,BTC-30MAY25-200000-C,105388.22,buy,0.1,0.1,,,,1747581448.592
486,367014005,1747581448737,3,0.0001,4.711e-05,117.6,BTC-30MAY25-200000-C,105388.22,buy,0.1,0.1,,,,1747581448.737
487,367014018,1747581448942,3,0.0001,4.711e-05,117.6,BTC-30MAY25-200000-C,105388.22,buy,0.1,0.1,,,,1747581448.942
488,367014022,1747581449043,3,0.0001,4.711e-05,117.6,BTC-30MAY25-200000-C,105388.22,buy,0.1,0.1,,,,1747581449.043
489,367014025,1747581449342,3,0.0001,4.711e-05,117.6,BTC-30MAY25-200000-C,105388.22,buy,0.1,0.1,,,,1747581449.342
490,367014026,1747581449542,3,0.0001,4.714e-05,117.58,BTC-30MAY25-200000-C,105402.31,buy,0.1,0.1,,,,1747581449.542
491,367014027,1747581449643,3,0.0001,4.714e-05,117.58,BTC-30MAY25-200000-C,105402.31,buy,0.1,0.1,,,,1747581449.643
492,367014029,1747581449880,3,0.0001,4.714e-05,117.58,BTC-30MAY25-200000-C,105402.31,buy,0.1,0.1,,,,1747581449.88
493,367014030,1747581450048,3,0.0001,4.714e-05,117.58,BTC-30MAY25-200000-C,105402.31,buy,0.1,0.1,,,,1747581450.048
494,367014033,1747581450252,3,0.0001,4.714e-05,117.58,BTC-30MAY25-200000-C,105402.31,buy,0.1,0.1,,,,1747581450.252
495,367014034,1747581450459,3,0.0001,4.714e-05,117.58,BTC-30MAY25-200000-C,105402.31,buy,0.1,0.1,,,,1747581450.459
496,367014035,1747581450661,3,0.0001,4.725e-05,117.55,BTC-30MAY25-200000-C,105417.18,buy,0.1,0.1,,,,1747581450.661
497,367014036,1747581450863,3,0.0001,4.725e-05,117.55,BTC-30MAY25-200000-C,105417.18,buy,0.1,0.1,,,,1747581450.863
498,367014037,1747581451065,3,0.0001,4.725e-05,117.55,BTC-30MAY25-200000-C,105417.18,buy,0.1,0.1,,,,1747581451.065
499,367014040,1747581451369,3,0.0001,4.725e-05,117.55,BTC-30MAY25-200000-C,105417.18,buy,0.1,0.1,,,,1747581451.369
500,367014041,1747581451568,3,0.0001,4.738e-05,117.55,BTC-30MAY25-200000-C,105418.59,buy,0.1,0.1,,,,1747581451.568
501,367014042,1747581451771,3,0.0001,4.738e-05,117.55,BTC-30MAY25-200000-C,105418.59,buy,0.1,0.1,,,,1747581451.771
502,367014043,1747581451974,3,0.0001,4.738e-05,117.55,BTC-30MAY25-200000-C,105418.59,buy,0.1,0.1,,,,1747581451.974
503,367014044,1747581452276,3,0.0001,4.738e-05,117.55,BTC-30MAY25-200000-C,105418.59,buy,0.1,0.1,,,,1747581452.276
504,367014045,1747581452480,3,0.0001,4.738e-05,117.56,BTC-30MAY25-200000-C,105414.12,buy,0.1,0.1,,,,1747581452.48
505,367014046,1747581452782,3,0.0001,4.738e-05,117.56,BTC-30MAY25-200000-C,105414.12,buy,0.1,0.1,,,,1747581452.782
506,367014047,1747581452983,3,0.0001,4.738e-05,117.56,BTC-30MAY25-200000-C,105414.12,buy,0.1,0.1,,,,1747581452.983
507,367014048,1747581453186,3,0.0001,4.738e-05,117.56,BTC-30MAY25-200000-C,105414.12,buy,0.1,0.1,,,,1747581453.186
508,367014049,1747581453494,3,0.0001,4.737e-05,117.56,BTC-30MAY25-200000-C,105412.83,buy,0.1,0.1,,,,1747581453.494
509,367014051,1747581453698,3,0.0001,4.737e-05,117.56,BTC-30MAY25-200000-C,105412.83,buy,0.1,0.1,,,,1747581453.698
510,367014052,1747581454001,3,0.0001,4.737e-05,117.56,BTC-30MAY25-200000-C,105412.83,buy,0.1,0.1,,,,1747581454.001
511,367014054,1747581454206,3,0.0001,4.737e-05,117.56,BTC-30MAY25-200000-C,105412.83,buy,0.1,0.1,,,,1747581454.206
512,367014055,1747581454513,3,0.0001,4.733e-05,117.56,BTC-30MAY25-200000-C,105413.59,buy,0.1,0.1,,,,1747581454.513
513,367014056,1747581454721,3,0.0001,4.733e-05,117.56,BTC-30MAY25-200000-C,105413.59,buy,0.1,0.1,,,,1747581454.721
514,367014057,1747581455029,3,0.0001,4.733e-05,117.56,BTC-30MAY25-200000-C,105413.59,buy,0.1,0.1,,,,1747581455.029
515,367014061,1747581455332,3,0.0001,4.733e-05,117.56,BTC-30MAY25-200000-C,105413.59,buy,0.1,0.1,,,,1747581455.332
516,367014062,1747581455635,3,0.0001,4.733e-05,117.56,BTC-30MAY25-200000-C,105415.83,buy,0.1,0.1,,,,1747581455.635
517,367014063,1747581455836,3,0.0001,4.733e-05,117.56,BTC-30MAY25-200000-C,105415.83,buy,0.1,0.1,,,,1747581455.836
518,367014064,1747581456137,3,0.0001,4.733e-05,117.56,BTC-30MAY25-200000-C,105415.83,buy,0.1,0.1,,,,1747581456.137
519,367014065,1747581456440,3,0.0001,4.733e-05,117.56,BTC-30MAY25-200000-C,105415.83,buy,0.1,0.1,,,,1747581456.44
520,367014073,1747581456745,3,0.0001,4.733e-05,117.55,BTC-30MAY25-200000-C,105420.66,buy,0.1,0.1,,,,1747581456.745
521,367014094,1747581457051,3,0.0001,4.733e-05,117.55,BTC-30MAY25-200000-C,105420.66,buy,0.1,0.1,,,,1747581457.051
522,367014098,1747581457358,3,0.0001,4.733e-05,117.55,BTC-30MAY25-200000-C,105420.66,buy,0.1,0.1,,,,1747581457.358
523,367014099,1747581457561,3,0.0001,4.739e-05,117.53,BTC-30MAY25-200000-C,105434.0,buy,0.1,0.1,,,,1747581457.561
524,367014101,1747581457964,3,0.0001,4.739e-05,117.53,BTC-30MAY25-200000-C,105434.0,buy,0.1,0.1,,,,1747581457.964
525,367014102,1747581458271,3,0.0001,4.739e-05,117.53,BTC-30MAY25-200000-C,105434.0,buy,0.1,0.1,,,,1747581458.271
526,367014104,1747581458576,3,0.0001,4.75e-05,117.52,BTC-30MAY25-200000-C,105440.64,buy,0.1,0.1,,,,1747581458.576
527,367014108,1747581458803,3,0.0001,4.75e-05,117.52,BTC-30MAY25-200000-C,105440.64,buy,0.1,0.1,,,,1747581458.803
528,367014115,1747581459184,3,0.0001,4.75e-05,117.52,BTC-30MAY25-200000-C,105440.64,buy,0.1,0.1,,,,1747581459.184
529,367014117,1747581459494,3,0.0001,4.75e-05,117.51,BTC-30MAY25-200000-C,105445.65,buy,0.1,0.1,,,,1747581459.494
530,367014118,1747581459802,3,0.0001,4.75e-05,117.51,BTC-30MAY25-200000-C,105445.65,buy,0.1,0.1,,,,1747581459.802
531,367014120,1747581460210,3,0.0001,4.75e-05,117.51,BTC-30MAY25-200000-C,105445.65,buy,0.1,0.1,,,,1747581460.21
532,367014121,1747581460514,3,0.0001,4.76e-05,117.51,BTC-30MAY25-200000-C,105446.61,buy,0.1,0.1,,,,1747581460.514
533,367014123,1747581460931,3,0.0001,4.76e-05,117.51,BTC-30MAY25-200000-C,105446.61,buy,0.1,0.1,,,,1747581460.931
534,367014124,1747581461236,3,0.0001,4.76e-05,117.51,BTC-30MAY25-200000-C,105446.61,buy,0.1,0.1,,,,1747581461.236
535,367014126,1747581461638,3,0.0001,4.761e-05,117.51,BTC-30MAY25-200000-C,105447.66,buy,0.1,0.1,,,,1747581461.638
536,367014127,1747581462044,3,0.0001,4.761e-05,117.51,BTC-30MAY25-200000-C,105447.66,buy,0.1,0.1,,,,1747581462.044
537,367014128,1747581462450,3,0.0001,4.761e-05,117.51,BTC-30MAY25-200000-C,105447.66,buy,0.1,0.1,,,,1747581462.45
538,367014130,1747581462856,3,0.0001,4.761e-05,117.5,BTC-30MAY25-200000-C,105448.97,buy,0.1,0.1,,,,1747581462.856
539,367014132,1747581463262,3,0.0001,4.761e-05,117.5,BTC-30MAY25-200000-C,105448.97,buy,0.1,0.1,,,,1747581463.262
540,367014133,1747581463771,3,0.0001,4.762e-05,117.5,BTC-30MAY25-200000-C,105449.07,buy,0.1,0.1,,,,1747581463.771
541,367014134,1747581464178,3,0.0001,4.762e-05,117.5,BTC-30MAY25-200000-C,105449.07,buy,0.1,0.1,,,,1747581464.178
542,367014135,1747581464591,3,0.0001,4.763e-05,117.5,BTC-30MAY25-200000-C,105449.13,buy,0.1,0.1,,,,1747581464.591
543,367014137,1747581465099,3,0.0001,4.763e-05,117.5,BTC-30MAY25-200000-C,105449.13,buy,0.1,0.1,,,,1747581465.099
544,367014138,1747581465502,3,0.0001,4.763e-05,117.5,BTC-30MAY25-200000-C,105449.27,buy,0.1,0.1,,,,1747581465.502
545,367014139,1747581466011,3,0.0001,4.763e-05,117.5,BTC-30MAY25-200000-C,105449.27,buy,0.1,0.1,,,,1747581466.011
546,367014141,1747581466421,3,0.0001,4.763e-05,117.5,BTC-30MAY25-200000-C,105449.27,buy,0.1,0.1,,,,1747581466.421
547,367014143,1747581466931,3,0.0001,4.763e-05,117.5,BTC-30MAY25-200000-C,105449.26,buy,0.1,0.1,,,,1747581466.931
548,367014144,1747581467437,3,0.0001,4.763e-05,117.5,BTC-30MAY25-200000-C,105449.26,buy,0.1,0.1,,,,1747581467.437
549,367014145,1747581467943,3,0.0001,4.763e-05,117.5,BTC-30MAY25-200000-C,105449.33,buy,0.1,0.1,,,,1747581467.943
550,367014147,1747581468452,3,0.0001,4.763e-05,117.5,BTC-30MAY25-200000-C,105449.33,buy,0.1,0.1,,,,1747581468.452
551,367014148,1747581468961,3,0.0001,4.763e-05,117.5,BTC-30MAY25-200000-C,105449.36,buy,0.1,0.1,,,,1747581468.961
552,367014150,1747581469474,3,0.0001,4.763e-05,117.5,BTC-30MAY25-200000-C,105449.36,buy,0.1,0.1,,,,1747581469.474
553,367014152,1747581470007,3,0.0001,4.763e-05,117.5,BTC-30MAY25-200000-C,105449.86,buy,0.1,0.1,,,,1747581470.007
554,367014155,1747581470493,3,0.0001,4.764e-05,117.51,BTC-30MAY25-200000-C,105444.84,buy,0.1,0.1,,,,1747581470.493
555,367014156,1747581471101,3,0.0001,4.764e-05,117.51,BTC-30MAY25-200000-C,105444.84,buy,0.1,0.1,,,,1747581471.101
556,367014163,1747581471709,3,0.0001,4.764e-05,117.51,BTC-30MAY25-200000-C,105442.35,buy,0.1,0.1,,,,1747581471.709
557,367014167,1747581472312,3,0.0001,4.764e-05,117.51,BTC-30MAY25-200000-C,105442.35,buy,0.1,0.1,,,,1747581472.312
558,367014168,1747581472941,3,0.0001,4.758e-05,117.51,BTC-30MAY25-200000-C,105441.27,buy,0.1,0.1,,,,1747581472.941
559,367014215,1747581473736,3,0.0001,4.758e-05,117.55,BTC-30MAY25-200000-C,105420.64,buy,0.1,0.1,,,,1747581473.736
560,367014216,1747581474146,3,0.0001,4.758e-05,117.55,BTC-30MAY25-200000-C,105420.64,buy,0.1,0.1,,,,1747581474.146
561,367014217,1747581474761,3,0.0001,4.757e-05,117.55,BTC-30MAY25-200000-C,105420.43,buy,0.1,0.1,,,,1747581474.761
562,367014220,1747581475371,3,0.0001,4.757e-05,117.55,BTC-30MAY25-200000-C,105420.43,buy,0.1,0.1,,,,1747581475.371
563,367014222,1747581475977,3,0.0001,4.739e-05,117.55,BTC-30MAY25-200000-C,105422.14,buy,0.1,0.1,,,,1747581475.977
564,367014223,1747581476587,3,0.0001,4.739e-05,117.53,BTC-30MAY25-200000-C,105434.61,buy,0.1,0.1,,,,1747581476.587
565,367014226,1747581477202,3,0.0001,4.739e-05,117.53,BTC-30MAY25-200000-C,105434.61,buy,0.1,0.1,,,,1747581477.202
566,367014227,1747581477906,3,0.0001,4.74e-05,117.53,BTC-30MAY25-200000-C,105435.86,buy,0.1,0.1,,,,1747581477.906
567,367014232,1747581478614,3,0.0001,4.75e-05,117.52,BTC-30MAY25-200000-C,105438.26,buy,0.1,0.1,,,,1747581478.614
568,367014238,1747581479321,3,0.0001,4.75e-05,117.52,BTC-30MAY25-200000-C,105438.26,buy,0.1,0.1,,,,1747581479.321
569,367014244,1747581480034,3,0.0001,4.753e-05,117.51,BTC-30MAY25-200000-C,105444.91,buy,0.1,0.1,,,,1747581480.034
570,367014251,1747581480744,3,0.0001,4.753e-05,117.51,BTC-30MAY25-200000-C,105445.83,buy,0.1,0.1,,,,1747581480.744
571,367014254,1747581481570,3,0.0001,4.758e-05,117.5,BTC-30MAY25-200000-C,105450.74,buy,0.1,0.1,,,,1747581481.57
572,367014256,1747581482281,3,0.0001,4.758e-05,117.5,BTC-30MAY25-200000-C,105450.74,buy,0.1,0.1,,,,1747581482.281
573,367014257,1747581483093,3,0.0001,4.763e-05,117.5,BTC-30MAY25-200000-C,105453.82,buy,0.1,0.1,,,,1747581483.093
574,367014261,1747581484005,3,0.0001,4.765e-05,117.5,BTC-30MAY25-200000-C,105453.0,buy,0.1,0.1,,,,1747581484.005
575,367014282,1747581484608,3,0.0001,4.765e-05,117.52,BTC-30MAY25-200000-C,105442.16,buy,0.1,0.1,,,,1747581484.608
576,367014284,1747581485512,3,0.0001,4.755e-05,117.52,BTC-30MAY25-200000-C,105441.81,buy,0.1,0.1,,,,1747581485.512
577,367014295,1747581486441,3,0.0001,4.755e-05,117.52,BTC-30MAY25-200000-C,105441.81,buy,0.1,0.1,,,,1747581486.441
578,367014300,1747581486686,3,0.0001,4.755e-05,117.51,BTC-30MAY25-200000-C,105448.46,buy,6.8,6.8,,,,1747581486.686
579,367014301,1747581486688,3,0.0001,4.755e-05,117.51,BTC-30MAY25-200000-C,105448.46,sell,1.2,1.2,,,,1747581486.688
580,367552586,1747777080008,3,0.0001,1.244e-05,129.34,BTC-30MAY25-200000-C,106417.5,buy,0.1,0.1,,,,1747777080.008
582,367685279,1747841229600,3,0.0001,1.161e-05,130.06,BTC-30MAY25-200000-C,109105.74,buy,2.0,2.0,,,,1747841229.6
581,367685278,1747841229600,3,0.0001,1.161e-05,130.06,BTC-30MAY25-200000-C,109105.74,buy,0.1,0.1,,,,1747841229.6
583,367685280,1747841229600,3,0.0001,1.161e-05,130.06,BTC-30MAY25-200000-C,109105.74,buy,0.9,0.9,,,,1747841229.6
584,367685281,1747841229602,3,0.0001,1.161e-05,130.06,BTC-30MAY25-200000-C,109105.74,sell,10.0,10.0,,,,1747841229.602
585,367685303,1747841237470,3,0.0001,1.168e-05,130.05,BTC-30MAY25-200000-C,109110.78,sell,0.5,0.5,,,,1747841237.47
586,367685304,1747841237472,3,0.0001,1.168e-05,130.05,BTC-30MAY25-200000-C,109110.78,sell,1.5,1.5,,,,1747841237.472
587,367958521,1747895107523,3,0.0001,9.94e-06,131.55,BTC-30MAY25-200000-C,110985.05,sell,1.0,1.0,,,,1747895107.523
588,368029358,1747918216143,3,0.0001,8.59e-06,132.84,BTC-30MAY25-200000-C,111487.57,sell,0.1,0.1,,,,1747918216.143
589,368128105,1747942259676,3,0.0001,7.08e-06,134.48,BTC-30MAY25-200000-C,111893.65,sell,0.1,0.1,,,,1747942259.676
590,368141428,1747946989976,3,0.0001,5.56e-06,136.47,BTC-30MAY25-200000-C,111154.29,sell,0.4,0.4,,,,1747946989.976
591,368549541,1748163841001,3,0.0001,5e-08,176.89,BTC-30MAY25-200000-C,107223.27,buy,3.0,3.0,,,,1748163841.001
592,368549542,1748163841003,3,0.0001,5e-08,176.89,BTC-30MAY25-200000-C,107223.27,sell,2.0,2.0,,,,1748163841.003
