trade_seq,trade_id,timestamp,tick_direction,price,mark_price,iv,instrument_name,index_price,direction,contracts,amount,block_trade_leg_count,block_trade_id,block_rfq_id,combo_id,combo_trade_id,liquidation,unix_sec
1489,364032365,1746055087933,2,0.005,0.0054965,47.56,BTC-30MAY25-115000-C,94290.97,sell,0.1,0.1,,,,,,,1746055087.933
1490,364032656,1746055687938,3,0.005,0.0054549,47.59,BTC-30MAY25-115000-C,94280.62,sell,0.1,0.1,,,,,,,1746055687.938
1491,364035392,1746058632972,3,0.005,0.00535274,47.62,BTC-30MAY25-115000-C,94287.65,sell,0.1,0.1,,,,,,,1746058632.972
1492,364035706,1746059232987,3,0.005,0.00532561,47.56,BTC-30MAY25-115000-C,94320.82,sell,0.1,0.1,,,,,,,1746059232.987
1493,364037835,1746062251074,3,0.005,0.00537425,46.93,BTC-30MAY25-115000-C,94658.56,sell,0.1,0.1,,,,,,,1746062251.074
1494,364038281,1746062851100,3,0.005,0.0052875,46.96,BTC-30MAY25-115000-C,94665.47,sell,0.1,0.1,,,,,,,1746062851.1
1495,364039632,1746064845262,0,0.0055,0.00528196,48.04,BTC-30MAY25-115000-C,94680.9,buy,0.1,0.1,,,,,,,1746064845.262
1496,364039944,1746065265150,1,0.0055,0.00531533,47.92,BTC-30MAY25-115000-C,94743.86,buy,0.1,0.1,,,,,,,1746065265.15
1497,364039958,1746065265315,1,0.0055,0.00531533,47.92,BTC-30MAY25-115000-C,94743.86,buy,0.1,0.1,,,,,,,1746065265.315
1498,364040078,1746065274983,1,0.0055,0.00536346,47.84,BTC-30MAY25-115000-C,94784.14,buy,0.1,0.1,,,,,,,1746065274.983
1499,364040159,1746065352410,1,0.0055,0.00534038,47.84,BTC-30MAY25-115000-C,94785.86,buy,0.7,0.7,,,,,,,1746065352.41
1500,364040160,1746065352449,1,0.0055,0.00534038,47.84,BTC-30MAY25-115000-C,94785.86,buy,0.2,0.2,,,,,,,1746065352.449
1501,364043897,1746069477843,1,0.0055,0.0056061,47.97,BTC-30MAY25-115000-C,94740.05,sell,0.1,0.1,,,,,,,1746069477.843
1502,364044087,1746070077881,1,0.0055,0.00573908,47.84,BTC-30MAY25-115000-C,94794.17,sell,0.1,0.1,,,,,,,1746070077.881
1503,364046668,1746073649340,1,0.0055,0.00571348,47.94,BTC-30MAY25-115000-C,94782.35,sell,0.1,0.1,,,,,,,1746073649.34
1504,364046868,1746074249081,1,0.0055,0.00577657,47.86,BTC-30MAY25-115000-C,94810.2,sell,0.1,0.1,,,,,,,1746074249.081
1505,364048352,1746076716718,1,0.0055,0.00574402,47.64,BTC-30MAY25-115000-C,94939.38,sell,0.1,0.1,,,,,,,1746076716.718
1506,364048692,1746077256738,1,0.0055,0.00572492,47.71,BTC-30MAY25-115000-C,94903.14,sell,0.1,0.1,,,,,,,1746077256.738
1507,364051182,1746080247547,1,0.0055,0.00573286,47.35,BTC-30MAY25-115000-C,95085.86,sell,0.1,0.1,,,,,,,1746080247.547
1508,364051712,1746080847847,1,0.0055,0.00571219,47.48,BTC-30MAY25-115000-C,95027.68,sell,0.1,0.1,,,,,,,1746080847.847
1509,364053754,1746083873272,1,0.0055,0.00576326,47.61,BTC-30MAY25-115000-C,94967.95,sell,0.1,0.1,,,,,,,1746083873.272
1510,364054378,1746084472729,1,0.0055,0.00577574,47.52,BTC-30MAY25-115000-C,95011.9,sell,0.1,0.1,,,,,,,1746084472.729
1511,364056711,1746087441330,1,0.0055,0.00583242,47.35,BTC-30MAY25-115000-C,95094.51,sell,0.1,0.1,,,,,,,1746087441.33
1512,364057259,1746088041063,1,0.0055,0.00575298,47.34,BTC-30MAY25-115000-C,95107.87,sell,0.1,0.1,,,,,,,1746088041.063
1513,364058663,1746089938007,0,0.006,0.00589465,48.18,BTC-30MAY25-115000-C,95203.42,buy,0.2,0.2,,,,,,,1746089938.007
1514,364059250,1746091007022,1,0.006,0.00581356,48.2,BTC-30MAY25-115000-C,95200.91,buy,0.2,0.2,,,,,,,1746091007.022
1515,364059251,1746091007022,1,0.006,0.00581356,48.2,BTC-30MAY25-115000-C,95200.91,buy,4.5,4.5,,,,,,,1746091007.022
1516,364062035,1746092909282,0,0.0065,0.00632996,48.6,BTC-30MAY25-115000-C,95474.37,buy,1.0,1.0,,,,,,,1746092909.282
1517,364064109,1746093183497,1,0.0065,0.00669664,48.08,BTC-30MAY25-115000-C,95745.12,sell,0.1,0.1,,,,,,,1746093183.497
1518,364064110,1746093183497,1,0.0065,0.00669664,48.08,BTC-30MAY25-115000-C,95745.12,sell,0.9,0.9,,,,,,,1746093183.497
1520,364068837,1746094675131,1,0.007,0.00706581,48.42,BTC-30MAY25-115000-C,96030.61,buy,1.0,1.0,,,,,,,1746094675.131
1519,364068836,1746094675131,0,0.007,0.00706581,48.42,BTC-30MAY25-115000-C,96030.61,buy,0.3,0.3,,,,,,,1746094675.131
1521,364068838,1746094675131,1,0.007,0.00706581,48.42,BTC-30MAY25-115000-C,96030.61,buy,0.1,0.1,,,,,,,1746094675.131
1522,364069754,1746094806180,0,0.0075,0.00726614,48.93,BTC-30MAY25-115000-C,96227.43,buy,0.1,0.1,,,,,,,1746094806.18
1523,364071533,1746095015134,2,0.007,0.00715024,48.19,BTC-30MAY25-115000-C,96171.31,sell,0.1,0.1,,,,,,,1746095015.134
1524,364075065,1746096273384,0,0.0075,0.0073253,49.13,BTC-30MAY25-115000-C,96148.4,buy,0.1,0.1,,,,,,,1746096273.384
1525,364075160,1746096335863,2,0.007,0.00733916,48.25,BTC-30MAY25-115000-C,96132.57,sell,0.1,0.1,,,,,,,1746096335.863
1526,364076175,1746096738150,3,0.007,0.00729463,48.35,BTC-30MAY25-115000-C,96078.79,sell,0.1,0.1,,,,,,,1746096738.15
1527,364077650,1746097469354,3,0.007,0.00736535,48.18,BTC-30MAY25-115000-C,96170.91,sell,0.1,0.1,,,,,,,1746097469.354
1528,364077665,1746097493687,0,0.0075,0.00736529,49.08,BTC-30MAY25-115000-C,96175.35,buy,0.1,0.1,,,,,,,1746097493.687
1529,364077667,1746097493857,1,0.0075,0.00736529,49.08,BTC-30MAY25-115000-C,96175.35,buy,0.1,0.1,,,,,,,1746097493.857
1532,364077670,1746097493878,1,0.0075,0.00736529,49.08,BTC-30MAY25-115000-C,96175.35,buy,0.1,0.1,,,,,,,1746097493.878
1530,364077668,1746097493878,1,0.0075,0.00736529,49.08,BTC-30MAY25-115000-C,96175.35,buy,0.1,0.1,,,,,,,1746097493.878
1531,364077669,1746097493878,1,0.0075,0.00736529,49.08,BTC-30MAY25-115000-C,96175.35,buy,0.1,0.1,,,,,,,1746097493.878
1533,364077671,1746097493879,1,0.0075,0.00736529,49.08,BTC-30MAY25-115000-C,96175.35,buy,0.1,0.1,,,,,,,1746097493.879
1535,364077673,1746097493880,1,0.0075,0.00736529,49.08,BTC-30MAY25-115000-C,96175.35,buy,0.2,0.2,,,,,,,1746097493.88
1536,364077674,1746097493880,1,0.0075,0.00736529,49.08,BTC-30MAY25-115000-C,96175.35,buy,0.1,0.1,,,,,,,1746097493.88
1534,364077672,1746097493880,1,0.0075,0.00736529,49.08,BTC-30MAY25-115000-C,96175.35,buy,0.1,0.1,,,,,,,1746097493.88
1538,364077676,1746097493881,1,0.0075,0.00736529,49.08,BTC-30MAY25-115000-C,96175.35,buy,0.1,0.1,,,,,,,1746097493.881
1537,364077675,1746097493881,1,0.0075,0.00736529,49.08,BTC-30MAY25-115000-C,96175.35,buy,0.2,0.2,,,,,,,1746097493.881
1539,364077729,1746097511606,1,0.0075,0.00736904,49.09,BTC-30MAY25-115000-C,96169.18,sell,0.2,0.2,,,,,,,1746097511.606
1540,364077730,1746097511607,1,0.0075,0.00736904,49.09,BTC-30MAY25-115000-C,96169.18,sell,0.2,0.2,,,,,,,1746097511.607
1541,364079361,1746098253812,2,0.007,0.00722851,48.28,BTC-30MAY25-115000-C,96110.89,sell,0.2,0.2,,,,,,,1746098253.812
1542,364079362,1746098253813,3,0.007,0.00722851,48.28,BTC-30MAY25-115000-C,96110.89,sell,0.2,0.2,,,,,,,1746098253.813
1543,364079363,1746098253861,3,0.007,0.00722851,48.28,BTC-30MAY25-115000-C,96110.89,sell,0.2,0.2,,,,,,,1746098253.861
1544,364079364,1746098253991,3,0.007,0.00722851,48.28,BTC-30MAY25-115000-C,96110.89,sell,0.4,0.4,,,,,,,1746098253.991
1545,364079365,1746098254001,3,0.007,0.00722851,48.28,BTC-30MAY25-115000-C,96110.89,sell,0.2,0.2,,,,,,,1746098254.001
1546,364079366,1746098254003,3,0.007,0.00722851,48.28,BTC-30MAY25-115000-C,96110.89,sell,0.2,0.2,,,,,,,1746098254.003
1547,364079367,1746098254047,3,0.007,0.00722851,48.28,BTC-30MAY25-115000-C,96110.89,sell,0.2,0.2,,,,,,,1746098254.047
1551,364086092,1746099679290,1,0.0075,0.00736293,49.18,BTC-30MAY25-115000-C,96106.16,buy,1.3,1.3,,,,,,,1746099679.29
1549,364086090,1746099679290,1,0.0075,0.00736293,49.18,BTC-30MAY25-115000-C,96106.16,buy,1.0,1.0,,,,,,,1746099679.29
1552,364086093,1746099679290,1,0.0075,0.00736293,49.18,BTC-30MAY25-115000-C,96106.16,buy,1.2,1.2,,,,,,,1746099679.29
1550,364086091,1746099679290,1,0.0075,0.00736293,49.18,BTC-30MAY25-115000-C,96106.16,buy,5.9,5.9,,,,,,,1746099679.29
1548,364086089,1746099679290,0,0.0075,0.00736293,49.18,BTC-30MAY25-115000-C,96106.16,buy,1.4,1.4,,,,,,,1746099679.29
1553,364086094,1746099679290,1,0.0075,0.00736293,49.18,BTC-30MAY25-115000-C,96106.16,buy,0.1,0.1,,,,,,,1746099679.29
1554,364086095,1746099680123,1,0.0075,0.00736293,49.18,BTC-30MAY25-115000-C,96106.16,sell,0.1,0.1,,,,,,,1746099680.123
1555,364090287,1746101392216,1,0.0075,0.00751341,48.93,BTC-30MAY25-115000-C,96268.11,sell,0.2,0.2,,,,,,,1746101392.216
1556,364090564,1746101476020,1,0.0075,0.00750938,48.93,BTC-30MAY25-115000-C,96272.54,buy,0.1,0.1,,,,,,,1746101476.02
1557,364090909,1746101567009,1,0.0075,0.00750701,48.91,BTC-30MAY25-115000-C,96284.43,sell,0.1,0.1,,,,,,,1746101567.009
1558,364090933,1746101592012,1,0.0075,0.00750957,48.9,BTC-30MAY25-115000-C,96288.22,buy,0.1,0.1,,,,,,,1746101592.012
1559,364101081,1746104807338,1,0.0075,0.00788439,48.62,BTC-30MAY25-115000-C,96446.21,sell,0.1,0.1,,,,,,,1746104807.338
1560,364102924,1746105358124,0,0.008,0.00794219,49.31,BTC-30MAY25-115000-C,96526.63,buy,0.1,0.1,,,,,,,1746105358.124
1561,364103046,1746105436261,1,0.008,0.00790829,49.36,BTC-30MAY25-115000-C,96509.98,buy,0.1,0.1,,,,,,,1746105436.261
1562,364103564,1746105785330,1,0.008,0.00797051,49.19,BTC-30MAY25-115000-C,96578.23,buy,0.8,0.8,,,,,,,1746105785.33
1563,364104894,1746106036027,0,0.0085,0.00801012,50.02,BTC-30MAY25-115000-C,96610.89,buy,0.1,0.1,,,,,,,1746106036.027
1565,364105118,1746106165620,3,0.008,0.00802799,49.13,BTC-30MAY25-115000-C,96623.84,sell,0.2,0.2,,,,,,,1746106165.62
1564,364105117,1746106165620,2,0.008,0.00802799,49.13,BTC-30MAY25-115000-C,96623.84,sell,0.1,0.1,,,,,,,1746106165.62
1566,364110247,1746107157739,3,0.008,0.00777869,50.28,BTC-30MAY25-115000-C,96090.52,sell,0.1,0.1,,,,,,,1746107157.739
1567,364110250,1746107157789,3,0.008,0.00777869,50.28,BTC-30MAY25-115000-C,96090.52,sell,0.1,0.1,,,,,,,1746107157.789
1568,364110251,1746107157855,3,0.008,0.00777869,50.28,BTC-30MAY25-115000-C,96090.52,sell,0.1,0.1,,,,,,,1746107157.855
1569,364110257,1746107157873,3,0.008,0.00777869,50.28,BTC-30MAY25-115000-C,96090.52,sell,0.4,0.4,,,,,,,1746107157.873
1570,364110272,1746107157918,3,0.008,0.00777869,50.28,BTC-30MAY25-115000-C,96090.52,sell,0.1,0.1,,,,,,,1746107157.918
1571,364110274,1746107157943,3,0.008,0.00777869,50.28,BTC-30MAY25-115000-C,96090.52,sell,0.2,0.2,,,,,,,1746107157.943
1572,364110285,1746107158014,3,0.008,0.00777869,50.28,BTC-30MAY25-115000-C,96090.52,sell,0.1,0.1,,,,,,,1746107158.014
1573,364110294,1746107162640,3,0.008,0.00775817,50.33,BTC-30MAY25-115000-C,96069.01,sell,0.3,0.3,,,,,,,1746107162.64
1574,364110295,1746107162649,3,0.008,0.00775817,50.33,BTC-30MAY25-115000-C,96069.01,sell,0.1,0.1,,,,,,,1746107162.649
1575,364110310,1746107162892,3,0.008,0.00775656,50.34,BTC-30MAY25-115000-C,96065.65,sell,0.1,0.1,,,,,,,1746107162.892
1576,364110311,1746107162940,3,0.008,0.00775656,50.34,BTC-30MAY25-115000-C,96065.65,sell,0.1,0.1,,,,,,,1746107162.94
1577,364110463,1746107169980,3,0.008,0.00775068,50.35,BTC-30MAY25-115000-C,96058.74,sell,1.9,1.9,,,,,,,1746107169.98
1578,364110464,1746107170134,3,0.008,0.00775068,50.35,BTC-30MAY25-115000-C,96058.74,sell,1.4,1.4,,,,,,,1746107170.134
1579,364111660,1746107376914,2,0.0078,0.00794661,49.71,BTC-30MAY25-115000-C,96193.55,buy,100.0,100.0,4.0,BLOCK-195455,2659.0,,,,1746107376.914
1580,364121117,1746109633169,2,0.0075,0.007941,48.74,BTC-30MAY25-115000-C,96432.08,sell,0.1,0.1,,,,,,,1746109633.169
1581,364123437,1746110576293,0,0.008,0.00808822,49.19,BTC-30MAY25-115000-C,96659.87,sell,0.1,0.1,,,,,,,1746110576.293
1582,364123466,1746110600832,1,0.008,0.00804001,49.26,BTC-30MAY25-115000-C,96624.96,buy,2.2,2.2,,,,,,,1746110600.832
1583,364123740,1746110742199,1,0.008,0.00784189,49.64,BTC-30MAY25-115000-C,96439.41,buy,2.0,2.0,,,,,,,1746110742.199
1584,364126682,1746111638864,0,0.0085,0.00837701,49.56,BTC-30MAY25-115000-C,96885.38,buy,12.5,12.5,2.0,BLOCK-195489,,BTC-CSR12-30MAY25-115000_125000,,,1746111638.864
1585,364128785,1746112028443,1,0.0085,0.00839287,49.45,BTC-30MAY25-115000-C,96942.9,buy,0.9,0.9,,,,,,,1746112028.443
1586,364128786,1746112028445,1,0.0085,0.00839287,49.45,BTC-30MAY25-115000-C,96942.9,sell,0.1,0.1,,,,,,,1746112028.445
1587,364133938,1746112630657,0,0.009,0.00864506,49.72,BTC-30MAY25-115000-C,97225.31,buy,0.1,0.1,,,,,,,1746112630.657
1588,364137496,1746113229546,1,0.009,0.00853687,49.91,BTC-30MAY25-115000-C,97113.64,buy,0.1,0.1,,,,,,,1746113229.546
1589,364138103,1746113362908,2,0.0085,0.0086342,48.89,BTC-30MAY25-115000-C,97215.32,sell,0.1,0.1,,,,,,,1746113362.908
1590,364138104,1746113362910,3,0.0085,0.0086342,48.89,BTC-30MAY25-115000-C,97215.32,buy,0.9,0.9,,,,,,,1746113362.91
1592,364138109,1746113370971,3,0.0085,0.00863472,48.88,BTC-30MAY25-115000-C,97222.59,buy,0.1,0.1,,,,,,,1746113370.971
1591,364138108,1746113370971,3,0.0085,0.00863472,48.88,BTC-30MAY25-115000-C,97222.59,buy,0.9,0.9,,,,,,,1746113370.971
1593,364139583,1746113779349,3,0.0085,0.00844012,49.23,BTC-30MAY25-115000-C,97054.67,buy,0.9,0.9,,,,,,,1746113779.349
1594,364139584,1746113779352,3,0.0085,0.00844012,49.23,BTC-30MAY25-115000-C,97054.67,buy,0.1,0.1,,,,,,,1746113779.352
1595,364139776,1746113845292,3,0.0085,0.00859111,48.97,BTC-30MAY25-115000-C,97172.64,sell,0.1,0.1,,,,,,,1746113845.292
1596,364139777,1746113845308,3,0.0085,0.00859111,48.97,BTC-30MAY25-115000-C,97172.64,buy,0.8,0.8,,,,,,,1746113845.308
1597,364139778,1746113845309,3,0.0085,0.00859111,48.97,BTC-30MAY25-115000-C,97172.64,buy,0.1,0.1,,,,,,,1746113845.309
1598,364140893,1746114170172,0,0.0086,0.00854446,49.16,BTC-30MAY25-115000-C,97172.49,sell,25.0,25.0,2.0,BLOCK-195502,,BTC-CS-30MAY25-110000_115000,,,1746114170.172
1599,364145090,1746116236512,0,0.009,0.00833951,50.31,BTC-30MAY25-115000-C,96955.03,buy,0.1,0.1,,,,,,,1746116236.512
1600,364145093,1746116240169,2,0.0085,0.00833058,49.48,BTC-30MAY25-115000-C,96950.73,sell,0.1,0.1,,,,,,,1746116240.169
1601,364149765,1746118414962,3,0.0085,0.00850575,49.08,BTC-30MAY25-115000-C,97151.35,sell,0.1,0.1,,,,,,,1746118414.962
1602,364150089,1746118502167,3,0.0085,0.00853586,49.03,BTC-30MAY25-115000-C,97165.52,buy,0.2,0.2,,,,,,,1746118502.167
1603,364150291,1746118572850,3,0.0085,0.00856407,48.96,BTC-30MAY25-115000-C,97193.37,sell,0.7,0.7,,,,,,,1746118572.85
1604,364151281,1746118874262,3,0.0085,0.00841638,49.24,BTC-30MAY25-115000-C,97060.46,sell,0.1,0.1,,,,,,,1746118874.262
1605,364151446,1746118939829,3,0.0085,0.00851674,49.07,BTC-30MAY25-115000-C,97127.62,sell,0.2,0.2,,,,,,,1746118939.829
1606,364151976,1746119174315,3,0.0085,0.00850982,48.98,BTC-30MAY25-115000-C,97187.96,sell,0.1,0.1,,,,,,,1746119174.315
1607,364152351,1746119539437,3,0.0085,0.00851691,48.92,BTC-30MAY25-115000-C,97219.7,sell,0.1,0.1,,,,,,,1746119539.437
1608,364152806,1746119839496,3,0.0085,0.00857719,48.82,BTC-30MAY25-115000-C,97268.36,sell,0.1,0.1,,,,,,,1746119839.496
1609,364153154,1746120139537,3,0.0085,0.00851226,48.92,BTC-30MAY25-115000-C,97228.39,sell,0.1,0.1,,,,,,,1746120139.537
1610,364158601,1746123014034,2,0.008,0.0080532,49.01,BTC-30MAY25-115000-C,96794.51,sell,0.1,0.1,,,,,,,1746123014.034
1611,364158602,1746123014034,3,0.008,0.0080532,49.01,BTC-30MAY25-115000-C,96794.51,sell,0.2,0.2,,,,,,,1746123014.034
1612,364162298,1746125471947,3,0.008,0.00806109,48.67,BTC-30MAY25-115000-C,96975.42,buy,0.1,0.1,,,,,,,1746125471.947
1613,364165382,1746127085470,3,0.008,0.00780993,49.49,BTC-30MAY25-115000-C,96586.41,buy,0.1,0.1,,,,,,,1746127085.47
1614,364166411,1746127684927,3,0.008,0.00783448,49.65,BTC-30MAY25-115000-C,96527.52,buy,0.1,0.1,,,,,,,1746127684.927
1615,364170440,1746130571916,3,0.008,0.00817976,49.02,BTC-30MAY25-115000-C,96866.31,buy,0.4,0.4,,,,,,,1746130571.916
1616,364170806,1746130683250,0,0.0085,0.00815689,49.86,BTC-30MAY25-115000-C,96864.2,buy,0.1,0.1,,,,,,,1746130683.25
1617,364171702,1746131207276,2,0.0081,0.00818946,49.16,BTC-30MAY25-115000-C,96888.73,sell,12.5,12.5,2.0,BLOCK-195525,,BTC-CS-30MAY25-110000_115000,,,1746131207.276
1620,364171777,1746131234237,3,0.008,0.0082291,48.94,BTC-30MAY25-115000-C,96901.8,sell,0.6,0.6,,,,,,,1746131234.237
1618,364171775,1746131234237,2,0.008,0.0082291,48.94,BTC-30MAY25-115000-C,96901.8,sell,0.1,0.1,,,,,,,1746131234.237
1621,364171778,1746131234237,3,0.008,0.0082291,48.94,BTC-30MAY25-115000-C,96901.8,sell,1.3,1.3,,,,,,,1746131234.237
1622,364171779,1746131234237,3,0.008,0.0082291,48.94,BTC-30MAY25-115000-C,96901.8,sell,0.1,0.1,,,,,,,1746131234.237
1619,364171776,1746131234237,3,0.008,0.0082291,48.94,BTC-30MAY25-115000-C,96901.8,sell,1.2,1.2,,,,,,,1746131234.237
1623,364174137,1746133547325,3,0.008,0.00792801,49.51,BTC-30MAY25-115000-C,96616.05,sell,0.2,0.2,,,,,,,1746133547.325
1624,364176528,1746137267027,3,0.008,0.00788356,49.65,BTC-30MAY25-115000-C,96544.05,buy,0.2,0.2,,,,,,,1746137267.027
1625,364179984,1746141505842,3,0.008,0.00760455,50.09,BTC-30MAY25-115000-C,96383.59,buy,0.1,0.1,,,,,,,1746141505.842
1626,364180620,1746142045582,3,0.008,0.0076417,49.88,BTC-30MAY25-115000-C,96481.2,buy,0.1,0.1,,,,,,,1746142045.582
1628,364180623,1746142046934,3,0.0075,0.00764188,48.98,BTC-30MAY25-115000-C,96482.82,sell,0.8,0.8,,,,,,,1746142046.934
1627,364180622,1746142046934,2,0.0075,0.00764188,48.98,BTC-30MAY25-115000-C,96482.82,sell,0.1,0.1,,,,,,,1746142046.934
1629,364190167,1746148226330,0,0.008,0.00805128,48.66,BTC-30MAY25-115000-C,97094.13,sell,0.2,0.2,,,,,,,1746148226.33
1630,364191090,1746148747630,2,0.0075,0.00803281,47.67,BTC-30MAY25-115000-C,97124.62,sell,0.1,0.1,,,,,,,1746148747.63
1631,364195389,1746152231232,0,0.0085,0.00820603,50.05,BTC-30MAY25-115000-C,96824.17,buy,0.1,0.1,,,,,,,1746152231.232
1634,364195437,1746152381356,3,0.008,0.00825367,49.09,BTC-30MAY25-115000-C,96863.54,sell,0.5,0.5,,,,,,,1746152381.356
1633,364195436,1746152381356,3,0.008,0.00825367,49.09,BTC-30MAY25-115000-C,96863.54,sell,2.0,2.0,,,,,,,1746152381.356
1632,364195435,1746152381356,2,0.008,0.00825367,49.09,BTC-30MAY25-115000-C,96863.54,sell,0.5,0.5,,,,,,,1746152381.356
1635,364195858,1746152831239,0,0.009,0.00837841,50.52,BTC-30MAY25-115000-C,96978.33,buy,0.1,0.1,,,,,,,1746152831.239
1636,364199517,1746155624542,2,0.0086,0.0086659,49.55,BTC-30MAY25-115000-C,97130.78,buy,110.0,110.0,4.0,BLOCK-195563,2697.0,,,,1746155624.542
1637,364200217,1746156045824,0,0.009,0.00865916,50.33,BTC-30MAY25-115000-C,97083.15,buy,0.1,0.1,,,,,,,1746156045.824
1638,364200992,1746156645553,1,0.009,0.00882521,50.17,BTC-30MAY25-115000-C,97147.36,buy,0.1,0.1,,,,,,,1746156645.553
1639,364203381,1746157753233,1,0.009,0.00883237,50.05,BTC-30MAY25-115000-C,97232.63,buy,50.0,50.0,4.0,BLOCK-195567,2708.0,,,,1746157753.233
1640,364203542,1746157873265,2,0.0085,0.00877337,49.3,BTC-30MAY25-115000-C,97192.07,sell,0.1,0.1,,,,,,,1746157873.265
1641,364205850,1746159017884,0,0.009,0.00887782,49.98,BTC-30MAY25-115000-C,97269.6,buy,0.4,0.4,,,,,,,1746159017.884
1642,364206257,1746159473251,0,0.0095,0.00894822,51.01,BTC-30MAY25-115000-C,97155.47,buy,0.1,0.1,,,,,,,1746159473.251
1643,364206908,1746159733824,1,0.0095,0.00914868,50.9,BTC-30MAY25-115000-C,97181.07,buy,0.9,0.9,,,,,,,1746159733.824
1644,364207411,1746160073266,0,0.01,0.00945531,51.79,BTC-30MAY25-115000-C,97140.24,buy,0.1,0.1,,,,,,,1746160073.266
1645,364212981,1746162272367,2,0.0095,0.00954564,51.3,BTC-30MAY25-115000-C,96991.25,buy,55.0,55.0,4.0,BLOCK-195577,2715.0,,,,1746162272.367
1646,364214050,1746163150957,3,0.0095,0.0094285,51.52,BTC-30MAY25-115000-C,96912.1,sell,0.2,0.2,,,,,,,1746163150.957
1647,364214203,1746163295816,2,0.0094,0.00933484,51.53,BTC-30MAY25-115000-C,96855.82,buy,55.0,55.0,4.0,BLOCK-195584,2717.0,,,,1746163295.816
1648,364219202,1746166754026,0,0.0095,0.00944267,51.85,BTC-30MAY25-115000-C,96765.57,sell,0.2,0.2,,,,,,,1746166754.026
1649,364222006,1746167874541,0,0.0096,0.00935566,51.97,BTC-30MAY25-115000-C,96791.12,buy,75.0,75.0,4.0,BLOCK-195600,2719.0,BTC-IBUT-30MAY25-86000_98000_115000,,,1746167874.541
1650,364224506,1746169492111,2,0.009,0.00887427,51.41,BTC-30MAY25-115000-C,96613.85,sell,0.2,0.2,,,,,,,1746169492.111
1651,364232429,1746171380424,2,0.0085,0.00854167,50.74,BTC-30MAY25-115000-C,96536.15,sell,0.9,0.9,,,,,,,1746171380.424
1652,364242327,1746173716097,0,0.009,0.00875058,51.53,BTC-30MAY25-115000-C,96582.11,sell,0.2,0.2,,,,,,,1746173716.097
1653,364242455,1746173783780,1,0.009,0.00876108,51.53,BTC-30MAY25-115000-C,96588.31,buy,1.5,1.5,,,,,,,1746173783.78
1654,364246670,1746175252857,0,0.0093,0.00942453,51.62,BTC-30MAY25-115000-C,96723.12,sell,12.5,12.5,2.0,BLOCK-195637,,BTC-CS-30MAY25-110000_115000,,,1746175252.857
1655,364246797,1746175336848,0,0.0094,0.00947429,51.72,BTC-30MAY25-115000-C,96757.3,sell,12.5,12.5,2.0,BLOCK-195640,,BTC-CS-30MAY25-110000_115000,,,1746175336.848
1656,364247416,1746175818783,0,0.0095,0.00941931,51.99,BTC-30MAY25-115000-C,96714.59,sell,0.1,0.1,,,,,,,1746175818.783
1657,364247422,1746175824926,1,0.0095,0.00941842,51.99,BTC-30MAY25-115000-C,96713.72,sell,0.1,0.1,,,,,,,1746175824.926
1658,364247469,1746175880764,1,0.0095,0.00942404,52.0,BTC-30MAY25-115000-C,96709.74,sell,0.1,0.1,,,,,,,1746175880.764
1659,364247481,1746175896457,1,0.0095,0.00943626,51.97,BTC-30MAY25-115000-C,96718.71,sell,0.1,0.1,,,,,,,1746175896.457
1660,364247782,1746176033604,1,0.0095,0.00938566,52.02,BTC-30MAY25-115000-C,96695.32,buy,0.1,0.1,,,,,,,1746176033.604
1661,364247837,1746176073744,0,0.0096,0.0093852,52.17,BTC-30MAY25-115000-C,96700.06,buy,50.0,50.0,4.0,BLOCK-195650,2741.0,BTC-IBUT-30MAY25-85000_98000_115000,,,1746176073.744
1662,364247867,1746176118643,2,0.0095,0.00937086,52.01,BTC-30MAY25-115000-C,96702.78,buy,0.1,0.1,,,,,,,1746176118.643
1663,364247898,1746176126998,3,0.0095,0.00936738,52.01,BTC-30MAY25-115000-C,96701.7,buy,0.1,0.1,,,,,,,1746176126.998
1664,364247938,1746176161187,3,0.0095,0.00932876,52.07,BTC-30MAY25-115000-C,96680.81,buy,0.1,0.1,,,,,,,1746176161.187
1665,364248554,1746176417500,2,0.0094,0.0091391,52.2,BTC-30MAY25-115000-C,96547.48,buy,50.0,50.0,4.0,BLOCK-195651,2742.0,BTC-IBUT-30MAY25-85000_98000_115000,,,1746176417.5
1666,364250322,1746177001617,0,0.0095,0.00943488,51.91,BTC-30MAY25-115000-C,96776.39,sell,0.2,0.2,,,,,,,1746177001.617
1667,364250407,1746177068726,0,0.0096,0.00945934,52.05,BTC-30MAY25-115000-C,96788.71,sell,3.0,3.0,,,,BTC-STRG-30MAY25-85000_115000,364250405,,1746177068.726
1668,364252804,1746179766448,2,0.009,0.00897661,51.45,BTC-30MAY25-115000-C,96673.12,sell,0.1,0.1,,,,,,,1746179766.448
1669,364252822,1746179782307,3,0.009,0.00899188,51.43,BTC-30MAY25-115000-C,96681.37,sell,0.1,0.1,,,,,,,1746179782.307
1670,364252825,1746179792393,3,0.009,0.00899488,51.42,BTC-30MAY25-115000-C,96683.23,sell,0.1,0.1,,,,,,,1746179792.393
1671,364252857,1746179808646,3,0.009,0.00897815,51.46,BTC-30MAY25-115000-C,96668.0,sell,0.1,0.1,,,,,,,1746179808.646
1672,364252867,1746179829902,3,0.009,0.00898287,51.46,BTC-30MAY25-115000-C,96669.12,sell,0.1,0.1,,,,,,,1746179829.902
1673,364252901,1746179899977,3,0.009,0.00897203,51.47,BTC-30MAY25-115000-C,96664.36,sell,0.1,0.1,,,,,,,1746179899.977
1674,364253102,1746180006188,3,0.009,0.00896946,51.41,BTC-30MAY25-115000-C,96694.64,sell,0.1,0.1,,,,,,,1746180006.188
1675,364253178,1746180061809,3,0.009,0.00899069,51.45,BTC-30MAY25-115000-C,96672.31,sell,0.1,0.1,,,,,,,1746180061.809
1676,364253191,1746180089372,3,0.009,0.00898762,51.46,BTC-30MAY25-115000-C,96670.56,sell,0.1,0.1,,,,,,,1746180089.372
1677,364253244,1746180143929,3,0.009,0.00896888,51.49,BTC-30MAY25-115000-C,96656.88,sell,0.2,0.2,,,,,,,1746180143.929
1678,364253457,1746180272682,3,0.009,0.00907908,51.3,BTC-30MAY25-115000-C,96733.5,sell,0.1,0.1,,,,,,,1746180272.682
1679,364253901,1746180725817,2,0.0085,0.00903141,50.39,BTC-30MAY25-115000-C,96779.24,sell,0.9,0.9,,,,,,,1746180725.817
1680,364253902,1746180725817,3,0.0085,0.00903141,50.39,BTC-30MAY25-115000-C,96779.24,sell,0.1,0.1,,,,,,,1746180725.817
1681,364255844,1746181516597,3,0.0085,0.00898841,50.3,BTC-30MAY25-115000-C,96830.64,sell,1.0,1.0,,,,,,,1746181516.597
1682,364257048,1746182647026,3,0.0085,0.00892865,50.22,BTC-30MAY25-115000-C,96879.45,sell,0.1,0.1,,,,,,,1746182647.026
1683,364259108,1746184533906,3,0.0085,0.00900418,49.91,BTC-30MAY25-115000-C,97036.7,sell,0.2,0.2,,,,,,,1746184533.906
1684,364260611,1746186286093,0,0.009,0.00876989,50.89,BTC-30MAY25-115000-C,96992.13,buy,0.1,0.1,,,,,,,1746186286.093
1685,364260800,1746186645486,1,0.009,0.00874287,50.9,BTC-30MAY25-115000-C,96973.36,buy,0.1,0.1,,,,,,,1746186645.486
1686,364262970,1746188322481,1,0.009,0.00852567,51.23,BTC-30MAY25-115000-C,96860.21,buy,0.1,0.1,,,,,,,1746188322.481
1687,364262972,1746188323616,2,0.0085,0.00852412,50.38,BTC-30MAY25-115000-C,96860.3,sell,0.1,0.1,,,,,,,1746188323.616
1688,364271745,1746191215866,3,0.0085,0.0085491,49.87,BTC-30MAY25-115000-C,97145.62,sell,0.1,0.1,,,,,,,1746191215.866
1689,364271747,1746191215910,3,0.0085,0.0085491,49.87,BTC-30MAY25-115000-C,97145.62,sell,0.1,0.1,,,,,,,1746191215.91
1690,364282083,1746195139941,2,0.008,0.00787888,49.64,BTC-30MAY25-115000-C,96838.41,buy,0.2,0.2,,,,,,,1746195139.941
1691,364293828,1746198023702,0,0.0085,0.00886641,48.31,BTC-30MAY25-115000-C,97884.92,sell,0.1,0.1,,,,,,,1746198023.702
1692,364293829,1746198023702,1,0.0085,0.00886641,48.31,BTC-30MAY25-115000-C,97884.92,sell,0.1,0.1,,,,,,,1746198023.702
1693,364294345,1746198136067,0,0.009,0.00888556,49.07,BTC-30MAY25-115000-C,97907.2,buy,1.2,1.2,,,,,,,1746198136.067
1695,364294347,1746198136067,1,0.009,0.00888556,49.07,BTC-30MAY25-115000-C,97907.2,buy,1.0,1.0,,,,,,,1746198136.067
1694,364294346,1746198136067,1,0.009,0.00888556,49.07,BTC-30MAY25-115000-C,97907.2,buy,1.3,1.3,,,,,,,1746198136.067
1696,364294348,1746198136069,1,0.009,0.00888556,49.07,BTC-30MAY25-115000-C,97907.2,sell,6.5,6.5,,,,,,,1746198136.069
1697,364296160,1746198760993,2,0.0085,0.00850165,48.78,BTC-30MAY25-115000-C,97655.14,sell,0.2,0.2,,,,,,,1746198760.993
1698,364310792,1746202630345,3,0.0085,0.00815821,49.02,BTC-30MAY25-115000-C,97607.82,buy,0.1,0.1,,,,,,,1746202630.345
1699,364311472,1746203230075,0,0.009,0.00836486,49.42,BTC-30MAY25-115000-C,97818.57,buy,0.1,0.1,,,,,,,1746203230.075
1701,364315537,1746204913576,3,0.0075,0.00780306,47.56,BTC-30MAY25-115000-C,97493.23,sell,1.3,1.3,,,,,,,1746204913.576
1703,364315539,1746204913576,3,0.0075,0.00780306,47.56,BTC-30MAY25-115000-C,97493.23,sell,1.2,1.2,,,,,,,1746204913.576
1702,364315538,1746204913576,3,0.0075,0.00780306,47.56,BTC-30MAY25-115000-C,97493.23,sell,0.6,0.6,,,,,,,1746204913.576
1700,364315536,1746204913576,2,0.0075,0.00780306,47.56,BTC-30MAY25-115000-C,97493.23,sell,0.9,0.9,,,,,,,1746204913.576
1704,364316479,1746205344511,3,0.0075,0.0075227,47.91,BTC-30MAY25-115000-C,97323.81,sell,0.1,0.1,,,,,,,1746205344.511
1705,364316480,1746205344513,3,0.0075,0.0075227,47.91,BTC-30MAY25-115000-C,97323.81,buy,3.0,3.0,,,,,,,1746205344.513
1708,364317737,1746205952961,3,0.007,0.00722509,47.33,BTC-30MAY25-115000-C,97177.78,sell,15.0,15.0,,,,,,,1746205952.961
1709,364317738,1746205952961,3,0.007,0.00722509,47.33,BTC-30MAY25-115000-C,97177.78,sell,1.0,1.0,,,,,,,1746205952.961
1706,364317735,1746205952961,2,0.007,0.00722509,47.33,BTC-30MAY25-115000-C,97177.78,sell,0.1,0.1,,,,,,,1746205952.961
1707,364317736,1746205952961,3,0.007,0.00722509,47.33,BTC-30MAY25-115000-C,97177.78,sell,1.0,1.0,,,,,,,1746205952.961
1710,364317739,1746205952961,3,0.007,0.00722509,47.33,BTC-30MAY25-115000-C,97177.78,sell,2.9,2.9,,,,,,,1746205952.961
1711,364318420,1746206249568,0,0.0075,0.0071816,48.27,BTC-30MAY25-115000-C,97170.64,buy,0.1,0.1,,,,,,,1746206249.568
1712,364319040,1746206849453,1,0.0075,0.00732318,47.89,BTC-30MAY25-115000-C,97346.34,buy,0.1,0.1,,,,,,,1746206849.453
1713,364327141,1746209116527,1,0.0075,0.00734937,47.59,BTC-30MAY25-115000-C,97531.44,buy,1.7,1.7,,,,,,,1746209116.527
1714,364327142,1746209116527,1,0.0075,0.00734937,47.59,BTC-30MAY25-115000-C,97531.44,buy,1.2,1.2,,,,,,,1746209116.527
1715,364327143,1746209116533,1,0.0075,0.00734937,47.59,BTC-30MAY25-115000-C,97531.44,sell,2.6,2.6,,,,,,,1746209116.533
1716,364329779,1746209557117,0,0.008,0.00768303,48.33,BTC-30MAY25-115000-C,97583.72,buy,0.1,0.1,,,,,,,1746209557.117
1717,364338195,1746214476728,2,0.007,0.0071235,47.69,BTC-30MAY25-115000-C,97062.79,sell,1.0,1.0,,,,,,,1746214476.728
1718,364348023,1746215944117,3,0.007,0.00698885,47.98,BTC-30MAY25-115000-C,96979.03,buy,0.1,0.1,,,,,,,1746215944.117
1719,364350615,1746217484879,3,0.007,0.00697814,47.81,BTC-30MAY25-115000-C,97007.66,buy,0.1,0.1,,,,,,,1746217484.879
1720,364359053,1746224825652,2,0.0065,0.00677653,47.46,BTC-30MAY25-115000-C,96726.83,sell,0.1,0.1,,,,,,,1746224825.652
1721,364362462,1746228427052,3,0.0065,0.00669887,47.49,BTC-30MAY25-115000-C,96746.44,sell,0.1,0.1,,,,,,,1746228427.052
1722,364364492,1746232038882,3,0.0065,0.00669208,47.42,BTC-30MAY25-115000-C,96816.47,sell,0.1,0.1,,,,,,,1746232038.882
1723,364368588,1746235643483,3,0.0065,0.00678602,47.75,BTC-30MAY25-115000-C,96644.24,sell,0.1,0.1,,,,,,,1746235643.483
1724,364373819,1746239509276,3,0.0065,0.00678232,47.64,BTC-30MAY25-115000-C,96717.13,sell,0.1,0.1,,,,,,,1746239509.276
1725,364377725,1746243805122,2,0.006,0.00637319,47.27,BTC-30MAY25-115000-C,96456.2,sell,0.1,0.1,,,,,,,1746243805.122
1726,364381062,1746245889680,2,0.0055,0.00600557,46.24,BTC-30MAY25-115000-C,96480.79,sell,0.1,0.1,,,,,,,1746245889.68
1727,364382062,1746246250024,0,0.006,0.00605364,47.17,BTC-30MAY25-115000-C,96542.31,sell,0.1,0.1,,,,,,,1746246250.024
1728,364385771,1746247660301,1,0.006,0.00601292,47.22,BTC-30MAY25-115000-C,96543.74,sell,0.1,0.1,,,,,,,1746247660.301
1729,364385782,1746247714879,2,0.0055,0.00601269,46.19,BTC-30MAY25-115000-C,96540.76,sell,1.0,1.0,,,,,,,1746247714.879
1730,364387636,1746249550733,0,0.006,0.00617638,47.2,BTC-30MAY25-115000-C,96549.01,sell,0.1,0.1,,,,,,,1746249550.733
1731,364387904,1746250149866,1,0.006,0.00615099,47.16,BTC-30MAY25-115000-C,96567.73,sell,0.1,0.1,,,,,,,1746250149.866
1732,364390108,1746253205561,2,0.0055,0.00590039,46.75,BTC-30MAY25-115000-C,96290.76,sell,0.1,0.1,,,,,,,1746253205.561
1733,364390265,1746253745519,3,0.0055,0.00594153,46.71,BTC-30MAY25-115000-C,96316.03,sell,0.1,0.1,,,,,,,1746253745.519
1734,364391979,1746255855195,0,0.006,0.00598245,47.96,BTC-30MAY25-115000-C,96217.74,sell,0.2,0.2,,,,,,,1746255855.195
1735,364403232,1746259419088,1,0.006,0.00598521,47.97,BTC-30MAY25-115000-C,96266.19,sell,0.1,0.1,,,,,,,1746259419.088
1736,364403248,1746259427394,1,0.006,0.00598258,47.97,BTC-30MAY25-115000-C,96265.65,buy,0.1,0.1,,,,,,,1746259427.394
1737,364412253,1746263066055,0,0.0065,0.00644462,48.77,BTC-30MAY25-115000-C,96349.67,buy,0.1,0.1,,,,,,,1746263066.055
1738,364412260,1746263076022,2,0.006,0.00644948,47.72,BTC-30MAY25-115000-C,96365.58,sell,0.4,0.4,,,,,,,1746263076.022
1739,364412261,1746263076028,3,0.006,0.00644948,47.72,BTC-30MAY25-115000-C,96365.58,sell,0.1,0.1,,,,,,,1746263076.028
1740,364414045,1746264434721,3,0.006,0.00645625,47.64,BTC-30MAY25-115000-C,96396.97,sell,0.1,0.1,,,,,,,1746264434.721
1741,364419394,1746267459679,3,0.006,0.00625205,48.16,BTC-30MAY25-115000-C,96195.32,sell,0.1,0.1,,,,,,,1746267459.679
1742,364420156,1746268059087,3,0.006,0.00622218,48.18,BTC-30MAY25-115000-C,96191.1,sell,0.1,0.1,,,,,,,1746268059.087
1743,364449728,1746272662540,2,0.0055,0.00588439,47.69,BTC-30MAY25-115000-C,95963.44,sell,0.1,0.1,,,,,,,1746272662.54
1744,364451170,1746273082547,3,0.0055,0.00594048,47.61,BTC-30MAY25-115000-C,95989.38,sell,0.1,0.1,,,,,,,1746273082.547
1745,364460685,1746274526056,3,0.0055,0.0057564,47.69,BTC-30MAY25-115000-C,95969.26,buy,0.2,0.2,,,,,,,1746274526.056
1746,364467325,1746278395647,3,0.0055,0.0059879,47.24,BTC-30MAY25-115000-C,96234.51,sell,0.1,0.1,,,,,,,1746278395.647
1747,364468154,1746278994516,3,0.0055,0.00602378,47.13,BTC-30MAY25-115000-C,96278.18,sell,0.1,0.1,,,,,,,1746278994.516
1748,364473876,1746280962445,0,0.006,0.0060184,48.07,BTC-30MAY25-115000-C,96346.85,buy,0.1,0.1,,,,,,,1746280962.445
1749,364473901,1746281011975,1,0.006,0.00602941,48.05,BTC-30MAY25-115000-C,96358.67,buy,0.1,0.1,,,,,,,1746281011.975
1750,364474892,1746281916583,0,0.0065,0.00613766,49.05,BTC-30MAY25-115000-C,96382.42,buy,0.1,0.1,,,,,,,1746281916.583
1751,364474984,1746282154784,1,0.0065,0.00621112,48.97,BTC-30MAY25-115000-C,96415.98,buy,0.1,0.1,,,,,,,1746282154.784
1752,364475540,1746282463123,1,0.0065,0.00624094,48.93,BTC-30MAY25-115000-C,96423.31,buy,0.1,0.1,,,,,,,1746282463.123
1753,364482839,1746285430770,2,0.006,0.00623954,47.82,BTC-30MAY25-115000-C,96496.92,sell,0.1,0.1,,,,,,,1746285430.77
1754,364482995,1746286030833,3,0.006,0.00617907,47.88,BTC-30MAY25-115000-C,96471.24,sell,0.1,0.1,,,,,,,1746286030.833
1755,364485714,1746289044763,3,0.006,0.00611001,48.18,BTC-30MAY25-115000-C,96324.21,sell,0.1,0.1,,,,,,,1746289044.763
1756,364486230,1746289645069,3,0.006,0.00618614,48.19,BTC-30MAY25-115000-C,96310.67,sell,0.1,0.1,,,,,,,1746289645.069
1757,364491054,1746292646295,2,0.0055,0.00561517,47.82,BTC-30MAY25-115000-C,95991.39,sell,0.1,0.1,,,,,,,1746292646.295
1758,364492522,1746293246019,3,0.0055,0.00585465,47.57,BTC-30MAY25-115000-C,96101.47,sell,0.1,0.1,,,,,,,1746293246.019
1759,364496080,1746296297612,3,0.0055,0.0060107,47.28,BTC-30MAY25-115000-C,96248.14,sell,0.1,0.1,,,,,,,1746296297.612
1760,364496344,1746296546950,0,0.006,0.00599862,48.34,BTC-30MAY25-115000-C,96253.12,buy,0.1,0.1,,,,,,,1746296546.95
1761,364499435,1746298190542,1,0.006,0.00601639,48.5,BTC-30MAY25-115000-C,96188.67,sell,0.1,0.1,,,,,,,1746298190.542
1762,364501469,1746299875310,2,0.0055,0.0060202,47.34,BTC-30MAY25-115000-C,96260.13,sell,0.1,0.1,,,,,,,1746299875.31
1763,364502838,1746300474759,3,0.0055,0.00599141,47.35,BTC-30MAY25-115000-C,96264.48,sell,0.1,0.1,,,,,,,1746300474.759
1764,364508610,1746303635225,3,0.0055,0.00596217,47.21,BTC-30MAY25-115000-C,96361.59,sell,0.1,0.1,,,,,,,1746303635.225
1765,364509033,1746304234963,3,0.0055,0.00599633,47.14,BTC-30MAY25-115000-C,96385.45,sell,0.1,0.1,,,,,,,1746304234.963
1766,364512147,1746307036863,3,0.0055,0.00592306,47.34,BTC-30MAY25-115000-C,96306.9,sell,0.1,0.1,,,,,,,1746307036.863
1767,364512631,1746307636023,3,0.0055,0.00598912,47.06,BTC-30MAY25-115000-C,96426.22,sell,0.1,0.1,,,,,,,1746307636.023
1768,364513854,1746308059794,0,0.006,0.00590656,48.16,BTC-30MAY25-115000-C,96423.67,buy,1.0,1.0,,,,,,,1746308059.794
1769,364518855,1746310644953,2,0.0055,0.00596398,47.45,BTC-30MAY25-115000-C,96253.37,sell,0.1,0.1,,,,,,,1746310644.953
1770,364519624,1746311244605,3,0.0055,0.0058627,47.53,BTC-30MAY25-115000-C,96225.8,sell,0.1,0.1,,,,,,,1746311244.605
1771,364523213,1746315045349,3,0.0055,0.00569151,48.07,BTC-30MAY25-115000-C,95974.65,sell,0.1,0.1,,,,,,,1746315045.349
1772,364527323,1746315645650,3,0.0055,0.00561386,48.22,BTC-30MAY25-115000-C,95902.28,sell,0.1,0.1,,,,,,,1746315645.65
1773,364532088,1746316902704,2,0.005,0.00544485,47.28,BTC-30MAY25-115000-C,95830.9,sell,0.1,0.1,,,,,,,1746316902.704
1774,364533667,1746317929116,0,0.0055,0.00556188,47.99,BTC-30MAY25-115000-C,96030.41,sell,0.1,0.1,,,,,,,1746317929.116
1775,364535700,1746318528258,2,0.005,0.00547209,47.02,BTC-30MAY25-115000-C,95956.81,sell,0.1,0.1,,,,,,,1746318528.258
1776,364544278,1746321427511,3,0.005,0.00547132,47.14,BTC-30MAY25-115000-C,95926.23,sell,0.1,0.1,,,,,,,1746321427.511
1777,364545550,1746322026946,3,0.005,0.00551107,47.07,BTC-30MAY25-115000-C,95957.86,sell,0.1,0.1,,,,,,,1746322026.946
1778,364553564,1746325029872,0,0.0055,0.00573958,47.68,BTC-30MAY25-115000-C,96200.4,sell,0.1,0.1,,,,,,,1746325029.872
1779,364554112,1746325629602,1,0.0055,0.00570966,47.72,BTC-30MAY25-115000-C,96196.44,sell,0.1,0.1,,,,,,,1746325629.602
1780,364557896,1746328672907,2,0.005,0.00547573,47.48,BTC-30MAY25-115000-C,95776.04,sell,0.1,0.1,,,,,,,1746328672.907
1781,364558331,1746329273498,3,0.005,0.00545514,47.59,BTC-30MAY25-115000-C,95725.63,sell,0.1,0.1,,,,,,,1746329273.498
1782,364560520,1746333339618,3,0.005,0.00540352,47.48,BTC-30MAY25-115000-C,95807.75,sell,0.1,0.1,,,,,,,1746333339.618
1783,364560772,1746333939830,3,0.005,0.0054365,47.51,BTC-30MAY25-115000-C,95793.49,sell,0.1,0.1,,,,,,,1746333939.83
1784,364562018,1746336063538,3,0.005,0.00545444,47.39,BTC-30MAY25-115000-C,95861.83,sell,0.1,0.1,,,,,,,1746336063.538
1785,364562308,1746336603840,3,0.005,0.00551997,47.19,BTC-30MAY25-115000-C,95962.04,sell,0.1,0.1,,,,,,,1746336603.84
1786,364564427,1746338894921,0,0.0055,0.00551551,48.26,BTC-30MAY25-115000-C,96023.71,buy,0.2,0.2,,,,,,,1746338894.921
1787,364567108,1746343623125,1,0.0055,0.00549706,48.4,BTC-30MAY25-115000-C,95954.5,sell,0.1,0.1,,,,,,,1746343623.125
1788,364567427,1746343982850,1,0.0055,0.0054351,48.56,BTC-30MAY25-115000-C,95880.77,sell,0.1,0.1,,,,,,,1746343982.85
1789,364574367,1746346703358,2,0.005,0.00543381,47.64,BTC-30MAY25-115000-C,95842.78,sell,0.1,0.1,,,,,,,1746346703.358
1790,364575632,1746347302807,3,0.005,0.00532603,48.01,BTC-30MAY25-115000-C,95661.83,sell,0.1,0.1,,,,,,,1746347302.807
1791,364579961,1746350429473,3,0.005,0.00538636,48.14,BTC-30MAY25-115000-C,95611.8,sell,0.1,0.1,,,,,,,1746350429.473
1792,364581857,1746350909522,3,0.005,0.00528778,48.41,BTC-30MAY25-115000-C,95511.27,sell,0.1,0.1,,,,,,,1746350909.522
1793,364585893,1746353894186,3,0.005,0.00527293,48.52,BTC-30MAY25-115000-C,95477.93,sell,0.1,0.1,,,,,,,1746353894.186
1794,364588022,1746354493895,2,0.0049,0.00522407,48.42,BTC-30MAY25-115000-C,95427.98,sell,0.1,0.1,,,,,,,1746354493.895
1795,364598271,1746359173337,0,0.005,0.00524032,48.6,BTC-30MAY25-115000-C,95461.71,sell,0.1,0.1,,,,,,,1746359173.337
1796,364600044,1746359472745,1,0.005,0.00523043,48.61,BTC-30MAY25-115000-C,95456.06,sell,0.1,0.1,,,,,,,1746359472.745
1797,364606947,1746361085589,1,0.005,0.00531087,48.4,BTC-30MAY25-115000-C,95579.27,sell,0.1,0.1,,,,,,,1746361085.589
1798,364610025,1746361685599,1,0.005,0.00521272,48.62,BTC-30MAY25-115000-C,95475.21,sell,0.1,0.1,,,,,,,1746361685.599
1799,364615913,1746364904829,1,0.005,0.00517375,48.82,BTC-30MAY25-115000-C,95409.61,sell,0.1,0.1,,,,,,,1746364904.829
1800,364616470,1746365426702,0,0.0055,0.00525728,49.88,BTC-30MAY25-115000-C,95434.99,buy,0.2,0.2,,,,,,,1746365426.702
1801,364616523,1746365504552,2,0.005,0.00521434,48.82,BTC-30MAY25-115000-C,95398.3,sell,0.1,0.1,,,,,,,1746365504.552
1802,364619292,1746368433276,3,0.005,0.0052137,48.55,BTC-30MAY25-115000-C,95540.2,sell,0.1,0.1,,,,,,,1746368433.276
1803,364619332,1746368553584,2,0.0049,0.00523243,48.25,BTC-30MAY25-115000-C,95561.53,sell,0.1,0.1,,,,,,,1746368553.584
1804,364622360,1746371972412,0,0.005,0.00523756,48.38,BTC-30MAY25-115000-C,95645.47,sell,0.1,0.1,,,,,,,1746371972.412
1805,364622676,1746372512420,1,0.005,0.00520102,48.59,BTC-30MAY25-115000-C,95537.43,sell,0.1,0.1,,,,,,,1746372512.42
1806,364624341,1746375491308,1,0.005,0.00517117,48.92,BTC-30MAY25-115000-C,95390.6,sell,0.1,0.1,,,,,,,1746375491.308
1807,364624847,1746375844780,0,0.0055,0.00547205,49.73,BTC-30MAY25-115000-C,95523.48,buy,0.1,0.1,,,,,,,1746375844.78
1808,364627818,1746379236982,1,0.0055,0.00584652,50.01,BTC-30MAY25-115000-C,95401.52,sell,0.1,0.1,,,,,,,1746379236.982
1809,364628091,1746379836431,1,0.0055,0.00575944,50.12,BTC-30MAY25-115000-C,95340.81,sell,0.1,0.1,,,,,,,1746379836.431
1810,364630266,1746382657722,1,0.0055,0.0059056,49.91,BTC-30MAY25-115000-C,95454.18,sell,0.1,0.1,,,,,,,1746382657.722
1811,364630438,1746383257431,1,0.0055,0.00587463,49.92,BTC-30MAY25-115000-C,95462.51,sell,0.1,0.1,,,,,,,1746383257.431
1812,364632735,1746386250372,1,0.0055,0.00566879,50.04,BTC-30MAY25-115000-C,95432.78,sell,0.1,0.1,,,,,,,1746386250.372
1813,364634217,1746386850395,1,0.0055,0.00568946,49.92,BTC-30MAY25-115000-C,95491.74,sell,0.1,0.1,,,,,,,1746386850.395
1814,364640989,1746390612218,1,0.0055,0.00586782,49.46,BTC-30MAY25-115000-C,95720.16,sell,0.1,0.1,,,,,,,1746390612.218
1815,364641890,1746391211667,1,0.0055,0.00585976,49.53,BTC-30MAY25-115000-C,95701.89,sell,0.1,0.1,,,,,,,1746391211.667
1816,364643522,1746393608230,1,0.0055,0.00585139,49.62,BTC-30MAY25-115000-C,95683.89,sell,0.1,0.1,,,,,,,1746393608.23
1817,364643594,1746394208550,1,0.0055,0.00585955,49.51,BTC-30MAY25-115000-C,95717.17,sell,0.1,0.1,,,,,,,1746394208.55
1818,364648385,1746397057037,2,0.005,0.0053924,49.26,BTC-30MAY25-115000-C,95323.16,sell,0.1,0.1,,,,,,,1746397057.037
1819,364648911,1746397656882,3,0.005,0.00544267,49.28,BTC-30MAY25-115000-C,95323.12,sell,0.1,0.1,,,,,,,1746397656.882
1820,364660221,1746399914266,2,0.0049,0.00510298,50.12,BTC-30MAY25-115000-C,94876.97,sell,0.1,0.1,,,,,,,1746399914.266
1821,364661279,1746399973974,2,0.0048,0.00492261,50.31,BTC-30MAY25-115000-C,94672.66,buy,0.1,0.1,,,,,,,1746399973.974
1822,364674535,1746404292138,2,0.0047,0.00491128,50.32,BTC-30MAY25-115000-C,94543.29,sell,0.1,0.1,,,,,,,1746404292.138
1823,364675186,1746404832157,3,0.0047,0.00492811,50.14,BTC-30MAY25-115000-C,94625.73,sell,0.1,0.1,,,,,,,1746404832.157
1824,364677071,1746406829889,0,0.005,0.00494133,50.81,BTC-30MAY25-115000-C,94676.91,buy,0.1,0.1,,,,,,,1746406829.889
1825,364677190,1746406969073,2,0.0048,0.0049686,50.26,BTC-30MAY25-115000-C,94693.03,sell,0.1,0.1,,,,,,,1746406969.073
1826,364677191,1746406969075,3,0.0048,0.0049686,50.26,BTC-30MAY25-115000-C,94693.03,buy,0.1,0.1,,,,,,,1746406969.075
1827,364684144,1746409131087,2,0.0045,0.00454786,50.89,BTC-30MAY25-115000-C,94049.65,sell,0.1,0.1,,,,,,,1746409131.087
1828,364688720,1746411204022,2,0.0041,0.00429932,50.11,BTC-30MAY25-115000-C,93892.77,sell,0.1,0.1,,,,,,,1746411204.022
1829,364688721,1746411204025,3,0.0041,0.00429932,50.11,BTC-30MAY25-115000-C,93892.77,buy,1.8,1.8,,,,,,,1746411204.025
1830,364689106,1746411253800,0,0.0042,0.00437037,50.16,BTC-30MAY25-115000-C,94001.36,buy,0.2,0.2,,,,,,,1746411253.8
1831,364693629,1746414673179,0,0.0046,0.00458437,50.91,BTC-30MAY25-115000-C,94134.19,buy,0.2,0.2,,,,,,,1746414673.179
1832,364698210,1746417867571,2,0.0045,0.00461309,50.71,BTC-30MAY25-115000-C,94116.01,buy,0.2,0.2,,,,,,,1746417867.571
1833,364704439,1746421698350,0,0.0046,0.00463928,50.38,BTC-30MAY25-115000-C,94442.3,buy,0.2,0.2,,,,,,,1746421698.35
1834,364709738,1746425988757,0,0.0047,0.00481052,50.16,BTC-30MAY25-115000-C,94682.46,sell,0.1,0.1,,,,,,,1746425988.757
1835,364709835,1746426048763,1,0.0047,0.00477663,50.25,BTC-30MAY25-115000-C,94650.24,sell,0.1,0.1,,,,,,,1746426048.763
1836,364712013,1746428651315,0,0.0048,0.00509364,50.4,BTC-30MAY25-115000-C,94714.27,sell,0.1,0.1,,,,,,,1746428651.315
1837,364712014,1746428651315,1,0.0048,0.00509364,50.4,BTC-30MAY25-115000-C,94714.27,sell,0.1,0.1,,,,,,,1746428651.315
1838,364719172,1746433033730,2,0.0045,0.00469977,49.79,BTC-30MAY25-115000-C,94689.4,buy,0.1,0.1,,,,,,,1746433033.73
1839,364719173,1746433034026,2,0.0044,0.00469977,49.53,BTC-30MAY25-115000-C,94689.4,sell,0.1,0.1,,,,,,,1746433034.026
1840,364721353,1746436006088,0,0.0047,0.00465803,50.65,BTC-30MAY25-115000-C,94553.63,buy,0.2,0.2,,,,,,,1746436006.088
1841,364724605,1746440258746,2,0.0046,0.00465234,50.72,BTC-30MAY25-115000-C,94410.81,buy,0.2,0.2,,,,,,,1746440258.746
1842,364725176,1746441061386,3,0.0046,0.00465105,50.68,BTC-30MAY25-115000-C,94432.62,sell,0.1,0.1,,,,,,,1746441061.386
1843,364728110,1746443364761,3,0.0046,0.00443412,51.23,BTC-30MAY25-115000-C,94177.09,buy,0.1,0.1,,,,,,,1746443364.761
1844,364728304,1746443782359,2,0.0044,0.00442686,50.56,BTC-30MAY25-115000-C,94242.73,buy,2.0,2.0,,,,,,,1746443782.359
1845,364731733,1746445414795,3,0.0044,0.00446446,51.3,BTC-30MAY25-115000-C,93917.34,sell,0.1,0.1,,,,,,,1746445414.795
1846,364732182,1746445834487,3,0.0044,0.00454447,51.08,BTC-30MAY25-115000-C,94023.39,sell,0.1,0.1,,,,,,,1746445834.487
1847,364733872,1746446970216,0,0.0045,0.00458065,51.2,BTC-30MAY25-115000-C,94100.93,buy,1.0,1.0,,,,,,,1746446970.216
1848,364733873,1746446970216,1,0.0045,0.00458065,51.2,BTC-30MAY25-115000-C,94100.93,buy,0.2,0.2,,,,,,,1746446970.216
1849,364737544,1746450119141,0,0.0046,0.00460038,50.93,BTC-30MAY25-115000-C,94355.2,buy,0.5,0.5,,,,,,,1746450119.141
1850,364737713,1746450293773,1,0.0046,0.00463079,50.85,BTC-30MAY25-115000-C,94393.07,buy,0.2,0.2,,,,,,,1746450293.773
1851,364745028,1746452914411,2,0.0044,0.00442297,51.61,BTC-30MAY25-115000-C,93764.07,sell,4.1,4.1,,,,,,,1746452914.411
1852,364751659,1746453759407,0,0.0048,0.00484001,51.18,BTC-30MAY25-115000-C,94475.58,buy,0.2,0.2,,,,,,,1746453759.407
1855,364765146,1746458056814,0,0.0045,0.00417658,52.06,BTC-30MAY25-115000-C,93692.22,buy,1.3,1.3,,,,,,,1746458056.814
1854,364765145,1746458056814,3,0.0044,0.00417658,51.8,BTC-30MAY25-115000-C,93692.22,buy,2.0,2.0,,,,,,,1746458056.814
1853,364765144,1746458056814,2,0.0044,0.00417658,51.8,BTC-30MAY25-115000-C,93692.22,buy,4.1,4.1,,,,,,,1746458056.814
1856,364765147,1746458056814,1,0.0045,0.00417658,52.06,BTC-30MAY25-115000-C,93692.22,buy,1.3,1.3,,,,,,,1746458056.814
1857,364765148,1746458056814,1,0.0045,0.00417658,52.06,BTC-30MAY25-115000-C,93692.22,buy,6.3,6.3,,,,,,,1746458056.814
1858,364776755,1746465418152,2,0.0041,0.00421851,50.19,BTC-30MAY25-115000-C,94124.8,sell,0.1,0.1,,,,,,,1746465418.152
1859,364777123,1746465538157,3,0.0041,0.00419471,50.22,BTC-30MAY25-115000-C,94106.2,buy,0.1,0.1,,,,,,,1746465538.157
1860,364785554,1746468788925,0,0.0044,0.0045024,49.97,BTC-30MAY25-115000-C,94629.5,buy,0.2,0.2,,,,,,,1746468788.925
1861,364792154,1746471751534,0,0.0046,0.00451622,50.34,BTC-30MAY25-115000-C,94734.32,buy,0.1,0.1,,,,BTC-CS-30MAY25-110000_115000,364792153,,1746471751.534
1862,364792919,1746472706435,2,0.0044,0.00448456,49.71,BTC-30MAY25-115000-C,94797.27,sell,0.1,0.1,,,,,,,1746472706.435
1863,364792978,1746472888817,3,0.0044,0.00447806,49.69,BTC-30MAY25-115000-C,94809.06,buy,0.1,0.1,,,,,,,1746472888.817
1864,364798940,1746477241654,2,0.004,0.00404734,50.38,BTC-30MAY25-115000-C,93965.5,sell,0.1,0.1,,,,,,,1746477241.654
1865,364799571,1746477564745,0,0.0041,0.00415895,50.52,BTC-30MAY25-115000-C,94028.13,sell,0.1,0.1,,,,,,,1746477564.745
1866,364801737,1746479395903,0,0.0042,0.00431366,49.93,BTC-30MAY25-115000-C,94473.72,buy,0.2,0.2,,,,,,,1746479395.903
1867,364806932,1746483434390,1,0.0042,0.00439771,49.02,BTC-30MAY25-115000-C,94937.94,sell,0.1,0.1,,,,,,,1746483434.39
1868,364806999,1746483500181,0,0.0043,0.0043651,49.33,BTC-30MAY25-115000-C,94917.3,buy,0.1,0.1,,,,,,,1746483500.181
1869,364811087,1746487091428,1,0.0043,0.00432415,49.14,BTC-30MAY25-115000-C,95037.86,sell,0.1,0.1,,,,,,,1746487091.428
1870,364811399,1746487566039,1,0.0043,0.00426068,49.24,BTC-30MAY25-115000-C,95000.82,sell,0.1,0.1,,,,,,,1746487566.039
1871,364811402,1746487568531,1,0.0043,0.00425395,49.26,BTC-30MAY25-115000-C,94992.31,sell,0.1,0.1,,,,,,,1746487568.531
1872,364811419,1746487570098,1,0.0043,0.00425028,49.26,BTC-30MAY25-115000-C,94991.7,sell,0.1,0.1,,,,,,,1746487570.098
1873,364811420,1746487570580,1,0.0043,0.00425028,49.26,BTC-30MAY25-115000-C,94991.7,sell,0.2,0.2,,,,,,,1746487570.58
1874,364811431,1746487571684,1,0.0043,0.00424928,49.28,BTC-30MAY25-115000-C,94982.95,sell,0.3,0.3,,,,,,,1746487571.684
1875,364811514,1746487631429,2,0.0041,0.00421486,48.82,BTC-30MAY25-115000-C,94939.28,sell,0.1,0.1,,,,,,,1746487631.429
1876,364812992,1746490679184,2,0.004,0.00402201,49.17,BTC-30MAY25-115000-C,94633.72,sell,0.1,0.1,,,,,,,1746490679.184
1877,364813386,1746491278923,2,0.0039,0.0040457,48.77,BTC-30MAY25-115000-C,94684.22,sell,0.1,0.1,,,,,,,1746491278.923
1878,364816430,1746495533741,0,0.004,0.00389141,49.51,BTC-30MAY25-115000-C,94521.7,sell,0.1,0.1,,,,,,,1746495533.741
1879,364825868,1746503539056,2,0.0038,0.00383801,49.18,BTC-30MAY25-115000-C,94452.29,buy,0.1,0.1,,,,,,,1746503539.056
1880,364825869,1746503539066,3,0.0038,0.00383801,49.18,BTC-30MAY25-115000-C,94452.29,buy,3.9,3.9,,,,,,,1746503539.066
1881,364832149,1746513113191,2,0.0037,0.00368993,49.13,BTC-30MAY25-115000-C,94396.96,buy,1.0,1.0,,,,,,,1746513113.191
1883,364842691,1746520072601,3,0.0037,0.00347762,49.93,BTC-30MAY25-115000-C,94060.05,buy,2.2,2.2,,,,,,,1746520072.601
1882,364842690,1746520072601,3,0.0037,0.00347762,49.93,BTC-30MAY25-115000-C,94060.05,buy,0.9,0.9,,,,,,,1746520072.601
1884,364860423,1746536804165,2,0.0036,0.00333513,50.36,BTC-30MAY25-115000-C,93806.31,buy,0.4,0.4,,,,,,,1746536804.165
1885,364860424,1746536804195,3,0.0036,0.00333513,50.36,BTC-30MAY25-115000-C,93806.31,buy,0.4,0.4,,,,,,,1746536804.195
1886,364860425,1746536804198,3,0.0036,0.00333513,50.36,BTC-30MAY25-115000-C,93806.31,buy,0.4,0.4,,,,,,,1746536804.198
1887,364860426,1746536804220,3,0.0036,0.00333513,50.36,BTC-30MAY25-115000-C,93806.31,buy,0.8,0.8,,,,,,,1746536804.22
1888,364860427,1746536804350,3,0.0036,0.00333513,50.36,BTC-30MAY25-115000-C,93806.31,buy,0.4,0.4,,,,,,,1746536804.35
1889,364860428,1746536804359,3,0.0036,0.00333513,50.36,BTC-30MAY25-115000-C,93806.31,buy,0.4,0.4,,,,,,,1746536804.359
1890,364860429,1746536804360,3,0.0036,0.00333513,50.36,BTC-30MAY25-115000-C,93806.31,buy,2.8,2.8,,,,,,,1746536804.36
1891,364860430,1746536804361,3,0.0036,0.00333513,50.36,BTC-30MAY25-115000-C,93806.31,buy,0.4,0.4,,,,,,,1746536804.361
1892,364860431,1746536804361,3,0.0036,0.00333513,50.36,BTC-30MAY25-115000-C,93806.31,buy,0.4,0.4,,,,,,,1746536804.361
1893,364860432,1746536804361,3,0.0036,0.00333513,50.36,BTC-30MAY25-115000-C,93806.31,buy,0.4,0.4,,,,,,,1746536804.361
1894,364862239,1746538250881,3,0.0036,0.00335347,50.61,BTC-30MAY25-115000-C,93703.48,buy,0.1,0.1,,,,,,,1746538250.881
1896,364862241,1746538250882,3,0.0036,0.00335347,50.61,BTC-30MAY25-115000-C,93703.48,buy,0.1,0.1,,,,,,,1746538250.882
1895,364862240,1746538250882,3,0.0036,0.00335347,50.61,BTC-30MAY25-115000-C,93703.48,buy,0.1,0.1,,,,,,,1746538250.882
1898,364862243,1746538250883,3,0.0036,0.00335347,50.61,BTC-30MAY25-115000-C,93703.48,buy,0.1,0.1,,,,,,,1746538250.883
1897,364862242,1746538250883,3,0.0036,0.00335347,50.61,BTC-30MAY25-115000-C,93703.48,buy,0.1,0.1,,,,,,,1746538250.883
1899,364862244,1746538250884,3,0.0036,0.00335347,50.61,BTC-30MAY25-115000-C,93703.48,buy,0.1,0.1,,,,,,,1746538250.884
1900,364862245,1746538250885,3,0.0036,0.00335347,50.61,BTC-30MAY25-115000-C,93703.48,buy,0.1,0.1,,,,,,,1746538250.885
1901,364862246,1746538251047,3,0.0036,0.00335347,50.61,BTC-30MAY25-115000-C,93702.73,buy,0.1,0.1,,,,,,,1746538251.047
1902,364862247,1746538251066,3,0.0036,0.00335347,50.61,BTC-30MAY25-115000-C,93702.73,buy,0.1,0.1,,,,,,,1746538251.066
1905,364862250,1746538251068,3,0.0036,0.00335347,50.61,BTC-30MAY25-115000-C,93702.73,buy,0.1,0.1,,,,,,,1746538251.068
1904,364862249,1746538251068,3,0.0036,0.00335347,50.61,BTC-30MAY25-115000-C,93702.73,buy,0.1,0.1,,,,,,,1746538251.068
1903,364862248,1746538251068,3,0.0036,0.00335347,50.61,BTC-30MAY25-115000-C,93702.73,buy,0.1,0.1,,,,,,,1746538251.068
1906,364862251,1746538251069,3,0.0036,0.00335347,50.61,BTC-30MAY25-115000-C,93702.73,buy,0.1,0.1,,,,,,,1746538251.069
1907,364862252,1746538251072,3,0.0036,0.00335347,50.61,BTC-30MAY25-115000-C,93702.73,buy,0.1,0.1,,,,,,,1746538251.072
1908,364862253,1746538251073,3,0.0036,0.00335347,50.61,BTC-30MAY25-115000-C,93702.73,buy,0.1,0.1,,,,,,,1746538251.073
1909,364862256,1746538252824,3,0.0036,0.00335298,50.6,BTC-30MAY25-115000-C,93704.57,buy,0.2,0.2,,,,,,,1746538252.824
1910,364862257,1746538252825,3,0.0036,0.00335298,50.6,BTC-30MAY25-115000-C,93704.57,buy,0.3,0.3,,,,,,,1746538252.825
1911,364862258,1746538252881,3,0.0036,0.00335298,50.6,BTC-30MAY25-115000-C,93704.57,buy,0.4,0.4,,,,,,,1746538252.881
1912,364862259,1746538252882,3,0.0036,0.00335298,50.6,BTC-30MAY25-115000-C,93704.57,buy,0.4,0.4,,,,,,,1746538252.882
1915,364862262,1746538252883,3,0.0036,0.00335298,50.6,BTC-30MAY25-115000-C,93704.57,buy,0.3,0.3,,,,,,,1746538252.883
1913,364862260,1746538252883,3,0.0036,0.00335298,50.6,BTC-30MAY25-115000-C,93704.57,buy,0.2,0.2,,,,,,,1746538252.883
1914,364862261,1746538252883,3,0.0036,0.00335298,50.6,BTC-30MAY25-115000-C,93704.57,buy,0.1,0.1,,,,,,,1746538252.883
1916,364862263,1746538252883,3,0.0036,0.00335298,50.6,BTC-30MAY25-115000-C,93704.57,buy,0.2,0.2,,,,,,,1746538252.883
1917,364862264,1746538252969,3,0.0036,0.0033543,50.6,BTC-30MAY25-115000-C,93704.72,buy,0.3,0.3,,,,,,,1746538252.969
1918,364862265,1746538252981,3,0.0036,0.0033543,50.6,BTC-30MAY25-115000-C,93704.72,buy,0.2,0.2,,,,,,,1746538252.981
1919,364862266,1746538252982,3,0.0036,0.0033543,50.6,BTC-30MAY25-115000-C,93704.72,buy,0.1,0.1,,,,,,,1746538252.982
1920,364862267,1746538252983,3,0.0036,0.0033543,50.6,BTC-30MAY25-115000-C,93704.72,buy,0.2,0.2,,,,,,,1746538252.983
1921,364862268,1746538253066,3,0.0036,0.0033543,50.6,BTC-30MAY25-115000-C,93704.72,buy,0.2,0.2,,,,,,,1746538253.066
1922,364862269,1746538253073,3,0.0036,0.0033543,50.6,BTC-30MAY25-115000-C,93704.72,buy,0.1,0.1,,,,,,,1746538253.073
1923,364862270,1746538253074,3,0.0036,0.0033543,50.6,BTC-30MAY25-115000-C,93704.72,buy,0.1,0.1,,,,,,,1746538253.074
1924,364862271,1746538253212,3,0.0036,0.0033543,50.6,BTC-30MAY25-115000-C,93704.72,buy,0.1,0.1,,,,,,,1746538253.212
1927,364862274,1746538254715,3,0.0036,0.0033543,50.6,BTC-30MAY25-115000-C,93705.7,buy,0.1,0.1,,,,,,,1746538254.715
1926,364862273,1746538254715,3,0.0036,0.0033543,50.6,BTC-30MAY25-115000-C,93705.7,buy,0.1,0.1,,,,,,,1746538254.715
1925,364862272,1746538254715,3,0.0036,0.0033543,50.6,BTC-30MAY25-115000-C,93705.7,buy,0.1,0.1,,,,,,,1746538254.715
1928,364862275,1746538254762,3,0.0036,0.0033543,50.6,BTC-30MAY25-115000-C,93705.7,buy,0.1,0.1,,,,,,,1746538254.762
1931,364862278,1746538254769,3,0.0036,0.0033543,50.6,BTC-30MAY25-115000-C,93705.7,buy,0.1,0.1,,,,,,,1746538254.769
1930,364862277,1746538254769,3,0.0036,0.0033543,50.6,BTC-30MAY25-115000-C,93705.7,buy,0.1,0.1,,,,,,,1746538254.769
1929,364862276,1746538254769,3,0.0036,0.0033543,50.6,BTC-30MAY25-115000-C,93705.7,buy,0.1,0.1,,,,,,,1746538254.769
1932,364862279,1746538254867,3,0.0036,0.0033543,50.6,BTC-30MAY25-115000-C,93705.7,buy,0.1,0.1,,,,,,,1746538254.867
1933,364862280,1746538254876,3,0.0036,0.0033543,50.6,BTC-30MAY25-115000-C,93705.7,buy,0.1,0.1,,,,,,,1746538254.876
1934,364862281,1746538254876,3,0.0036,0.0033543,50.6,BTC-30MAY25-115000-C,93705.7,buy,0.1,0.1,,,,,,,1746538254.876
1935,364862282,1746538254877,3,0.0036,0.0033543,50.6,BTC-30MAY25-115000-C,93705.7,buy,0.1,0.1,,,,,,,1746538254.877
1936,364862283,1746538254909,3,0.0036,0.00335562,50.61,BTC-30MAY25-115000-C,93703.35,buy,0.3,0.3,,,,,,,1746538254.909
1937,364862284,1746538255098,3,0.0036,0.00335562,50.61,BTC-30MAY25-115000-C,93703.35,buy,0.2,0.2,,,,,,,1746538255.098
1938,364866010,1746538963205,0,0.0038,0.00362806,50.68,BTC-30MAY25-115000-C,93952.48,buy,17.0,17.0,,,,,,,1746538963.205
1939,364881359,1746542504302,0,0.0039,0.0037618,50.37,BTC-30MAY25-115000-C,94287.4,buy,1.0,1.0,,,,,,,1746542504.302
1940,364881847,1746542876324,1,0.0039,0.00378917,50.39,BTC-30MAY25-115000-C,94267.07,sell,0.8,0.8,,,,,,,1746542876.324
1941,364882681,1746543128752,1,0.0039,0.00385422,50.49,BTC-30MAY25-115000-C,94228.22,sell,4.6,4.6,,,,,,,1746543128.752
1942,364892718,1746546756359,0,0.004,0.00382295,50.1,BTC-30MAY25-115000-C,94568.37,buy,2.0,2.0,,,,,,,1746546756.359
1943,364907858,1746558743152,1,0.004,0.00412925,49.23,BTC-30MAY25-115000-C,95032.84,buy,0.2,0.2,,,,,,,1746558743.152
1944,364911180,1746562690379,1,0.004,0.00410785,49.42,BTC-30MAY25-115000-C,94961.57,sell,0.1,0.1,,,,,,,1746562690.379
1945,364911663,1746563290083,2,0.0039,0.00403862,49.42,BTC-30MAY25-115000-C,94831.74,sell,0.1,0.1,,,,,,,1746563290.083
1946,364924990,1746569295531,0,0.0043,0.00442073,49.14,BTC-30MAY25-115000-C,95499.47,buy,0.3,0.3,,,,,,,1746569295.531
1947,364943714,1746572952641,0,0.005,0.00510331,49.57,BTC-30MAY25-115000-C,96146.06,buy,0.2,0.2,,,,,,,1746572952.641
1948,364955590,1746577118784,0,0.0055,0.00590224,48.99,BTC-30MAY25-115000-C,97001.45,sell,0.1,0.1,,,,,,,1746577118.784
1949,364956467,1746577325753,0,0.006,0.00608633,49.54,BTC-30MAY25-115000-C,97248.34,buy,0.2,0.2,,,,,,,1746577325.753
1951,364956632,1746577335649,1,0.006,0.00609693,49.48,BTC-30MAY25-115000-C,97275.4,buy,0.1,0.1,,,,,,,1746577335.649
1950,364956631,1746577335649,1,0.006,0.00609693,49.48,BTC-30MAY25-115000-C,97275.4,buy,0.5,0.5,,,,,,,1746577335.649
1952,364964130,1746579848203,0,0.0065,0.00657872,49.79,BTC-30MAY25-115000-C,97596.72,buy,0.8,0.8,,,,,,,1746579848.203
1953,364966653,1746580526787,1,0.0065,0.00645775,50.08,BTC-30MAY25-115000-C,97494.25,buy,0.2,0.2,,,,,,,1746580526.787
1954,364966852,1746580670095,1,0.0065,0.0063921,50.29,BTC-30MAY25-115000-C,97413.67,sell,0.1,0.1,,,,,,,1746580670.095
1956,364968184,1746581933077,1,0.0065,0.00649837,50.2,BTC-30MAY25-115000-C,97461.55,sell,0.2,0.2,,,,,,,1746581933.077
1955,364968183,1746581933077,1,0.0065,0.00649837,50.2,BTC-30MAY25-115000-C,97461.55,sell,0.2,0.2,,,,,,,1746581933.077
1957,364974776,1746584267499,2,0.0055,0.00601889,49.11,BTC-30MAY25-115000-C,96956.28,sell,0.1,0.1,,,,,,,1746584267.499
1958,364976594,1746584867518,3,0.0055,0.00582656,49.33,BTC-30MAY25-115000-C,96893.91,sell,0.1,0.1,,,,,,,1746584867.518
1959,364981602,1746587203050,3,0.0055,0.00556307,50.12,BTC-30MAY25-115000-C,96545.67,buy,0.2,0.2,,,,,,,1746587203.05
1960,364986294,1746591356453,3,0.0055,0.00555244,49.85,BTC-30MAY25-115000-C,96695.02,buy,0.1,0.1,,,,,,,1746591356.453
1961,364986344,1746591477408,2,0.005,0.00549529,48.8,BTC-30MAY25-115000-C,96659.36,sell,0.1,0.1,,,,,,,1746591477.408
1962,364986355,1746591483676,0,0.0055,0.00549153,49.98,BTC-30MAY25-115000-C,96657.46,buy,0.1,0.1,,,,,,,1746591483.676
1963,364988896,1746595033148,2,0.005,0.00543039,49.28,BTC-30MAY25-115000-C,96449.96,sell,0.1,0.1,,,,,,,1746595033.148
1964,364989149,1746595632582,3,0.005,0.00542845,49.39,BTC-30MAY25-115000-C,96405.88,sell,0.1,0.1,,,,,,,1746595632.582
1965,364990449,1746598062138,0,0.0055,0.00546615,50.27,BTC-30MAY25-115000-C,96562.84,buy,0.2,0.2,,,,,,,1746598062.138
1966,364990959,1746599039631,1,0.0055,0.00544432,50.33,BTC-30MAY25-115000-C,96551.2,buy,0.1,0.1,,,,,,,1746599039.631
1967,364993755,1746602256773,2,0.005,0.00543939,48.85,BTC-30MAY25-115000-C,96687.65,sell,0.1,0.1,,,,,,,1746602256.773
1968,364994336,1746602857047,3,0.005,0.005344,48.72,BTC-30MAY25-115000-C,96759.94,sell,0.1,0.1,,,,,,,1746602857.047
1969,364998433,1746605862209,3,0.005,0.00540275,48.56,BTC-30MAY25-115000-C,96878.72,sell,0.1,0.1,,,,,,,1746605862.209
1970,364998823,1746606461328,3,0.005,0.00545889,48.47,BTC-30MAY25-115000-C,96912.17,sell,0.1,0.1,,,,,,,1746606461.328
1971,365001415,1746609451619,3,0.005,0.00527554,48.51,BTC-30MAY25-115000-C,96904.01,sell,0.1,0.1,,,,,,,1746609451.619
1972,365001729,1746610051646,3,0.005,0.00526067,48.48,BTC-30MAY25-115000-C,96909.06,sell,0.1,0.1,,,,,,,1746610051.646
1973,365003470,1746613408326,3,0.005,0.00525532,48.45,BTC-30MAY25-115000-C,96939.17,sell,0.1,0.1,,,,,,,1746613408.326
1974,365004430,1746613888348,3,0.005,0.00521865,48.61,BTC-30MAY25-115000-C,96878.98,sell,0.1,0.1,,,,,,,1746613888.348
1975,365008189,1746618163419,3,0.005,0.00541993,48.4,BTC-30MAY25-115000-C,97007.38,sell,0.1,0.1,,,,,,,1746618163.419
1976,365008410,1746618451438,0,0.0052,0.00542653,48.88,BTC-30MAY25-115000-C,97008.56,sell,25.0,25.0,2.0,BLOCK-196251,,BTC-CS-30MAY25-105000_115000,,,1746618451.438
1977,365008505,1746618643437,2,0.005,0.00545176,48.37,BTC-30MAY25-115000-C,97022.4,sell,0.1,0.1,,,,,,,1746618643.437
1978,365009720,1746619735790,0,0.0055,0.00542205,49.62,BTC-30MAY25-115000-C,96987.02,buy,0.1,0.1,,,,,,,1746619735.79
1979,365009721,1746619738645,1,0.0055,0.0054149,49.64,BTC-30MAY25-115000-C,96978.64,buy,0.1,0.1,,,,,,,1746619738.645
1980,365010891,1746620860062,2,0.005,0.00539846,48.4,BTC-30MAY25-115000-C,97022.15,sell,0.1,0.1,,,,,,,1746620860.062
1981,365012554,1746623886688,3,0.005,0.00520879,48.9,BTC-30MAY25-115000-C,96811.21,sell,0.1,0.1,,,,,,,1746623886.688
1982,365012869,1746624486412,3,0.005,0.005187,49.06,BTC-30MAY25-115000-C,96735.91,sell,0.1,0.1,,,,,,,1746624486.412
1983,365016594,1746626667514,3,0.005,0.00528339,48.39,BTC-30MAY25-115000-C,97063.64,sell,0.5,0.5,,,,,,,1746626667.514
1984,365018763,1746627378506,0,0.0051,0.00521827,48.43,BTC-30MAY25-115000-C,97165.89,buy,2.0,2.0,,,,BTC-CSR12-30MAY25-102000_115000,365018761,,1746627378.506
1985,365018766,1746627404726,1,0.0051,0.00524033,48.4,BTC-30MAY25-115000-C,97168.69,buy,0.4,0.4,,,,BTC-CSR12-30MAY25-102000_115000,365018765,,1746627404.726
1986,365018770,1746627406967,1,0.0051,0.00524017,48.41,BTC-30MAY25-115000-C,97167.11,buy,0.2,0.2,,,,BTC-CSR12-30MAY25-102000_115000,365018768,,1746627406.967
1987,365018773,1746627409468,1,0.0051,0.00523863,48.41,BTC-30MAY25-115000-C,97167.3,buy,0.2,0.2,,,,BTC-CSR12-30MAY25-102000_115000,365018771,,1746627409.468
1988,365018815,1746627431325,1,0.0051,0.00526002,48.37,BTC-30MAY25-115000-C,97185.65,buy,0.6,0.6,,,,BTC-CSR12-30MAY25-102000_115000,365018814,,1746627431.325
1989,365018851,1746627446391,1,0.0051,0.00529366,48.27,BTC-30MAY25-115000-C,97223.04,buy,0.4,0.4,,,,BTC-CSR12-30MAY25-102000_115000,365018849,,1746627446.391
1990,365018854,1746627446396,1,0.0051,0.00529366,48.27,BTC-30MAY25-115000-C,97223.04,buy,0.8,0.8,,,,BTC-CSR12-30MAY25-102000_115000,365018852,,1746627446.396
1991,365018875,1746627465454,0,0.0052,0.00530921,48.47,BTC-30MAY25-115000-C,97237.69,sell,1.4,1.4,,,,BTC-CSR12-30MAY25-102000_115000,365018873,,1746627465.454
1992,365018878,1746627466639,1,0.0052,0.00530938,48.47,BTC-30MAY25-115000-C,97237.92,buy,2.0,2.0,,,,BTC-CSR12-30MAY25-102000_115000,365018876,,1746627466.639
1993,365018908,1746627514046,1,0.0052,0.00529476,48.49,BTC-30MAY25-115000-C,97230.75,buy,0.2,0.2,,,,BTC-CSR12-30MAY25-102000_115000,365018907,,1746627514.046
1994,365018913,1746627516476,1,0.0052,0.00529404,48.49,BTC-30MAY25-115000-C,97230.77,buy,0.2,0.2,,,,BTC-CSR12-30MAY25-102000_115000,365018911,,1746627516.476
1995,365018926,1746627538926,1,0.0052,0.00529773,48.48,BTC-30MAY25-115000-C,97233.58,buy,0.2,0.2,,,,BTC-CSR12-30MAY25-102000_115000,365018924,,1746627538.926
1996,365018954,1746627543813,1,0.0052,0.00529574,48.48,BTC-30MAY25-115000-C,97223.11,buy,0.4,0.4,,,,BTC-CSR12-30MAY25-102000_115000,365018952,,1746627543.813
1997,365018956,1746627548885,2,0.005,0.00528031,48.02,BTC-30MAY25-115000-C,97226.71,sell,0.1,0.1,,,,,,,1746627548.885
1998,365018958,1746627551849,0,0.0051,0.00529029,48.26,BTC-30MAY25-115000-C,97225.59,buy,1.0,1.0,,,,BTC-CSR12-30MAY25-102000_115000,365018957,,1746627551.849
1999,365019924,1746628148625,2,0.005,0.00543605,47.56,BTC-30MAY25-115000-C,97459.9,sell,0.1,0.1,,,,,,,1746628148.625
2001,365024102,1746630203943,3,0.0048,0.00504642,48.48,BTC-30MAY25-115000-C,96806.82,sell,0.1,0.1,,,,,,,1746630203.943
2000,365024101,1746630203943,2,0.0048,0.00504642,48.48,BTC-30MAY25-115000-C,96806.82,sell,0.1,0.1,,,,,,,1746630203.943
2002,365026722,1746632000910,0,0.005,0.00520869,48.34,BTC-30MAY25-115000-C,97105.76,buy,0.1,0.1,,,,,,,1746632000.91
2003,365029584,1746634673007,2,0.0047,0.0048745,48.22,BTC-30MAY25-115000-C,96843.83,sell,0.1,0.1,,,,,,,1746634673.007
2004,365030172,1746634940883,2,0.0045,0.00459877,48.36,BTC-30MAY25-115000-C,96566.74,buy,0.1,0.1,,,,,,,1746634940.883
2005,365030372,1746635212718,0,0.0046,0.00463878,48.5,BTC-30MAY25-115000-C,96610.16,sell,0.1,0.1,,,,,,,1746635212.718
2006,365032540,1746638214921,1,0.0046,0.00482115,47.92,BTC-30MAY25-115000-C,96882.71,sell,0.1,0.1,,,,,,,1746638214.921
2007,365032898,1746638420926,2,0.0045,0.0045836,48.23,BTC-30MAY25-115000-C,96647.69,buy,0.1,0.1,,,,,,,1746638420.926
2008,365032954,1746638514646,3,0.0045,0.00460063,48.19,BTC-30MAY25-115000-C,96655.07,buy,0.1,0.1,,,,,,,1746638514.646
2009,365042515,1746641466845,2,0.0041,0.00412219,48.48,BTC-30MAY25-115000-C,96038.97,sell,0.1,0.1,,,,,,,1746641466.845
2010,365042864,1746641575194,2,0.004,0.00411508,48.22,BTC-30MAY25-115000-C,96037.95,buy,0.1,0.1,,,,,,,1746641575.194
2011,365043893,1746642030010,0,0.0042,0.00435824,48.0,BTC-30MAY25-115000-C,96398.56,buy,0.1,0.1,,,,,,,1746642030.01
2012,365045217,1746642794164,0,0.0044,0.00448998,47.97,BTC-30MAY25-115000-C,96656.38,buy,0.1,0.1,,,,,,,1746642794.164
2013,365052496,1746644873003,2,0.0043,0.00438981,48.2,BTC-30MAY25-115000-C,96473.7,buy,0.2,0.2,,,,,,,1746644873.003
2014,365067363,1746648198069,2,0.0039,0.00399041,47.92,BTC-30MAY25-115000-C,96130.5,buy,0.2,0.2,,,,,,,1746648198.069
2015,365070788,1746650270899,3,0.0039,0.00399581,47.48,BTC-30MAY25-115000-C,96361.86,buy,0.1,0.1,,,,,,,1746650270.899
2016,365075895,1746652814743,0,0.004,0.00419475,46.65,BTC-30MAY25-115000-C,96877.31,sell,0.1,0.1,,,,,,,1746652814.743
2017,365075966,1746652850895,1,0.004,0.00420948,46.6,BTC-30MAY25-115000-C,96901.16,buy,0.1,0.1,,,,,,,1746652850.895
2018,365075982,1746652875288,1,0.004,0.00421194,46.59,BTC-30MAY25-115000-C,96902.34,buy,0.1,0.1,,,,,,,1746652875.288
2019,365081649,1746655230265,0,0.0044,0.00460539,46.84,BTC-30MAY25-115000-C,97251.77,sell,12.5,12.5,2.0,BLOCK-196319,3037.0,BTC-CS-30MAY25-110000_115000,,,1746655230.265
2020,365082923,1746655686048,0,0.0045,0.00463621,47.04,BTC-30MAY25-115000-C,97275.17,buy,0.2,0.2,,,,,,,1746655686.048
2021,365084834,1746657943560,1,0.0045,0.00457244,47.11,BTC-30MAY25-115000-C,97232.47,buy,0.1,0.1,,,,,,,1746657943.56
2022,365086834,1746658994138,0,0.0046,0.0047741,47.12,BTC-30MAY25-115000-C,97333.78,sell,0.1,0.1,,,,,,,1746658994.138
2023,365087130,1746659114720,2,0.0045,0.00474825,46.87,BTC-30MAY25-115000-C,97338.55,buy,0.1,0.1,,,,,,,1746659114.72
2024,365087943,1746659544775,0,0.0048,0.00475313,47.52,BTC-30MAY25-115000-C,97392.34,sell,1.0,1.0,,,,,,,1746659544.775
2025,365089513,1746661125651,2,0.0045,0.00452758,47.34,BTC-30MAY25-115000-C,97152.54,buy,0.1,0.1,,,,,,,1746661125.651
2026,365091172,1746663029312,2,0.0042,0.00441497,46.65,BTC-30MAY25-115000-C,97124.83,sell,0.1,0.1,,,,,,,1746663029.312
2027,365091173,1746663029314,3,0.0042,0.00441497,46.65,BTC-30MAY25-115000-C,97124.83,buy,0.1,0.1,,,,,,,1746663029.314
2028,365091537,1746663591063,3,0.0042,0.00436753,46.61,BTC-30MAY25-115000-C,97149.53,buy,0.1,0.1,,,,,,,1746663591.063
2029,365100867,1746666316475,0,0.0048,0.00502424,46.12,BTC-30MAY25-115000-C,98096.21,buy,0.1,0.1,,,,,,,1746666316.475
2030,365100989,1746666345924,1,0.0048,0.0050109,46.25,BTC-30MAY25-115000-C,98042.69,buy,0.1,0.1,,,,,,,1746666345.924
2031,365104694,1746667246147,0,0.005,0.00522138,46.72,BTC-30MAY25-115000-C,98010.01,buy,0.1,0.1,,,,,,,1746667246.147
2032,365113290,1746670632457,1,0.005,0.00564273,46.21,BTC-30MAY25-115000-C,98229.98,sell,0.1,0.1,,,,,,,1746670632.457
2033,365113293,1746670633584,0,0.0055,0.00564691,47.35,BTC-30MAY25-115000-C,98234.77,buy,0.1,0.1,,,,,,,1746670633.584
2034,365121063,1746672563527,0,0.0059,0.00607171,46.94,BTC-30MAY25-115000-C,98792.26,sell,12.5,12.5,2.0,BLOCK-196384,3077.0,BTC-CS-30MAY25-110000_115000,,,1746672563.527
2035,365125940,1746674196966,2,0.0055,0.00594739,46.21,BTC-30MAY25-115000-C,98730.34,sell,2.0,2.0,,,,,,,1746674196.966
2036,365126748,1746674436791,3,0.0055,0.00603673,45.98,BTC-30MAY25-115000-C,98818.04,sell,0.1,0.1,,,,,,,1746674436.791
2037,365127555,1746674856802,3,0.0055,0.00600512,45.99,BTC-30MAY25-115000-C,98818.79,sell,0.1,0.1,,,,,,,1746674856.802
2038,365141966,1746678514519,0,0.0071,0.00679625,48.17,BTC-30MAY25-115000-C,99336.8,sell,37.5,37.5,2.0,BLOCK-196426,3104.0,BTC-CS-30MAY25-110000_115000,,,1746678514.519
2039,365146628,1746679953631,2,0.0066,0.00663894,47.9,BTC-30MAY25-115000-C,99030.61,buy,100.0,100.0,4.0,BLOCK-196437,3111.0,,,,1746679953.631
2040,365146741,1746679998189,2,0.0065,0.00666349,47.66,BTC-30MAY25-115000-C,99042.02,sell,1.0,1.0,,,,,,,1746679998.189
2041,365151398,1746685271122,3,0.0065,0.00652205,48.12,BTC-30MAY25-115000-C,98881.33,buy,0.1,0.1,,,,,,,1746685271.122
2043,365159322,1746689787869,3,0.006,0.0062147,46.44,BTC-30MAY25-115000-C,99243.93,sell,9.1,9.1,,,,,,,1746689787.869
2042,365159321,1746689787869,2,0.006,0.0062147,46.44,BTC-30MAY25-115000-C,99243.93,sell,0.9,0.9,,,,,,,1746689787.869
2044,365167777,1746691658579,0,0.0065,0.0063993,47.03,BTC-30MAY25-115000-C,99427.9,buy,0.2,0.2,,,,,,,1746691658.579
2045,365168244,1746691674230,1,0.0065,0.00653466,46.67,BTC-30MAY25-115000-C,99576.07,buy,0.3,0.3,,,,,,,1746691674.23
2046,365168250,1746691675262,1,0.0065,0.00653433,46.67,BTC-30MAY25-115000-C,99575.14,buy,0.2,0.2,,,,,,,1746691675.262
2047,365169913,1746692059701,2,0.0063,0.0063196,46.45,BTC-30MAY25-115000-C,99496.81,sell,25.0,25.0,2.0,BLOCK-196478,,BTC-CS-30MAY25-110000_115000,,,1746692059.701
2048,365170294,1746692196070,0,0.0065,0.00641626,46.61,BTC-30MAY25-115000-C,99582.27,buy,1.0,1.0,,,,,,,1746692196.07
2049,365170676,1746692375920,2,0.0063,0.00638645,46.14,BTC-30MAY25-115000-C,99622.9,buy,110.0,110.0,4.0,BLOCK-196483,3134.0,,,,1746692375.92
2050,365171100,1746692480204,0,0.0065,0.00643604,46.39,BTC-30MAY25-115000-C,99682.07,buy,48.3,48.3,,,,,,,1746692480.204
2051,365173115,1746693569500,0,0.007,0.00669531,47.74,BTC-30MAY25-115000-C,99544.49,buy,1.0,1.0,,,,,,,1746693569.5
2052,365180083,1746694098115,1,0.007,0.00694035,47.32,BTC-30MAY25-115000-C,99707.65,buy,0.1,0.1,,,,,,,1746694098.115
2053,365180126,1746694099447,1,0.007,0.00694088,47.19,BTC-30MAY25-115000-C,99762.13,buy,0.1,0.1,,,,,,,1746694099.447
2054,365199414,1746698495455,0,0.0075,0.00722312,48.12,BTC-30MAY25-115000-C,99760.44,buy,0.1,0.1,,,,,,,1746698495.455
2056,365200468,1746699165189,3,0.007,0.0072258,47.16,BTC-30MAY25-115000-C,99748.38,sell,2.1,2.1,,,,,,,1746699165.189
2058,365200470,1746699165189,3,0.007,0.0072258,47.16,BTC-30MAY25-115000-C,99748.38,sell,0.7,0.7,,,,,,,1746699165.189
2055,365200467,1746699165189,2,0.007,0.0072258,47.16,BTC-30MAY25-115000-C,99748.38,sell,0.1,0.1,,,,,,,1746699165.189
2057,365200469,1746699165189,3,0.007,0.0072258,47.16,BTC-30MAY25-115000-C,99748.38,sell,2.0,2.0,,,,,,,1746699165.189
2059,365200471,1746699165194,3,0.007,0.0072258,47.16,BTC-30MAY25-115000-C,99748.38,buy,9.8,9.8,,,,,,,1746699165.194
2060,365200472,1746699165201,3,0.007,0.0072258,47.16,BTC-30MAY25-115000-C,99748.38,buy,5.3,5.3,,,,,,,1746699165.201
2061,365200520,1746699189958,3,0.007,0.00717055,47.24,BTC-30MAY25-115000-C,99717.14,buy,2.3,2.3,,,,,,,1746699189.958
2062,365201799,1746700259118,0,0.0072,0.00725313,47.39,BTC-30MAY25-115000-C,99832.29,sell,50.0,50.0,2.0,BLOCK-196538,,BTC-CS-30MAY25-115000_160000,,,1746700259.118
2063,365201970,1746700356261,2,0.0071,0.00723444,47.21,BTC-30MAY25-115000-C,99831.62,sell,200.0,200.0,2.0,BLOCK-196540,,BTC-CSR12-30MAY25-105000_115000,,,1746700356.261
2065,365202031,1746700395070,3,0.007,0.00723105,47.0,BTC-30MAY25-115000-C,99835.48,sell,0.1,0.1,,,,,,,1746700395.07
2064,365202030,1746700395070,2,0.007,0.00723105,47.0,BTC-30MAY25-115000-C,99835.48,sell,0.7,0.7,,,,,,,1746700395.07
2066,365202140,1746700400917,3,0.007,0.00722925,46.97,BTC-30MAY25-115000-C,99844.93,buy,0.1,0.1,,,,,,,1746700400.917
2067,365203190,1746701536219,2,0.0068,0.00694022,46.69,BTC-30MAY25-115000-C,99807.2,sell,18.0,18.0,2.0,BLOCK-196552,,BTC-CSR12-30MAY25-110000_115000,,,1746701536.219
2068,365204859,1746702755739,0,0.007,0.00718221,47.43,BTC-30MAY25-115000-C,99669.22,sell,2.0,2.0,,,,,,,1746702755.739
2069,365204860,1746702755739,1,0.007,0.00718221,47.43,BTC-30MAY25-115000-C,99669.22,sell,2.0,2.0,,,,,,,1746702755.739
2070,365204861,1746702755919,1,0.007,0.00718221,47.43,BTC-30MAY25-115000-C,99669.22,sell,2.0,2.0,,,,,,,1746702755.919
2071,365204864,1746702756269,1,0.007,0.00718049,47.43,BTC-30MAY25-115000-C,99669.55,sell,0.1,0.1,,,,,,,1746702756.269
2072,365205154,1746702979877,1,0.007,0.00700795,47.51,BTC-30MAY25-115000-C,99634.82,buy,2.1,2.1,,,,,,,1746702979.877
2073,365205155,1746702979879,1,0.007,0.00700795,47.51,BTC-30MAY25-115000-C,99634.82,sell,0.9,0.9,,,,,,,1746702979.879
2074,365207355,1746704597697,1,0.007,0.00679642,47.71,BTC-30MAY25-115000-C,99564.72,buy,0.1,0.1,,,,,,,1746704597.697
2075,365207732,1746705077139,1,0.007,0.00675147,47.77,BTC-30MAY25-115000-C,99538.62,buy,0.1,0.1,,,,,,,1746705077.139
2076,365212033,1746708146383,2,0.0065,0.00660481,47.42,BTC-30MAY25-115000-C,99289.64,sell,1.7,1.7,,,,,,,1746708146.383
2077,365212034,1746708146383,3,0.0065,0.00660481,47.42,BTC-30MAY25-115000-C,99289.64,sell,1.0,1.0,,,,,,,1746708146.383
2078,365214359,1746709548460,3,0.0065,0.00643163,47.31,BTC-30MAY25-115000-C,99360.15,buy,0.1,0.1,,,,,,,1746709548.46
2079,365216152,1746710808192,3,0.0065,0.00633618,47.19,BTC-30MAY25-115000-C,99418.09,buy,0.1,0.1,,,,,,,1746710808.192
2080,365217595,1746711380880,3,0.0065,0.00651403,46.76,BTC-30MAY25-115000-C,99602.42,buy,0.1,0.1,,,,,,,1746711380.88
2081,365226031,1746715085370,0,0.007,0.00675391,47.79,BTC-30MAY25-115000-C,99621.69,buy,0.1,0.1,,,,,,,1746715085.37
2082,365231696,1746717345914,1,0.007,0.00672834,47.43,BTC-30MAY25-115000-C,99783.2,buy,0.3,0.3,,,,,,,1746717345.914
2083,365231697,1746717345914,1,0.007,0.00672834,47.43,BTC-30MAY25-115000-C,99783.2,buy,0.7,0.7,,,,,,,1746717345.914
2084,365233159,1746717666235,1,0.007,0.00685294,47.0,BTC-30MAY25-115000-C,99958.88,buy,0.1,0.1,,,,,,,1746717666.235
2085,365235962,1746717860551,2,0.0065,0.00693776,45.93,BTC-30MAY25-115000-C,99986.85,sell,25.0,25.0,2.0,BLOCK-196612,,BTC-CS-30MAY25-110000_115000,,,1746717860.551
2086,365235972,1746717863505,0,0.007,0.00695265,46.92,BTC-30MAY25-115000-C,99988.91,buy,1.0,1.0,,,,,,,1746717863.505
2087,365235973,1746717863507,1,0.007,0.00695265,46.92,BTC-30MAY25-115000-C,99988.91,sell,1.0,1.0,,,,,,,1746717863.507
2088,365242542,1746718196389,0,0.0075,0.00750985,46.34,BTC-30MAY25-115000-C,100672.47,sell,1.2,1.2,,,,,,,1746718196.389
2089,365246160,1746718767572,1,0.0075,0.00769071,45.84,BTC-30MAY25-115000-C,100843.07,buy,1.0,1.0,,,,,,,1746718767.572
2090,365247115,1746718798848,2,0.0072,0.00785723,44.92,BTC-30MAY25-115000-C,100982.89,sell,25.0,25.0,2.0,BLOCK-196635,,BTC-CS-30MAY25-110000_115000,,,1746718798.848
2092,365260768,1746720259420,1,0.008,0.00813273,47.18,BTC-30MAY25-115000-C,100676.83,sell,0.2,0.2,,,,,,,1746720259.42
2091,365260767,1746720259420,0,0.008,0.00813273,47.18,BTC-30MAY25-115000-C,100676.83,sell,0.1,0.1,,,,,,,1746720259.42
2093,365261307,1746720402032,0,0.0083,0.00817058,47.42,BTC-30MAY25-115000-C,100794.44,buy,100.0,100.0,4.0,BLOCK-196663,3169.0,BTC-ICOND-30MAY25-90000_100000_102000_115000,,,1746720402.032
2094,365261517,1746720469411,1,0.0083,0.00817972,47.34,BTC-30MAY25-115000-C,100836.92,buy,20.0,20.0,4.0,BLOCK-196664,3170.0,BTC-ICOND-30MAY25-90000_100000_102000_115000,,,1746720469.411
2095,365264042,1746721219822,2,0.008,0.00822493,46.16,BTC-30MAY25-115000-C,101105.44,sell,25.0,25.0,2.0,BLOCK-196675,,BTC-CSR12-30MAY25-110000_115000,,,1746721219.822
2097,365266738,1746722126341,3,0.0075,0.00784503,45.53,BTC-30MAY25-115000-C,100985.9,sell,0.3,0.3,,,,,,,1746722126.341
2096,365266737,1746722126341,2,0.0075,0.00784503,45.53,BTC-30MAY25-115000-C,100985.9,sell,0.1,0.1,,,,,,,1746722126.341
2098,365267567,1746722454987,0,0.0078,0.00804451,45.65,BTC-30MAY25-115000-C,101163.2,sell,25.0,25.0,2.0,BLOCK-196683,,BTC-CSR12-30MAY25-110000_115000,,,1746722454.987
2100,365269785,1746723397902,1,0.008,0.00815839,45.62,BTC-30MAY25-115000-C,101341.21,sell,4.0,4.0,,,,,,,1746723397.902
2101,365269786,1746723397902,1,0.008,0.00815839,45.62,BTC-30MAY25-115000-C,101341.21,sell,0.7,0.7,,,,,,,1746723397.902
2099,365269784,1746723397902,0,0.008,0.00815839,45.62,BTC-30MAY25-115000-C,101341.21,sell,0.1,0.1,,,,,,,1746723397.902
2102,365271845,1746724484918,1,0.008,0.00822319,45.71,BTC-30MAY25-115000-C,101293.5,sell,25.0,25.0,2.0,BLOCK-196701,,BTC-CSR12-30MAY25-110000_115000,,,1746724484.918
2103,365272280,1746724689481,0,0.0085,0.0084446,46.18,BTC-30MAY25-115000-C,101456.01,buy,0.1,0.1,,,,,,,1746724689.481
2104,365272281,1746724689767,1,0.0085,0.00844208,46.18,BTC-30MAY25-115000-C,101455.95,buy,0.1,0.1,,,,,,,1746724689.767
2105,365275606,1746725722037,1,0.0085,0.00846279,46.23,BTC-30MAY25-115000-C,101448.12,sell,2.0,2.0,,,,,,,1746725722.037
2106,365279877,1746726933736,2,0.0075,0.00797101,45.39,BTC-30MAY25-115000-C,101050.88,sell,0.7,0.7,,,,,,,1746726933.736
2107,365281151,1746727688000,0,0.0079,0.00803695,45.91,BTC-30MAY25-115000-C,101160.37,sell,25.0,25.0,2.0,BLOCK-196715,,BTC-CSR12-30MAY25-110000_115000,,,1746727688.0
2108,365281360,1746727786880,0,0.008,0.00807803,45.96,BTC-30MAY25-115000-C,101223.41,buy,0.5,0.5,,,,,,,1746727786.88
2109,365282267,1746728222917,0,0.0085,0.00828118,46.56,BTC-30MAY25-115000-C,101330.04,buy,0.1,0.1,,,,,,,1746728222.917
2110,365283277,1746728822649,1,0.0085,0.00816903,46.71,BTC-30MAY25-115000-C,101287.54,buy,0.1,0.1,,,,,,,1746728822.649
2112,365286610,1746731365976,3,0.008,0.00811179,46.09,BTC-30MAY25-115000-C,101166.29,sell,4.0,4.0,,,,,,,1746731365.976
2113,365286611,1746731365976,3,0.008,0.00811179,46.09,BTC-30MAY25-115000-C,101166.29,sell,0.5,0.5,,,,,,,1746731365.976
2111,365286609,1746731365976,2,0.008,0.00811179,46.09,BTC-30MAY25-115000-C,101166.29,sell,0.2,0.2,,,,,,,1746731365.976
2114,365294080,1746734540679,3,0.008,0.00803076,45.52,BTC-30MAY25-115000-C,101423.17,sell,0.2,0.2,,,,,,,1746734540.679
2115,365296614,1746735095287,3,0.008,0.00809765,45.2,BTC-30MAY25-115000-C,101559.75,sell,25.0,25.0,2.0,BLOCK-196758,3189.0,BTC-CSR12-30MAY25-108000_115000,,,1746735095.287
2116,365298804,1746736402217,0,0.0083,0.00842844,45.22,BTC-30MAY25-115000-C,101777.74,sell,12.5,12.5,2.0,BLOCK-196783,3193.0,BTC-CS-30MAY25-110000_115000,,,1746736402.217
2117,365300115,1746736709439,2,0.008,0.00842814,44.67,BTC-30MAY25-115000-C,101802.7,sell,0.1,0.1,,,,,,,1746736709.439
2118,365301838,1746736846453,0,0.0088,0.00899564,45.09,BTC-30MAY25-115000-C,102190.82,sell,12.5,12.5,2.0,BLOCK-196786,3198.0,BTC-CS-30MAY25-108000_115000,,,1746736846.453
2119,365303446,1746737096150,0,0.009,0.00887684,45.5,BTC-30MAY25-115000-C,102161.56,buy,0.8,0.8,,,,,,,1746737096.15
2121,365304270,1746737385429,1,0.009,0.00890514,45.49,BTC-30MAY25-115000-C,102162.83,sell,4.1,4.1,,,,,,,1746737385.429
2120,365304269,1746737385429,1,0.009,0.00890514,45.49,BTC-30MAY25-115000-C,102162.83,sell,0.5,0.5,,,,,,,1746737385.429
2122,365305445,1746737646896,0,0.0092,0.00924029,45.29,BTC-30MAY25-115000-C,102373.56,sell,12.5,12.5,2.0,BLOCK-196796,3205.0,BTC-CS-30MAY25-110000_115000,,,1746737646.896
2123,365309425,1746738034658,0,0.0095,0.00994039,44.96,BTC-30MAY25-115000-C,102676.08,sell,0.1,0.1,,,,,,,1746738034.658
2124,365311143,1746738421824,2,0.0092,0.00924906,45.83,BTC-30MAY25-115000-C,102151.21,sell,25.0,25.0,2.0,BLOCK-196804,3209.0,BTC-CSR12-30MAY25-110000_115000,,,1746738421.824
2125,365311622,1746738547215,0,0.0095,0.00948163,46.06,BTC-30MAY25-115000-C,102253.59,sell,0.2,0.2,,,,,,,1746738547.215
2126,365311764,1746738635103,1,0.0095,0.00958018,45.95,BTC-30MAY25-115000-C,102298.38,sell,0.1,0.1,,,,,,,1746738635.103
2127,365314459,1746739097869,0,0.0115,0.01085259,46.85,BTC-30MAY25-115000-C,103134.97,buy,0.1,0.1,,,,,,,1746739097.869
2128,365316003,1746739112348,2,0.011,0.01105019,45.95,BTC-30MAY25-115000-C,103194.01,sell,0.1,0.1,,,,,,,1746739112.348
2129,365318470,1746739271953,0,0.012,0.01175097,45.86,BTC-30MAY25-115000-C,103771.93,buy,0.5,0.5,,,,,,,1746739271.953
2130,365321797,1746739384347,1,0.012,0.01210614,45.69,BTC-30MAY25-115000-C,103854.28,sell,0.1,0.1,,,,,,,1746739384.347
2131,365321803,1746739384815,0,0.0125,0.01214125,46.61,BTC-30MAY25-115000-C,103785.01,buy,2.5,2.5,,,,,,,1746739384.815
2132,365322787,1746739459084,2,0.012,0.01203009,45.88,BTC-30MAY25-115000-C,103775.52,buy,0.2,0.2,,,,,,,1746739459.084
2133,365325907,1746739771959,2,0.0115,0.01135791,46.52,BTC-30MAY25-115000-C,103272.63,buy,0.2,0.2,,,,,,,1746739771.959
2134,365334497,1746741106968,2,0.0105,0.01094498,46.07,BTC-30MAY25-115000-C,102867.19,sell,0.1,0.1,,,,,,,1746741106.968
2135,365337467,1746741623091,3,0.0105,0.0108088,46.37,BTC-30MAY25-115000-C,102726.62,sell,0.2,0.2,,,,,,,1746741623.091
2136,365338244,1746741797621,3,0.0105,0.01045209,46.89,BTC-30MAY25-115000-C,102532.96,sell,0.1,0.1,,,,,,,1746741797.621
2137,365339819,1746742028368,2,0.0104,0.01050692,46.58,BTC-30MAY25-115000-C,102609.22,sell,25.0,25.0,2.0,BLOCK-196825,3213.0,BTC-CS-30MAY25-110000_115000,,,1746742028.368
2138,365343445,1746742705871,0,0.0107,0.01083328,46.41,BTC-30MAY25-115000-C,102878.6,sell,50.0,50.0,2.0,BLOCK-196836,3216.0,BTC-CS-30MAY25-110000_115000,,,1746742705.871
2140,365344469,1746742909615,3,0.0105,0.01069722,46.24,BTC-30MAY25-115000-C,102829.63,sell,0.1,0.1,,,,,,,1746742909.615
2139,365344468,1746742909615,2,0.0105,0.01069722,46.24,BTC-30MAY25-115000-C,102829.63,sell,1.4,1.4,,,,,,,1746742909.615
2141,365345807,1746743284474,3,0.0105,0.01051103,46.4,BTC-30MAY25-115000-C,102763.64,buy,0.1,0.1,,,,,,,1746743284.474
2142,365346298,1746743390663,3,0.0105,0.01042813,46.3,BTC-30MAY25-115000-C,102794.72,buy,0.1,0.1,,,,,,,1746743390.663
2143,365349322,1746744372110,0,0.0107,0.01077027,45.55,BTC-30MAY25-115000-C,103187.34,sell,50.0,50.0,2.0,BLOCK-196850,3223.0,BTC-CS-30MAY25-110000_115000,,,1746744372.11
2144,365349649,1746744474429,2,0.0105,0.01061803,45.55,BTC-30MAY25-115000-C,103082.85,sell,0.1,0.1,,,,,,,1746744474.429
2145,365350456,1746745093654,3,0.0105,0.01050279,45.86,BTC-30MAY25-115000-C,102955.33,sell,0.1,0.1,,,,,,,1746745093.654
2146,365351036,1746745357425,3,0.0105,0.01034547,46.18,BTC-30MAY25-115000-C,102840.23,sell,0.2,0.2,,,,,,,1746745357.425
2147,365352161,1746745942336,0,0.0107,0.01077149,45.87,BTC-30MAY25-115000-C,103072.42,sell,25.0,25.0,2.0,BLOCK-196860,3226.0,BTC-CS-30MAY25-110000_115000,,,1746745942.336
2148,365353699,1746746751891,2,0.01,0.01042598,45.22,BTC-30MAY25-115000-C,102891.47,sell,0.1,0.1,,,,,,,1746746751.891
2149,365355695,1746747499626,0,0.011,0.01068665,46.46,BTC-30MAY25-115000-C,103016.89,buy,0.3,0.3,,,,,,,1746747499.626
2152,365355698,1746747499626,1,0.011,0.01068665,46.46,BTC-30MAY25-115000-C,103016.89,buy,2.2,2.2,,,,,,,1746747499.626
2151,365355697,1746747499626,1,0.011,0.01068665,46.46,BTC-30MAY25-115000-C,103016.89,buy,1.2,1.2,,,,,,,1746747499.626
2150,365355696,1746747499626,1,0.011,0.01068665,46.46,BTC-30MAY25-115000-C,103016.89,buy,1.3,1.3,,,,,,,1746747499.626
2153,365357220,1746748135649,1,0.011,0.01084328,45.99,BTC-30MAY25-115000-C,103229.66,buy,0.1,0.1,,,,,,,1746748135.649
2154,365358212,1746748750093,2,0.0105,0.01076143,45.23,BTC-30MAY25-115000-C,103228.27,sell,0.5,0.5,,,,,,,1746748750.093
2155,365358766,1746749007102,3,0.0105,0.01052044,45.55,BTC-30MAY25-115000-C,103095.86,buy,1.3,1.3,,,,,,,1746749007.102
2156,365361187,1746750221110,2,0.01,0.01021627,45.21,BTC-30MAY25-115000-C,102948.11,sell,0.1,0.1,,,,,,,1746750221.11
2157,365361784,1746750453432,0,0.0105,0.01010141,46.12,BTC-30MAY25-115000-C,102909.82,buy,0.1,0.1,,,,,,,1746750453.432
2158,365369688,1746752932976,1,0.0105,0.01036849,46.17,BTC-30MAY25-115000-C,102876.77,sell,0.2,0.2,,,,,,,1746752932.976
2159,365373904,1746755414048,1,0.0105,0.01031076,46.11,BTC-30MAY25-115000-C,102889.81,buy,1.0,1.0,,,,,,,1746755414.048
2160,365373905,1746755414049,1,0.0105,0.01031076,46.11,BTC-30MAY25-115000-C,102889.81,sell,1.0,1.0,,,,,,,1746755414.049
2161,365373915,1746755418202,1,0.0105,0.01028879,46.14,BTC-30MAY25-115000-C,102877.46,buy,1.0,1.0,,,,,,,1746755418.202
2162,365374774,1746756124155,1,0.0105,0.01042092,45.87,BTC-30MAY25-115000-C,102989.78,sell,0.2,0.2,,,,,,,1746756124.155
2163,365374785,1746756143472,2,0.01,0.01042815,45.07,BTC-30MAY25-115000-C,102989.8,sell,3.0,3.0,,,,,,,1746756143.472
2164,365374791,1746756145348,0,0.0105,0.01042912,45.86,BTC-30MAY25-115000-C,102989.41,buy,1.2,1.2,,,,,,,1746756145.348
2165,365375110,1746756314626,2,0.01,0.01037449,45.12,BTC-30MAY25-115000-C,102957.99,sell,0.2,0.2,,,,,,,1746756314.626
2166,365375312,1746756402334,0,0.0105,0.01037876,45.88,BTC-30MAY25-115000-C,102979.13,buy,0.1,0.1,,,,,,,1746756402.334
2167,365375313,1746756402338,1,0.0105,0.01037876,45.88,BTC-30MAY25-115000-C,102979.13,buy,0.9,0.9,,,,,,,1746756402.338
2168,365376925,1746757505142,2,0.01,0.01001786,45.8,BTC-30MAY25-115000-C,102721.58,buy,0.1,0.1,,,,,,,1746757505.142
2170,365379733,1746759595169,3,0.01,0.00975106,46.23,BTC-30MAY25-115000-C,102554.38,buy,1.0,1.0,,,,,,,1746759595.169
2169,365379732,1746759595169,3,0.01,0.00975106,46.23,BTC-30MAY25-115000-C,102554.38,buy,0.1,0.1,,,,,,,1746759595.169
2171,365379734,1746759595169,3,0.01,0.00975106,46.23,BTC-30MAY25-115000-C,102554.38,buy,5.0,5.0,,,,,,,1746759595.169
2172,365379735,1746759595176,3,0.01,0.00975106,46.23,BTC-30MAY25-115000-C,102554.38,sell,3.9,3.9,,,,,,,1746759595.176
2173,365380035,1746759732621,3,0.01,0.00963284,46.53,BTC-30MAY25-115000-C,102456.16,buy,1.0,1.0,,,,,,,1746759732.621
2174,365380036,1746759732621,3,0.01,0.00963284,46.53,BTC-30MAY25-115000-C,102456.16,buy,9.0,9.0,,,,,,,1746759732.621
2175,365380266,1746759814705,3,0.01,0.00971303,46.45,BTC-30MAY25-115000-C,102474.01,sell,0.2,0.2,,,,,,,1746759814.705
2176,365383097,1746761541587,3,0.01,0.00988017,46.28,BTC-30MAY25-115000-C,102556.41,sell,1.3,1.3,,,,,,,1746761541.587
2177,365386418,1746763386057,2,0.0095,0.0097104,45.97,BTC-30MAY25-115000-C,102379.1,sell,0.1,0.1,,,,,,,1746763386.057
2178,365386419,1746763386057,3,0.0095,0.0097104,45.97,BTC-30MAY25-115000-C,102379.1,sell,0.2,0.2,,,,,,,1746763386.057
2179,365387526,1746764295581,3,0.0095,0.00977595,45.41,BTC-30MAY25-115000-C,102586.98,sell,0.1,0.1,,,,,,,1746764295.581
2181,365387528,1746764295581,3,0.0095,0.00977595,45.41,BTC-30MAY25-115000-C,102586.98,sell,1.8,1.8,,,,,,,1746764295.581
2180,365387527,1746764295581,3,0.0095,0.00977595,45.41,BTC-30MAY25-115000-C,102586.98,sell,4.2,4.2,,,,,,,1746764295.581
2182,365387529,1746764295583,3,0.0095,0.00977595,45.41,BTC-30MAY25-115000-C,102586.98,buy,3.9,3.9,,,,,,,1746764295.583
2183,365387553,1746764332954,3,0.0095,0.00974144,45.43,BTC-30MAY25-115000-C,102579.19,buy,0.1,0.1,,,,,,,1746764332.954
2185,365387997,1746764607749,1,0.01,0.00970271,46.21,BTC-30MAY25-115000-C,102636.23,buy,1.0,1.0,,,,,,,1746764607.749
2184,365387996,1746764607749,0,0.01,0.00970271,46.21,BTC-30MAY25-115000-C,102636.23,buy,2.0,2.0,,,,,,,1746764607.749
2186,365390552,1746767284127,1,0.01,0.01007442,45.74,BTC-30MAY25-115000-C,102808.63,sell,0.2,0.2,,,,,,,1746767284.127
2187,365394535,1746771663665,0,0.0105,0.01031512,46.09,BTC-30MAY25-115000-C,103017.93,buy,0.1,0.1,,,,,,,1746771663.665
2188,365395704,1746772257921,2,0.0102,0.01029932,45.45,BTC-30MAY25-115000-C,103099.89,sell,12.5,12.5,2.0,BLOCK-197053,3292.0,BTC-CS-30MAY25-96000_115000,,,1746772257.921
2189,365395752,1746772263692,0,0.0105,0.01032437,45.79,BTC-30MAY25-115000-C,103143.95,buy,0.1,0.1,,,,,,,1746772263.692
2190,365396072,1746772429905,2,0.01,0.01029928,45.08,BTC-30MAY25-115000-C,103115.68,sell,0.5,0.5,,,,,,,1746772429.905
2192,365398942,1746773980865,3,0.01,0.0103255,44.91,BTC-30MAY25-115000-C,103209.51,sell,0.3,0.3,,,,,,,1746773980.865
2194,365398944,1746773980865,3,0.01,0.0103255,44.91,BTC-30MAY25-115000-C,103209.51,sell,1.4,1.4,,,,,,,1746773980.865
2191,365398941,1746773980865,3,0.01,0.0103255,44.91,BTC-30MAY25-115000-C,103209.51,sell,4.2,4.2,,,,,,,1746773980.865
2193,365398943,1746773980865,3,0.01,0.0103255,44.91,BTC-30MAY25-115000-C,103209.51,sell,1.4,1.4,,,,,,,1746773980.865
2195,365398945,1746773980865,3,0.01,0.0103255,44.91,BTC-30MAY25-115000-C,103209.51,sell,5.5,5.5,,,,,,,1746773980.865
2196,365399701,1746774164417,0,0.0105,0.01013577,45.96,BTC-30MAY25-115000-C,103132.28,buy,0.2,0.2,,,,,,,1746774164.417
2197,365402189,1746774556494,1,0.0105,0.01061471,45.26,BTC-30MAY25-115000-C,103407.98,sell,50.0,50.0,2.0,BLOCK-197061,,BTC-CS-30MAY25-110000_115000,,,1746774556.494
2198,365407812,1746775509008,0,0.011,0.01087741,45.29,BTC-30MAY25-115000-C,103722.39,buy,0.5,0.5,,,,,,,1746775509.008
2199,365413364,1746776285613,1,0.011,0.01076102,45.26,BTC-30MAY25-115000-C,103749.78,buy,1.4,1.4,,,,,,,1746776285.613
2200,365413365,1746776285613,1,0.011,0.01076102,45.26,BTC-30MAY25-115000-C,103749.78,buy,0.9,0.9,,,,,,,1746776285.613
2201,365413366,1746776285613,1,0.011,0.01076102,45.26,BTC-30MAY25-115000-C,103749.78,buy,0.9,0.9,,,,,,,1746776285.613
2202,365413379,1746776286540,1,0.011,0.01079879,45.23,BTC-30MAY25-115000-C,103758.19,buy,0.1,0.1,,,,,,,1746776286.54
2203,365413387,1746776288118,1,0.011,0.01079879,45.2,BTC-30MAY25-115000-C,103769.75,buy,0.9,0.9,,,,,,,1746776288.118
2204,365416273,1746776594709,1,0.011,0.01116281,44.63,BTC-30MAY25-115000-C,103979.66,buy,1.0,1.0,,,,,,,1746776594.709
2208,365423759,1746777098225,3,0.0105,0.01082888,44.14,BTC-30MAY25-115000-C,103898.51,sell,0.5,0.5,,,,,,,1746777098.225
2205,365423756,1746777098225,2,0.0105,0.01082888,44.14,BTC-30MAY25-115000-C,103898.51,sell,0.8,0.8,,,,,,,1746777098.225
2210,365423761,1746777098225,3,0.0105,0.01082888,44.14,BTC-30MAY25-115000-C,103898.51,sell,5.5,5.5,,,,,,,1746777098.225
2209,365423760,1746777098225,3,0.0105,0.01082888,44.14,BTC-30MAY25-115000-C,103898.51,sell,5.0,5.0,,,,,,,1746777098.225
2206,365423757,1746777098225,3,0.0105,0.01082888,44.14,BTC-30MAY25-115000-C,103898.51,sell,0.8,0.8,,,,,,,1746777098.225
2207,365423758,1746777098225,3,0.0105,0.01082888,44.14,BTC-30MAY25-115000-C,103898.51,sell,0.1,0.1,,,,,,,1746777098.225
2211,365423762,1746777098228,3,0.0105,0.01082888,44.14,BTC-30MAY25-115000-C,103898.51,buy,13.8,13.8,,,,,,,1746777098.228
2218,365425472,1746777200021,1,0.0115,0.01080387,45.68,BTC-30MAY25-115000-C,103886.46,buy,8.0,8.0,,,,,,,1746777200.021
2216,365425470,1746777200021,1,0.0115,0.01080387,45.68,BTC-30MAY25-115000-C,103886.46,buy,10.0,10.0,,,,,,,1746777200.021
2212,365425466,1746777200021,0,0.0115,0.01080387,45.68,BTC-30MAY25-115000-C,103886.46,buy,12.4,12.4,,,,,,,1746777200.021
2222,365425476,1746777200021,1,0.0115,0.01080387,45.68,BTC-30MAY25-115000-C,103886.46,buy,5.0,5.0,,,,,,,1746777200.021
2217,365425471,1746777200021,1,0.0115,0.01080387,45.68,BTC-30MAY25-115000-C,103886.46,buy,8.1,8.1,,,,,,,1746777200.021
2221,365425475,1746777200021,1,0.0115,0.01080387,45.68,BTC-30MAY25-115000-C,103886.46,buy,0.9,0.9,,,,,,,1746777200.021
2223,365425477,1746777200021,1,0.0115,0.01080387,45.68,BTC-30MAY25-115000-C,103886.46,buy,4.0,4.0,,,,,,,1746777200.021
2220,365425474,1746777200021,1,0.0115,0.01080387,45.68,BTC-30MAY25-115000-C,103886.46,buy,0.3,0.3,,,,,,,1746777200.021
2214,365425468,1746777200021,1,0.0115,0.01080387,45.68,BTC-30MAY25-115000-C,103886.46,buy,1.0,1.0,,,,,,,1746777200.021
2219,365425473,1746777200021,1,0.0115,0.01080387,45.68,BTC-30MAY25-115000-C,103886.46,buy,3.8,3.8,,,,,,,1746777200.021
2213,365425467,1746777200021,1,0.0115,0.01080387,45.68,BTC-30MAY25-115000-C,103886.46,buy,1.0,1.0,,,,,,,1746777200.021
2215,365425469,1746777200021,1,0.0115,0.01080387,45.68,BTC-30MAY25-115000-C,103886.46,buy,24.8,24.8,,,,,,,1746777200.021
2224,365425479,1746777200219,2,0.011,0.01079299,44.95,BTC-30MAY25-115000-C,103878.32,sell,1.4,1.4,,,,,,,1746777200.219
2225,365425806,1746777232730,3,0.011,0.01082425,45.14,BTC-30MAY25-115000-C,103811.35,sell,1.0,1.0,,,,,,,1746777232.73
2226,365426342,1746777291554,3,0.011,0.01106654,45.06,BTC-30MAY25-115000-C,103840.62,sell,4.2,4.2,,,,,,,1746777291.554
2227,365426343,1746777291554,3,0.011,0.01106654,45.06,BTC-30MAY25-115000-C,103840.62,sell,0.6,0.6,,,,,,,1746777291.554
2228,365426344,1746777291554,3,0.011,0.01106654,45.06,BTC-30MAY25-115000-C,103840.62,sell,0.2,0.2,,,,,,,1746777291.554
2229,365428875,1746777617858,2,0.0105,0.01087244,44.87,BTC-30MAY25-115000-C,103610.67,sell,0.1,0.1,,,,,,,1746777617.858
2230,365439129,1746778962850,0,0.011,0.01094699,45.23,BTC-30MAY25-115000-C,103745.38,buy,0.1,0.1,,,,,,,1746778962.85
2231,365439130,1746778962853,1,0.011,0.01094699,45.23,BTC-30MAY25-115000-C,103745.38,sell,0.2,0.2,,,,,,,1746778962.853
2233,365449104,1746780232472,3,0.01,0.01003127,45.95,BTC-30MAY25-115000-C,102819.07,sell,0.4,0.4,,,,,,,1746780232.472
2232,365449103,1746780232472,2,0.01,0.01003127,45.95,BTC-30MAY25-115000-C,102819.07,sell,0.1,0.1,,,,,,,1746780232.472
2234,365451865,1746780985665,0,0.0105,0.01045663,46.48,BTC-30MAY25-115000-C,102904.78,sell,1.0,1.0,,,,,,,1746780985.665
2235,365452414,1746781222180,2,0.01,0.01058949,45.46,BTC-30MAY25-115000-C,102981.85,sell,0.4,0.4,,,,,,,1746781222.18
2236,365452429,1746781226034,3,0.01,0.0105502,45.53,BTC-30MAY25-115000-C,102957.4,sell,0.4,0.4,,,,,,,1746781226.034
2237,365454101,1746781723203,0,0.0105,0.01042705,46.44,BTC-30MAY25-115000-C,102930.56,sell,0.2,0.2,,,,,,,1746781723.203
2238,365461073,1746783688508,2,0.01,0.01010315,45.82,BTC-30MAY25-115000-C,102860.45,buy,0.1,0.1,,,,,,,1746783688.508
2239,365464784,1746785679122,0,0.0105,0.0101097,46.12,BTC-30MAY25-115000-C,103058.37,buy,0.1,0.1,,,,,,,1746785679.122
2240,365465045,1746785771484,1,0.0105,0.01004777,46.33,BTC-30MAY25-115000-C,102994.73,buy,0.2,0.2,,,,,,,1746785771.484
2241,365465657,1746786354681,1,0.0105,0.01019349,46.05,BTC-30MAY25-115000-C,103103.37,buy,0.1,0.1,,,,,,,1746786354.681
2242,365466309,1746786954681,1,0.0105,0.01013369,46.08,BTC-30MAY25-115000-C,103093.75,buy,0.1,0.1,,,,,,,1746786954.681
2243,365471478,1746789175802,1,0.0105,0.01045393,45.8,BTC-30MAY25-115000-C,103221.01,sell,1.0,1.0,,,,,,,1746789175.802
2244,365475080,1746790059872,2,0.01,0.00976437,46.12,BTC-30MAY25-115000-C,102794.43,sell,0.2,0.2,,,,,,,1746790059.872
2245,365477657,1746790953559,3,0.01,0.01014034,45.46,BTC-30MAY25-115000-C,103031.83,buy,0.1,0.1,,,,,,,1746790953.559
2246,365477664,1746790953634,3,0.01,0.01014034,45.46,BTC-30MAY25-115000-C,103031.83,buy,0.1,0.1,,,,,,,1746790953.634
2247,365478444,1746791587064,2,0.0095,0.01003322,44.84,BTC-30MAY25-115000-C,102987.98,sell,0.1,0.1,,,,,,,1746791587.064
2248,365480685,1746792467092,0,0.01,0.00989069,45.9,BTC-30MAY25-115000-C,102891.44,sell,0.2,0.2,,,,,,,1746792467.092
2249,365481787,1746793461989,2,0.0095,0.01021065,44.57,BTC-30MAY25-115000-C,103086.44,sell,0.1,0.1,,,,,,,1746793461.989
2250,365481788,1746793464229,3,0.0095,0.01020938,44.57,BTC-30MAY25-115000-C,103087.94,sell,0.1,0.1,,,,,,,1746793464.229
2251,365482171,1746794037541,0,0.01,0.01013548,45.27,BTC-30MAY25-115000-C,103127.48,sell,0.1,0.1,,,,,,,1746794037.541
2252,365483808,1746795726094,1,0.01,0.01000234,45.74,BTC-30MAY25-115000-C,102961.67,sell,0.2,0.2,,,,,,,1746795726.094
2253,365487245,1746797712032,0,0.0103,0.01028307,45.64,BTC-30MAY25-115000-C,103193.59,buy,50.0,50.0,2.0,BLOCK-197201,,BTC-STRG-30MAY25-92000_115000,,,1746797712.032
2254,365487258,1746797712591,1,0.0103,0.01028255,45.67,BTC-30MAY25-115000-C,103184.27,buy,25.0,25.0,2.0,BLOCK-197202,,BTC-STRG-30MAY25-92000_115000,,,1746797712.591
2255,365487591,1746797785937,0,0.0106,0.01024878,46.13,BTC-30MAY25-115000-C,103197.06,buy,50.0,50.0,2.0,BLOCK-197203,,BTC-STRG-30MAY25-92000_115000,,,1746797785.937
2256,365487647,1746797826404,2,0.0105,0.01028361,45.91,BTC-30MAY25-115000-C,103219.99,buy,50.0,50.0,2.0,BLOCK-197205,,BTC-STRG-30MAY25-92000_115000,,,1746797826.404
2257,365487868,1746797863785,0,0.0106,0.01048278,45.8,BTC-30MAY25-115000-C,103318.67,buy,13.0,13.0,2.0,BLOCK-197206,,BTC-STRG-30MAY25-92000_115000,,,1746797863.785
2258,365487870,1746797865838,0,0.0107,0.01046327,45.98,BTC-30MAY25-115000-C,103310.25,buy,15.0,15.0,2.0,BLOCK-197207,,BTC-STRG-30MAY25-92000_115000,,,1746797865.838
2259,365490729,1746798724455,0,0.0108,0.0110694,45.25,BTC-30MAY25-115000-C,103629.07,sell,100.0,100.0,2.0,BLOCK-197214,,BTC-RR-30MAY25-95000_115000,,,1746798724.455
2268,365490871,1746798758490,1,0.0115,0.01101617,46.32,BTC-30MAY25-115000-C,103634.48,buy,23.7,23.7,,,,,,,1746798758.49
2261,365490864,1746798758490,1,0.0115,0.01101617,46.32,BTC-30MAY25-115000-C,103634.48,buy,0.9,0.9,,,,,,,1746798758.49
2264,365490867,1746798758490,1,0.0115,0.01101617,46.32,BTC-30MAY25-115000-C,103634.48,buy,12.5,12.5,,,,,,,1746798758.49
2267,365490870,1746798758490,1,0.0115,0.01101617,46.32,BTC-30MAY25-115000-C,103634.48,buy,1.4,1.4,,,,,,,1746798758.49
2262,365490865,1746798758490,1,0.0115,0.01101617,46.32,BTC-30MAY25-115000-C,103634.48,buy,8.1,8.1,,,,,,,1746798758.49
2269,365490872,1746798758490,1,0.0115,0.01101617,46.32,BTC-30MAY25-115000-C,103634.48,buy,0.2,0.2,,,,,,,1746798758.49
2263,365490866,1746798758490,1,0.0115,0.01101617,46.32,BTC-30MAY25-115000-C,103634.48,buy,9.7,9.7,,,,,,,1746798758.49
2265,365490868,1746798758490,1,0.0115,0.01101617,46.32,BTC-30MAY25-115000-C,103634.48,buy,1.0,1.0,,,,,,,1746798758.49
2260,365490863,1746798758490,0,0.0115,0.01101617,46.32,BTC-30MAY25-115000-C,103634.48,buy,1.2,1.2,,,,,,,1746798758.49
2266,365490869,1746798758490,1,0.0115,0.01101617,46.32,BTC-30MAY25-115000-C,103634.48,buy,1.0,1.0,,,,,,,1746798758.49
2270,365494677,1746799618829,1,0.0115,0.01137094,46.6,BTC-30MAY25-115000-C,103505.99,sell,0.9,0.9,,,,,,,1746799618.829
2271,365495932,1746800009772,1,0.0115,0.01154712,46.48,BTC-30MAY25-115000-C,103556.33,buy,0.1,0.1,,,,,,,1746800009.772
2272,365496747,1746800286956,1,0.0115,0.01168121,46.18,BTC-30MAY25-115000-C,103688.21,sell,0.1,0.1,,,,,,,1746800286.956
2273,365496748,1746800286959,1,0.0115,0.01168121,46.18,BTC-30MAY25-115000-C,103688.21,buy,1.3,1.3,,,,,,,1746800286.959
2274,365496749,1746800287453,1,0.0115,0.01168121,46.18,BTC-30MAY25-115000-C,103688.21,buy,0.1,0.1,,,,,,,1746800287.453
2275,365497845,1746800546571,2,0.0105,0.01097859,45.7,BTC-30MAY25-115000-C,103283.96,sell,0.1,0.1,,,,,,,1746800546.571
2276,365506105,1746802069581,2,0.01,0.00999026,46.4,BTC-30MAY25-115000-C,102766.93,sell,1.0,1.0,,,,,,,1746802069.581
2277,365506313,1746802098242,3,0.01,0.00989,46.5,BTC-30MAY25-115000-C,102728.11,sell,0.6,0.6,,,,,,,1746802098.242
2278,365506314,1746802098252,3,0.01,0.00989,46.5,BTC-30MAY25-115000-C,102728.11,sell,0.1,0.1,,,,,,,1746802098.252
2279,365506315,1746802098312,3,0.01,0.00989,46.5,BTC-30MAY25-115000-C,102728.11,sell,0.1,0.1,,,,,,,1746802098.312
2280,365509703,1746803363389,0,0.011,0.01075161,46.77,BTC-30MAY25-115000-C,103213.51,sell,0.2,0.2,,,,,,,1746803363.389
2281,365509738,1746803403448,2,0.0105,0.01065401,46.15,BTC-30MAY25-115000-C,103164.27,buy,1.0,1.0,,,,,,,1746803403.448
2282,365511051,1746804111934,3,0.0105,0.01020706,46.88,BTC-30MAY25-115000-C,102907.36,buy,0.1,0.1,,,,,,,1746804111.934
2287,365511242,1746804196338,3,0.0095,0.00998793,45.6,BTC-30MAY25-115000-C,102779.89,sell,25.2,25.2,,,,,,,1746804196.338
2286,365511241,1746804196338,3,0.0095,0.00998793,45.6,BTC-30MAY25-115000-C,102779.89,sell,8.1,8.1,,,,,,,1746804196.338
2284,365511239,1746804196338,3,0.0095,0.00998793,45.6,BTC-30MAY25-115000-C,102779.89,sell,4.6,4.6,,,,,,,1746804196.338
2285,365511240,1746804196338,3,0.0095,0.00998793,45.6,BTC-30MAY25-115000-C,102779.89,sell,0.9,0.9,,,,,,,1746804196.338
2283,365511238,1746804196338,2,0.0095,0.00998793,45.6,BTC-30MAY25-115000-C,102779.89,sell,1.2,1.2,,,,,,,1746804196.338
2288,365513359,1746805663557,0,0.0096,0.00988006,45.8,BTC-30MAY25-115000-C,102776.29,sell,100.0,100.0,2.0,BLOCK-197252,,BTC-RR-30MAY25-94000_115000,,,1746805663.557
2289,365516590,1746807130802,2,0.0095,0.00975476,45.89,BTC-30MAY25-115000-C,102687.94,sell,100.0,100.0,2.0,BLOCK-197257,,BTC-RR-30MAY25-96000_115000,,,1746807130.802
2290,365517314,1746807215501,0,0.01,0.00995748,46.31,BTC-30MAY25-115000-C,102825.46,sell,0.2,0.2,,,,,,,1746807215.501
2291,365517892,1746807663697,2,0.0095,0.00998501,45.44,BTC-30MAY25-115000-C,102849.03,sell,0.1,0.1,,,,,,,1746807663.697
2292,365518473,1746807996024,3,0.0095,0.00982689,45.7,BTC-30MAY25-115000-C,102759.66,sell,0.1,0.1,,,,,,,1746807996.024
2293,365519211,1746808783537,3,0.0095,0.00971485,45.69,BTC-30MAY25-115000-C,102761.87,sell,1.0,1.0,,,,,,,1746808783.537
2294,365519212,1746808793954,3,0.0095,0.00972628,45.68,BTC-30MAY25-115000-C,102764.43,sell,1.0,1.0,,,,,,,1746808793.954
2295,365519265,1746808869103,3,0.0095,0.00971729,45.69,BTC-30MAY25-115000-C,102759.98,sell,1.0,1.0,,,,,,,1746808869.103
2297,365519419,1746808906520,3,0.0095,0.0097465,45.76,BTC-30MAY25-115000-C,102725.21,sell,0.9,0.9,,,,,,,1746808906.52
2296,365519418,1746808906520,3,0.0095,0.0097465,45.76,BTC-30MAY25-115000-C,102725.21,sell,0.1,0.1,,,,,,,1746808906.52
2298,365519426,1746808916865,3,0.0095,0.00962849,45.81,BTC-30MAY25-115000-C,102710.96,sell,0.8,0.8,,,,,,,1746808916.865
2299,365519427,1746808916927,3,0.0095,0.00962849,45.81,BTC-30MAY25-115000-C,102710.96,buy,0.2,0.2,,,,,,,1746808916.927
2300,365519442,1746808950448,3,0.0095,0.00966298,45.78,BTC-30MAY25-115000-C,102722.35,sell,1.0,1.0,,,,,,,1746808950.448
2301,365519603,1746809140652,3,0.0095,0.00960754,45.87,BTC-30MAY25-115000-C,102688.9,sell,1.0,1.0,,,,,,,1746809140.652
2302,365519605,1746809141167,3,0.0095,0.00961123,45.86,BTC-30MAY25-115000-C,102690.85,buy,1.0,1.0,,,,,,,1746809141.167
2303,365519620,1746809152115,3,0.0095,0.00962504,45.81,BTC-30MAY25-115000-C,102707.36,sell,1.0,1.0,,,,,,,1746809152.115
2304,365519660,1746809179822,3,0.0095,0.00972384,45.71,BTC-30MAY25-115000-C,102740.21,buy,1.0,1.0,,,,,,,1746809179.822
2305,365522095,1746810171631,3,0.0095,0.0094003,46.35,BTC-30MAY25-115000-C,102504.52,sell,0.2,0.2,,,,,,,1746810171.631
2306,365527957,1746814630834,0,0.0105,0.01021879,46.53,BTC-30MAY25-115000-C,103088.9,buy,0.1,0.1,,,,,,,1746814630.834
2307,365528614,1746815230856,1,0.0105,0.01035472,46.29,BTC-30MAY25-115000-C,103178.7,buy,0.1,0.1,,,,,,,1746815230.856
2308,365529000,1746815744354,2,0.01,0.01041605,45.33,BTC-30MAY25-115000-C,103248.85,sell,2.1,2.1,,,,,,,1746815744.354
