trade_seq,trade_id,timestamp,tick_direction,price,mark_price,iv,instrument_name,index_price,direction,contracts,amount,block_trade_leg_count,block_trade_id,combo_id,block_rfq_id,combo_trade_id,liquidation,unix_sec
4139,364038514,1746063353831,0,0.0285,0.02861667,43.32,BTC-30MAY25-100000-C,94682.52,sell,0.5,0.5,,,,,,,1746063353.831
4140,364042024,1746066813763,0,0.029,0.0293494,43.09,BTC-30MAY25-100000-C,94893.16,sell,0.7,0.7,,,,,,,1746066813.763
4141,364042026,1746066813908,1,0.029,0.0293494,43.09,BTC-30MAY25-100000-C,94893.16,sell,0.5,0.5,,,,,,,1746066813.908
4142,364042032,1746066814065,1,0.029,0.0293494,43.09,BTC-30MAY25-100000-C,94893.16,buy,8.3,8.3,,,,,,,1746066814.065
4143,364042042,1746066815543,1,0.029,0.02932334,43.12,BTC-30MAY25-100000-C,94884.92,buy,0.3,0.3,,,,,,,1746066815.543
4145,364042044,1746066817216,1,0.029,0.02931569,43.1,BTC-30MAY25-100000-C,94888.53,buy,0.6,0.6,,,,,,,1746066817.216
4147,364042046,1746066817216,1,0.029,0.02931569,43.1,BTC-30MAY25-100000-C,94888.53,buy,0.3,0.3,,,,,,,1746066817.216
4146,364042045,1746066817216,1,0.029,0.02931569,43.1,BTC-30MAY25-100000-C,94888.53,buy,1.0,1.0,,,,,,,1746066817.216
4144,364042043,1746066817216,1,0.029,0.02931569,43.1,BTC-30MAY25-100000-C,94888.53,buy,6.4,6.4,,,,,,,1746066817.216
4148,364042055,1746066823313,1,0.029,0.0293134,43.12,BTC-30MAY25-100000-C,94886.67,buy,0.1,0.1,,,,,,,1746066823.313
4149,364042061,1746066824333,1,0.029,0.02931127,43.11,BTC-30MAY25-100000-C,94889.58,buy,0.2,0.2,,,,,,,1746066824.333
4150,364042062,1746066824333,1,0.029,0.02931127,43.11,BTC-30MAY25-100000-C,94889.58,buy,0.3,0.3,,,,,,,1746066824.333
4153,364042065,1746066824336,1,0.029,0.02931127,43.11,BTC-30MAY25-100000-C,94889.58,buy,0.1,0.1,,,,,,,1746066824.336
4155,364042067,1746066824336,1,0.029,0.02931127,43.11,BTC-30MAY25-100000-C,94889.58,buy,0.2,0.2,,,,,,,1746066824.336
4154,364042066,1746066824336,1,0.029,0.02931127,43.11,BTC-30MAY25-100000-C,94889.58,buy,0.2,0.2,,,,,,,1746066824.336
4152,364042064,1746066824336,1,0.029,0.02931127,43.11,BTC-30MAY25-100000-C,94889.58,buy,0.1,0.1,,,,,,,1746066824.336
4151,364042063,1746066824336,1,0.029,0.02931127,43.11,BTC-30MAY25-100000-C,94889.58,buy,0.1,0.1,,,,,,,1746066824.336
4156,364042171,1746066995219,1,0.029,0.02945692,42.9,BTC-30MAY25-100000-C,94954.65,sell,2.5,2.5,,,,,,,1746066995.219
4157,364050234,1746078684480,0,0.0305,0.0302964,43.72,BTC-30MAY25-100000-C,95136.36,buy,0.1,0.1,,,,,,,1746078684.48
4159,364050236,1746078684480,1,0.0305,0.0302964,43.72,BTC-30MAY25-100000-C,95136.36,buy,0.2,0.2,,,,,,,1746078684.48
4160,364050237,1746078684480,1,0.0305,0.0302964,43.72,BTC-30MAY25-100000-C,95136.36,buy,1.0,1.0,,,,,,,1746078684.48
4158,364050235,1746078684480,1,0.0305,0.0302964,43.72,BTC-30MAY25-100000-C,95136.36,buy,0.1,0.1,,,,,,,1746078684.48
4161,364050238,1746078684482,1,0.0305,0.0302964,43.72,BTC-30MAY25-100000-C,95136.36,sell,0.2,0.2,,,,,,,1746078684.482
4162,364050239,1746078684487,1,0.0305,0.0302964,43.72,BTC-30MAY25-100000-C,95136.36,sell,5.4,5.4,,,,,,,1746078684.487
4163,364050861,1746079437325,1,0.0305,0.0304784,43.63,BTC-30MAY25-100000-C,95149.3,buy,0.6,0.6,,,,,,,1746079437.325
4164,364051154,1746080209582,2,0.03,0.03015699,43.3,BTC-30MAY25-100000-C,95120.04,sell,0.1,0.1,,,,,,,1746080209.582
4165,364051717,1746080868466,3,0.03,0.02980328,43.6,BTC-30MAY25-100000-C,95041.88,buy,0.1,0.1,,,,,,,1746080868.466
4166,364056267,1746086995205,3,0.03,0.0294575,43.93,BTC-30MAY25-100000-C,94936.53,buy,0.8,0.8,,,,,,,1746086995.205
4167,364056268,1746086995205,3,0.03,0.0294575,43.93,BTC-30MAY25-100000-C,94936.53,buy,5.2,5.2,,,,,,,1746086995.205
4168,364057599,1746088565810,0,0.0305,0.03025526,43.81,BTC-30MAY25-100000-C,95107.01,sell,0.2,0.2,,,,,,,1746088565.81
4169,364057728,1746088602157,1,0.0305,0.03034032,43.74,BTC-30MAY25-100000-C,95125.55,sell,0.1,0.1,,,,,,,1746088602.157
4170,364062463,1746093028255,0,0.0325,0.03247496,44.04,BTC-30MAY25-100000-C,95541.8,sell,0.1,0.1,,,,,,,1746093028.255
4171,364064895,1746093446586,0,0.0335,0.03294978,44.67,BTC-30MAY25-100000-C,95640.03,buy,0.1,0.1,,,,,,,1746093446.586
4172,364065117,1746093539397,2,0.033,0.03273073,44.45,BTC-30MAY25-100000-C,95563.54,sell,1.0,1.0,,,,,,,1746093539.397
4173,364065514,1746093627760,0,0.0335,0.0333113,44.46,BTC-30MAY25-100000-C,95684.33,buy,1.0,1.0,,,,,,,1746093627.76
4174,364065515,1746093627760,1,0.0335,0.0333113,44.46,BTC-30MAY25-100000-C,95684.33,buy,5.0,5.0,,,,,,,1746093627.76
4175,364067786,1746094597316,0,0.034,0.03386115,44.5,BTC-30MAY25-100000-C,95818.54,buy,0.1,0.1,,,,,,,1746094597.316
4176,364070222,1746094833992,0,0.036,0.03604313,44.38,BTC-30MAY25-100000-C,96336.27,sell,0.1,0.1,,,,,,,1746094833.992
4177,364074870,1746096154572,2,0.0355,0.03557136,44.58,BTC-30MAY25-100000-C,96162.15,sell,0.1,0.1,,,,,,,1746096154.572
4178,364075377,1746096461045,3,0.0355,0.03517409,44.98,BTC-30MAY25-100000-C,96064.5,buy,0.1,0.1,,,,,,,1746096461.045
4179,364075629,1746096556550,2,0.035,0.03501432,44.69,BTC-30MAY25-100000-C,96014.69,sell,0.1,0.1,,,,,,,1746096556.55
4180,364076615,1746097052978,0,0.0358,0.03573582,44.82,BTC-30MAY25-100000-C,96180.57,sell,35.0,35.0,2.0,BLOCK-195412,BTC-CS-30MAY25-96000_100000,,,,1746097052.978
4181,364077228,1746097288555,0,0.036,0.03604158,44.69,BTC-30MAY25-100000-C,96251.11,sell,0.1,0.1,,,,,,,1746097288.555
4182,364077996,1746097674808,1,0.036,0.03562136,45.1,BTC-30MAY25-100000-C,96129.83,buy,0.1,0.1,,,,,,,1746097674.808
4183,364080752,1746098538420,2,0.035,0.03508846,44.73,BTC-30MAY25-100000-C,95981.37,sell,0.5,0.5,,,,,,,1746098538.42
4184,364092858,1746101935888,0,0.0355,0.03567383,44.44,BTC-30MAY25-100000-C,96229.37,sell,0.6,0.6,,,,,,,1746101935.888
4185,364093579,1746102145075,0,0.036,0.03603393,44.55,BTC-30MAY25-100000-C,96311.62,buy,0.5,0.5,,,,,,,1746102145.075
4186,364094936,1746102600334,1,0.036,0.03587293,44.84,BTC-30MAY25-100000-C,96247.92,sell,2.0,2.0,,,,,,,1746102600.334
4187,364098366,1746103525563,0,0.0375,0.03682269,45.47,BTC-30MAY25-100000-C,96440.2,buy,0.1,0.1,,,,,,,1746103525.563
4188,364098407,1746103587743,2,0.037,0.03682546,45.03,BTC-30MAY25-100000-C,96436.65,sell,0.1,0.1,,,,,,,1746103587.743
4189,364106701,1746106528253,3,0.037,0.03645333,45.52,BTC-30MAY25-100000-C,96305.83,buy,0.1,0.1,,,,,,,1746106528.253
4190,364108739,1746106958186,2,0.0355,0.03563757,45.08,BTC-30MAY25-100000-C,96059.14,buy,0.3,0.3,,,,,,,1746106958.186
4191,364108740,1746106958189,3,0.0355,0.03563757,45.08,BTC-30MAY25-100000-C,96059.14,buy,0.6,0.6,,,,,,,1746106958.189
4192,364108741,1746106958196,3,0.0355,0.03563757,45.08,BTC-30MAY25-100000-C,96059.14,buy,1.1,1.1,,,,,,,1746106958.196
4193,364108744,1746106962363,3,0.0355,0.03554221,45.05,BTC-30MAY25-100000-C,96067.62,buy,4.0,4.0,,,,,,,1746106962.363
4194,364117056,1746108103065,2,0.035,0.03527158,44.84,BTC-30MAY25-100000-C,96017.65,buy,0.1,0.1,,,,,,,1746108103.065
4195,364123114,1746110349923,0,0.037,0.03740751,44.43,BTC-30MAY25-100000-C,96657.61,sell,0.1,0.1,,,,,,,1746110349.923
4196,364123196,1746110391209,1,0.037,0.03732983,44.49,BTC-30MAY25-100000-C,96648.95,buy,0.2,0.2,,,,,,,1746110391.209
4197,364123425,1746110546409,1,0.037,0.03734561,44.45,BTC-30MAY25-100000-C,96655.28,sell,0.2,0.2,,,,,,,1746110546.409
4198,364130279,1746112236689,0,0.04,0.04011362,44.84,BTC-30MAY25-100000-C,97247.58,buy,0.1,0.1,,,,,,,1746112236.689
4199,364132790,1746112506441,0,0.0415,0.04098947,45.42,BTC-30MAY25-100000-C,97462.31,buy,0.1,0.1,,,,,,,1746112506.441
4200,364134837,1746112800265,2,0.04,0.0398558,45.16,BTC-30MAY25-100000-C,97189.41,buy,0.1,0.1,,,,,,,1746112800.265
4201,364135690,1746112995385,2,0.0395,0.03951103,45.08,BTC-30MAY25-100000-C,97081.08,sell,0.1,0.1,,,,,,,1746112995.385
4203,364139312,1746113648182,3,0.039,0.03942177,44.63,BTC-30MAY25-100000-C,97087.94,sell,1.0,1.0,,,,,,,1746113648.182
4202,364139311,1746113648182,2,0.039,0.03942177,44.63,BTC-30MAY25-100000-C,97087.94,sell,0.9,0.9,,,,,,,1746113648.182
4204,364139313,1746113648185,3,0.039,0.03942177,44.63,BTC-30MAY25-100000-C,97087.94,buy,7.1,7.1,,,,,,,1746113648.185
4205,364139571,1746113761009,3,0.039,0.03930934,44.7,BTC-30MAY25-100000-C,97070.66,sell,0.1,0.1,,,,,,,1746113761.009
4206,364139713,1746113825022,0,0.0395,0.03967652,44.82,BTC-30MAY25-100000-C,97150.92,buy,0.5,0.5,,,,,,,1746113825.022
4207,364140752,1746114117106,0,0.04,0.03992155,45.0,BTC-30MAY25-100000-C,97228.93,buy,0.1,0.1,,,,,,,1746114117.106
4208,364140936,1746114212691,1,0.04,0.03962671,45.27,BTC-30MAY25-100000-C,97159.6,buy,0.1,0.1,,,,,,,1746114212.691
4209,364141019,1746114238584,2,0.0395,0.03938696,45.07,BTC-30MAY25-100000-C,97095.6,sell,1.0,1.0,,,,,,,1746114238.584
4210,364141790,1746114563691,2,0.039,0.03907605,44.94,BTC-30MAY25-100000-C,97003.66,sell,2.6,2.6,,,,,,,1746114563.691
4211,364141842,1746114589036,3,0.039,0.03907101,44.95,BTC-30MAY25-100000-C,97000.32,sell,0.2,0.2,,,,,,,1746114589.036
4212,364142619,1746114983981,3,0.039,0.03892894,45.2,BTC-30MAY25-100000-C,96928.83,sell,0.1,0.1,,,,,,,1746114983.981
4213,364142971,1746115166886,3,0.039,0.03902628,45.19,BTC-30MAY25-100000-C,96926.22,sell,2.0,2.0,,,,,,,1746115166.886
4214,364146273,1746116915656,0,0.04,0.03981828,44.9,BTC-30MAY25-100000-C,97258.91,buy,0.1,0.1,,,,,,,1746116915.656
4215,364149635,1746118400245,2,0.0395,0.03939278,44.74,BTC-30MAY25-100000-C,97189.29,sell,0.1,0.1,,,,,,,1746118400.245
4216,364150329,1746118580548,3,0.0395,0.03958987,44.58,BTC-30MAY25-100000-C,97215.98,buy,0.2,0.2,,,,,,,1746118580.548
4217,364150692,1746118709443,2,0.039,0.03919962,44.46,BTC-30MAY25-100000-C,97125.83,buy,0.2,0.2,,,,,,,1746118709.443
4218,364151185,1746118864366,2,0.0385,0.03884707,44.32,BTC-30MAY25-100000-C,97051.86,sell,0.2,0.2,,,,,,,1746118864.366
4219,364151799,1746119070391,0,0.0395,0.03961675,44.5,BTC-30MAY25-100000-C,97230.35,buy,0.2,0.2,,,,,,,1746119070.391
4220,364153263,1746120255305,2,0.039,0.03922774,44.4,BTC-30MAY25-100000-C,97163.35,buy,0.2,0.2,,,,,,,1746120255.305
4221,364164190,1746126674001,2,0.0365,0.036256,44.31,BTC-30MAY25-100000-C,96607.67,sell,0.1,0.1,,,,,,,1746126674.001
4222,364164218,1746126692676,3,0.0365,0.03631583,44.29,BTC-30MAY25-100000-C,96610.45,sell,0.6,0.6,,,,,,,1746126692.676
4223,364172965,1746132159303,0,0.037,0.03692051,44.44,BTC-30MAY25-100000-C,96710.66,sell,0.1,0.1,,,,,,,1746132159.303
4224,364172968,1746132159308,1,0.037,0.03692051,44.44,BTC-30MAY25-100000-C,96710.66,sell,0.1,0.1,,,,,,,1746132159.308
4225,364172973,1746132159491,1,0.037,0.03692051,44.44,BTC-30MAY25-100000-C,96710.66,sell,0.1,0.1,,,,,,,1746132159.491
4226,364172974,1746132159499,1,0.037,0.03692051,44.44,BTC-30MAY25-100000-C,96710.66,sell,0.1,0.1,,,,,,,1746132159.499
4227,364172976,1746132159510,1,0.037,0.03692051,44.44,BTC-30MAY25-100000-C,96710.66,sell,0.2,0.2,,,,,,,1746132159.51
4228,364172978,1746132159525,1,0.037,0.03692051,44.44,BTC-30MAY25-100000-C,96710.66,sell,0.3,0.3,,,,,,,1746132159.525
4229,364172979,1746132159534,1,0.037,0.03692051,44.44,BTC-30MAY25-100000-C,96710.66,sell,0.1,0.1,,,,,,,1746132159.534
4230,364172980,1746132159543,1,0.037,0.03692051,44.44,BTC-30MAY25-100000-C,96710.66,sell,0.3,0.3,,,,,,,1746132159.543
4231,364172981,1746132159556,1,0.037,0.03692051,44.44,BTC-30MAY25-100000-C,96710.66,sell,0.1,0.1,,,,,,,1746132159.556
4232,364172983,1746132159639,1,0.037,0.03692051,44.44,BTC-30MAY25-100000-C,96710.66,sell,0.1,0.1,,,,,,,1746132159.639
4233,364172984,1746132159648,1,0.037,0.03692051,44.44,BTC-30MAY25-100000-C,96710.66,sell,0.1,0.1,,,,,,,1746132159.648
4234,364172988,1746132159694,1,0.037,0.0369226,44.45,BTC-30MAY25-100000-C,96706.57,sell,0.1,0.1,,,,,,,1746132159.694
4235,364172989,1746132159703,1,0.037,0.0369226,44.45,BTC-30MAY25-100000-C,96706.57,sell,0.1,0.1,,,,,,,1746132159.703
4236,364172990,1746132159707,1,0.037,0.0369226,44.45,BTC-30MAY25-100000-C,96706.57,sell,1.1,1.1,,,,,,,1746132159.707
4237,364172991,1746132159715,1,0.037,0.0369226,44.45,BTC-30MAY25-100000-C,96706.57,sell,0.9,0.9,,,,,,,1746132159.715
4238,364172992,1746132159727,1,0.037,0.0369226,44.45,BTC-30MAY25-100000-C,96706.57,sell,0.1,0.1,,,,,,,1746132159.727
4239,364172993,1746132159735,1,0.037,0.0369226,44.45,BTC-30MAY25-100000-C,96706.57,sell,0.1,0.1,,,,,,,1746132159.735
4240,364172995,1746132159747,1,0.037,0.0369226,44.45,BTC-30MAY25-100000-C,96706.57,sell,0.1,0.1,,,,,,,1746132159.747
4241,364172997,1746132159796,1,0.037,0.0369226,44.45,BTC-30MAY25-100000-C,96706.57,sell,0.1,0.1,,,,,,,1746132159.796
4242,364172999,1746132159840,1,0.037,0.0369226,44.45,BTC-30MAY25-100000-C,96706.57,sell,0.1,0.1,,,,,,,1746132159.84
4243,364173000,1746132160106,1,0.037,0.0369226,44.45,BTC-30MAY25-100000-C,96706.57,sell,0.1,0.1,,,,,,,1746132160.106
4244,364173005,1746132169328,1,0.037,0.03679413,44.56,BTC-30MAY25-100000-C,96682.12,sell,0.1,0.1,,,,,,,1746132169.328
4245,364173006,1746132169332,1,0.037,0.03679413,44.56,BTC-30MAY25-100000-C,96682.12,sell,0.1,0.1,,,,,,,1746132169.332
4246,364173024,1746132180977,1,0.037,0.03678505,44.58,BTC-30MAY25-100000-C,96680.9,sell,1.4,1.4,,,,,,,1746132180.977
4247,364174724,1746134769515,2,0.0368,0.03655999,44.58,BTC-30MAY25-100000-C,96633.7,buy,40.0,40.0,2.0,BLOCK-195536,BTC-CS-30MAY25-100000_105000,,,,1746134769.515
4248,364177397,1746138941312,2,0.036,0.03579439,44.47,BTC-30MAY25-100000-C,96459.95,sell,0.1,0.1,,,,,,,1746138941.312
4249,364182670,1746144313187,0,0.0365,0.0360718,44.46,BTC-30MAY25-100000-C,96614.83,buy,0.2,0.2,,,,,,,1746144313.187
4250,364183340,1746144822207,1,0.0365,0.03629016,44.17,BTC-30MAY25-100000-C,96688.79,buy,0.4,0.4,,,,,,,1746144822.207
4251,364185430,1746146241067,1,0.0365,0.03673178,43.74,BTC-30MAY25-100000-C,96823.93,sell,0.1,0.1,,,,,,,1746146241.067
4252,364192143,1746149134549,0,0.0385,0.03824594,44.26,BTC-30MAY25-100000-C,97129.18,sell,0.9,0.9,,,,,,,1746149134.549
4253,364192144,1746149134554,1,0.0385,0.03824594,44.26,BTC-30MAY25-100000-C,97129.18,sell,0.1,0.1,,,,,,,1746149134.554
4254,364192149,1746149134576,1,0.0385,0.03824594,44.26,BTC-30MAY25-100000-C,97129.18,sell,1.0,1.0,,,,,,,1746149134.576
4255,364199877,1746155808529,0,0.0398,0.03958219,45.5,BTC-30MAY25-100000-C,97104.18,buy,12.5,12.5,2.0,BLOCK-195565,BTC-CS-30MAY25-100000_105000,,,,1746155808.529
4256,364200301,1746156131479,2,0.0395,0.03935973,45.49,BTC-30MAY25-100000-C,97044.98,sell,0.1,0.1,,,,,,,1746156131.479
4257,364200302,1746156131479,3,0.0395,0.03935973,45.49,BTC-30MAY25-100000-C,97044.98,sell,0.6,0.6,,,,,,,1746156131.479
4258,364207380,1746160012926,0,0.041,0.04094436,46.36,BTC-30MAY25-100000-C,97143.98,sell,0.4,0.4,,,,,,,1746160012.926
4259,364207386,1746160023167,1,0.041,0.04094341,46.35,BTC-30MAY25-100000-C,97144.35,sell,0.4,0.4,,,,,,,1746160023.167
4264,364214382,1746163573862,3,0.04,0.03956292,46.67,BTC-30MAY25-100000-C,96847.31,buy,8.9,8.9,,,,,,,1746163573.862
4261,364214379,1746163573862,3,0.04,0.03956292,46.67,BTC-30MAY25-100000-C,96847.31,buy,1.0,1.0,,,,,,,1746163573.862
4262,364214380,1746163573862,3,0.04,0.03956292,46.67,BTC-30MAY25-100000-C,96847.31,buy,0.7,0.7,,,,,,,1746163573.862
4263,364214381,1746163573862,3,0.04,0.03956292,46.67,BTC-30MAY25-100000-C,96847.31,buy,0.9,0.9,,,,,,,1746163573.862
4260,364214378,1746163573862,2,0.04,0.03956292,46.67,BTC-30MAY25-100000-C,96847.31,buy,2.6,2.6,,,,,,,1746163573.862
4265,364214383,1746163573862,3,0.04,0.03956292,46.67,BTC-30MAY25-100000-C,96847.31,buy,8.9,8.9,,,,,,,1746163573.862
4266,364214384,1746163573862,3,0.04,0.03956292,46.67,BTC-30MAY25-100000-C,96847.31,buy,0.7,0.7,,,,,,,1746163573.862
4268,364214386,1746163573866,3,0.04,0.03956292,46.67,BTC-30MAY25-100000-C,96847.31,sell,7.4,7.4,,,,,,,1746163573.866
4267,364214385,1746163573866,3,0.04,0.03956292,46.67,BTC-30MAY25-100000-C,96847.31,sell,0.2,0.2,,,,,,,1746163573.866
4269,364214387,1746163573868,3,0.04,0.03956292,46.67,BTC-30MAY25-100000-C,96847.31,sell,12.6,12.6,,,,,,,1746163573.868
4270,364214388,1746163573873,3,0.04,0.03956292,46.67,BTC-30MAY25-100000-C,96847.31,sell,1.0,1.0,,,,,,,1746163573.873
4271,364214389,1746163573874,3,0.04,0.03956292,46.67,BTC-30MAY25-100000-C,96847.31,sell,0.1,0.1,,,,,,,1746163573.874
4272,364214390,1746163573876,3,0.04,0.03956292,46.67,BTC-30MAY25-100000-C,96847.31,sell,0.1,0.1,,,,,,,1746163573.876
4273,364214391,1746163574132,3,0.04,0.03956292,46.67,BTC-30MAY25-100000-C,96847.31,sell,0.1,0.1,,,,,,,1746163574.132
4274,364214393,1746163576868,3,0.04,0.03956038,46.67,BTC-30MAY25-100000-C,96847.3,sell,0.1,0.1,,,,,,,1746163576.868
4275,364214394,1746163576872,3,0.04,0.03956038,46.67,BTC-30MAY25-100000-C,96847.3,sell,1.0,1.0,,,,,,,1746163576.872
4276,364214395,1746163577166,3,0.04,0.03956038,46.67,BTC-30MAY25-100000-C,96847.3,sell,0.1,0.1,,,,,,,1746163577.166
4277,364214396,1746163579875,3,0.04,0.03956176,46.67,BTC-30MAY25-100000-C,96847.3,sell,0.1,0.1,,,,,,,1746163579.875
4278,364214397,1746163580209,3,0.04,0.03956588,46.66,BTC-30MAY25-100000-C,96847.3,sell,0.1,0.1,,,,,,,1746163580.209
4279,364214398,1746163583153,3,0.04,0.03956724,46.66,BTC-30MAY25-100000-C,96847.77,sell,0.1,0.1,,,,,,,1746163583.153
4280,364214399,1746163583636,3,0.04,0.03957192,46.66,BTC-30MAY25-100000-C,96847.72,sell,0.1,0.1,,,,,,,1746163583.636
4281,364214401,1746163586175,3,0.04,0.03957585,46.66,BTC-30MAY25-100000-C,96848.79,sell,0.1,0.1,,,,,,,1746163586.175
4282,364214402,1746163586636,3,0.04,0.03958369,46.64,BTC-30MAY25-100000-C,96852.03,sell,0.1,0.1,,,,,,,1746163586.636
4283,364214412,1746163621195,3,0.04,0.0396367,46.65,BTC-30MAY25-100000-C,96848.65,sell,3.0,3.0,,,,,,,1746163621.195
4284,364214414,1746163624741,3,0.04,0.0396486,46.65,BTC-30MAY25-100000-C,96849.31,sell,3.0,3.0,,,,,,,1746163624.741
4285,364214778,1746164020259,3,0.04,0.04013755,46.42,BTC-30MAY25-100000-C,96890.05,sell,0.1,0.1,,,,,,,1746164020.259
4286,364214779,1746164020975,3,0.04,0.04013748,46.44,BTC-30MAY25-100000-C,96886.13,sell,0.1,0.1,,,,,,,1746164020.975
4287,364214780,1746164020987,3,0.04,0.04013748,46.44,BTC-30MAY25-100000-C,96886.13,sell,0.1,0.1,,,,,,,1746164020.987
4288,364214814,1746164032682,3,0.04,0.04004571,46.5,BTC-30MAY25-100000-C,96872.8,sell,0.2,0.2,,,,,,,1746164032.682
4289,364214913,1746164231220,3,0.04,0.03996992,46.67,BTC-30MAY25-100000-C,96843.69,sell,3.0,3.0,,,,,,,1746164231.22
4290,364215098,1746164717857,3,0.04,0.04015521,46.64,BTC-30MAY25-100000-C,96851.1,sell,3.0,3.0,,,,,,,1746164717.857
4291,364215345,1746165061615,3,0.04,0.04013364,46.63,BTC-30MAY25-100000-C,96849.72,sell,0.2,0.2,,,,,,,1746165061.615
4292,364215676,1746165158373,3,0.04,0.03998057,46.81,BTC-30MAY25-100000-C,96813.83,sell,0.1,0.1,,,,,,,1746165158.373
4293,364215714,1746165158423,3,0.04,0.03998057,46.81,BTC-30MAY25-100000-C,96813.83,sell,10.0,10.0,,,,,,,1746165158.423
4294,364215724,1746165158431,3,0.04,0.03998057,46.81,BTC-30MAY25-100000-C,96813.83,sell,0.1,0.1,,,,,,,1746165158.431
4295,364215729,1746165158445,3,0.04,0.03998057,46.81,BTC-30MAY25-100000-C,96813.83,sell,0.7,0.7,,,,,,,1746165158.445
4296,364215731,1746165158447,3,0.04,0.03998057,46.81,BTC-30MAY25-100000-C,96813.83,sell,0.2,0.2,,,,,,,1746165158.447
4297,364215732,1746165158457,3,0.04,0.03998057,46.81,BTC-30MAY25-100000-C,96813.83,sell,0.3,0.3,,,,,,,1746165158.457
4298,364215738,1746165158484,3,0.04,0.03998057,46.81,BTC-30MAY25-100000-C,96813.83,sell,0.3,0.3,,,,,,,1746165158.484
4299,364215745,1746165158541,3,0.04,0.03998057,46.81,BTC-30MAY25-100000-C,96813.83,sell,0.2,0.2,,,,,,,1746165158.541
4300,364215750,1746165158568,3,0.04,0.03998057,46.81,BTC-30MAY25-100000-C,96813.83,sell,0.2,0.2,,,,,,,1746165158.568
4301,364215751,1746165158581,3,0.04,0.03998057,46.81,BTC-30MAY25-100000-C,96813.83,sell,0.1,0.1,,,,,,,1746165158.581
4302,364215752,1746165158607,3,0.04,0.03998057,46.81,BTC-30MAY25-100000-C,96813.83,sell,0.4,0.4,,,,,,,1746165158.607
4303,364215754,1746165158662,3,0.04,0.03998057,46.81,BTC-30MAY25-100000-C,96813.83,sell,0.9,0.9,,,,,,,1746165158.662
4304,364215755,1746165158665,3,0.04,0.03998057,46.81,BTC-30MAY25-100000-C,96813.83,sell,0.1,0.1,,,,,,,1746165158.665
4305,364215759,1746165158699,3,0.04,0.03998057,46.81,BTC-30MAY25-100000-C,96813.83,sell,10.2,10.2,,,,,,,1746165158.699
4306,364215760,1746165158715,3,0.04,0.03998057,46.81,BTC-30MAY25-100000-C,96813.83,sell,16.5,16.5,,,,,,,1746165158.715
4307,364216257,1746165266413,2,0.0395,0.03964562,46.63,BTC-30MAY25-100000-C,96724.47,buy,0.1,0.1,,,,,,,1746165266.413
4310,364217977,1746166076650,1,0.04,0.03967622,46.85,BTC-30MAY25-100000-C,96766.02,buy,7.5,7.5,,,,,,,1746166076.65
4311,364217978,1746166076650,1,0.04,0.03967622,46.85,BTC-30MAY25-100000-C,96766.02,buy,0.8,0.8,,,,,,,1746166076.65
4312,364217979,1746166076650,1,0.04,0.03967622,46.85,BTC-30MAY25-100000-C,96766.02,buy,2.7,2.7,,,,,,,1746166076.65
4308,364217975,1746166076650,0,0.04,0.03967622,46.85,BTC-30MAY25-100000-C,96766.02,buy,0.4,0.4,,,,,,,1746166076.65
4309,364217976,1746166076650,1,0.04,0.03967622,46.85,BTC-30MAY25-100000-C,96766.02,buy,0.4,0.4,,,,,,,1746166076.65
4313,364217980,1746166076650,1,0.04,0.03967622,46.85,BTC-30MAY25-100000-C,96766.02,buy,2.8,2.8,,,,,,,1746166076.65
4314,364217981,1746166076650,1,0.04,0.03967622,46.85,BTC-30MAY25-100000-C,96766.02,buy,0.9,0.9,,,,,,,1746166076.65
4315,364217982,1746166076653,1,0.04,0.03967622,46.85,BTC-30MAY25-100000-C,96766.02,sell,0.4,0.4,,,,,,,1746166076.653
4316,364217983,1746166076692,1,0.04,0.03967622,46.85,BTC-30MAY25-100000-C,96766.02,sell,22.6,22.6,,,,,,,1746166076.692
4317,364217984,1746166076747,1,0.04,0.03967541,46.85,BTC-30MAY25-100000-C,96766.0,sell,0.1,0.1,,,,,,,1746166076.747
4318,364217987,1746166077504,1,0.04,0.03967541,46.85,BTC-30MAY25-100000-C,96766.0,sell,0.1,0.1,,,,,,,1746166077.504
4320,364217989,1746166077542,1,0.04,0.03967541,46.85,BTC-30MAY25-100000-C,96766.0,sell,0.3,0.3,,,,,,,1746166077.542
4319,364217988,1746166077542,1,0.04,0.03967541,46.85,BTC-30MAY25-100000-C,96766.0,sell,0.1,0.1,,,,,,,1746166077.542
4321,364217991,1746166078301,1,0.04,0.03967546,46.85,BTC-30MAY25-100000-C,96766.0,sell,0.1,0.1,,,,,,,1746166078.301
4322,364217992,1746166079074,1,0.04,0.03967546,46.85,BTC-30MAY25-100000-C,96765.18,sell,0.3,0.3,,,,,,,1746166079.074
4323,364217993,1746166079078,1,0.04,0.03967546,46.85,BTC-30MAY25-100000-C,96765.18,sell,0.2,0.2,,,,,,,1746166079.078
4324,364217994,1746166079118,1,0.04,0.03967546,46.85,BTC-30MAY25-100000-C,96765.18,sell,0.3,0.3,,,,,,,1746166079.118
4325,364217999,1746166083930,1,0.04,0.03966256,46.87,BTC-30MAY25-100000-C,96760.76,sell,0.2,0.2,,,,,,,1746166083.93
4326,364218002,1746166088034,1,0.04,0.03966498,46.87,BTC-30MAY25-100000-C,96760.61,sell,0.1,0.1,,,,,,,1746166088.034
4327,364218087,1746166130149,1,0.04,0.03973793,46.84,BTC-30MAY25-100000-C,96766.91,sell,3.0,3.0,,,,,,,1746166130.149
4328,364218703,1746166465347,1,0.04,0.03993767,46.95,BTC-30MAY25-100000-C,96744.46,sell,3.0,3.0,,,,,,,1746166465.347
4329,364218876,1746166542870,1,0.04,0.03989555,47.03,BTC-30MAY25-100000-C,96731.31,sell,3.0,3.0,,,,,,,1746166542.87
4330,364219316,1746166762941,1,0.04,0.03998537,47.1,BTC-30MAY25-100000-C,96717.65,sell,0.2,0.2,,,,,,,1746166762.941
4331,364219317,1746166762943,1,0.04,0.03998537,47.1,BTC-30MAY25-100000-C,96717.65,sell,6.4,6.4,,,,,,,1746166762.943
4332,364219319,1746166763044,1,0.04,0.03998537,47.1,BTC-30MAY25-100000-C,96717.65,sell,2.5,2.5,,,,,,,1746166763.044
4333,364219327,1746166765682,1,0.04,0.03986866,47.13,BTC-30MAY25-100000-C,96709.48,sell,0.4,0.4,,,,,,,1746166765.682
4334,364219338,1746166766979,1,0.04,0.03986866,47.13,BTC-30MAY25-100000-C,96709.69,sell,0.1,0.1,,,,,,,1746166766.979
4335,364219345,1746166768236,1,0.04,0.03986286,47.14,BTC-30MAY25-100000-C,96708.4,sell,7.3,7.3,,,,,,,1746166768.236
4336,364219448,1746166776817,1,0.04,0.03984393,47.18,BTC-30MAY25-100000-C,96700.92,sell,7.0,7.0,,,,,,,1746166776.817
4337,364219577,1746166784767,1,0.04,0.03980837,47.19,BTC-30MAY25-100000-C,96695.91,sell,8.0,8.0,,,,,,,1746166784.767
4338,364219578,1746166784769,1,0.04,0.03980837,47.19,BTC-30MAY25-100000-C,96695.91,sell,18.8,18.8,,,,,,,1746166784.769
4339,364229993,1746170872458,2,0.0385,0.038121,45.96,BTC-30MAY25-100000-C,96682.93,buy,0.1,0.1,,,,,,,1746170872.458
4340,364231775,1746171229531,2,0.0375,0.03742836,45.64,BTC-30MAY25-100000-C,96498.11,buy,1.0,1.0,,,,,,,1746171229.531
4341,364232160,1746171320009,3,0.0375,0.03750877,45.57,BTC-30MAY25-100000-C,96519.02,buy,12.5,12.5,2.0,BLOCK-195617,BTC-CDIAG-27JUN25_30MAY25-105000_100000,,,,1746171320.009
4342,364232598,1746171427490,3,0.0375,0.03734461,45.73,BTC-30MAY25-100000-C,96491.28,buy,1.0,1.0,,,,,,,1746171427.49
4343,364232599,1746171427490,3,0.0375,0.03734461,45.73,BTC-30MAY25-100000-C,96491.28,buy,2.7,2.7,,,,,,,1746171427.49
4344,364232600,1746171427498,3,0.0375,0.03734461,45.73,BTC-30MAY25-100000-C,96491.28,sell,0.2,0.2,,,,,,,1746171427.498
4345,364232601,1746171427498,3,0.0375,0.03734461,45.73,BTC-30MAY25-100000-C,96491.28,sell,0.1,0.1,,,,,,,1746171427.498
4346,364236113,1746172124777,2,0.037,0.03723216,45.37,BTC-30MAY25-100000-C,96489.95,sell,0.5,0.5,,,,,,,1746172124.777
4349,364241123,1746173233439,1,0.038,0.03744742,46.3,BTC-30MAY25-100000-C,96480.56,buy,5.0,5.0,,,,,,,1746173233.439
4348,364241122,1746173233439,1,0.038,0.03744742,46.3,BTC-30MAY25-100000-C,96480.56,buy,10.0,10.0,,,,,,,1746173233.439
4350,364241124,1746173233439,1,0.038,0.03744742,46.3,BTC-30MAY25-100000-C,96480.56,buy,7.6,7.6,,,,,,,1746173233.439
4347,364241121,1746173233439,0,0.038,0.03744742,46.3,BTC-30MAY25-100000-C,96480.56,buy,0.4,0.4,,,,,,,1746173233.439
4352,364241126,1746173233442,1,0.038,0.03744742,46.3,BTC-30MAY25-100000-C,96480.56,sell,1.0,1.0,,,,,,,1746173233.442
4351,364241125,1746173233442,1,0.038,0.03744742,46.3,BTC-30MAY25-100000-C,96480.56,sell,0.9,0.9,,,,,,,1746173233.442
4353,364241127,1746173233442,1,0.038,0.03744742,46.3,BTC-30MAY25-100000-C,96480.56,sell,16.0,16.0,,,,,,,1746173233.442
4354,364241128,1746173233449,1,0.038,0.03744742,46.3,BTC-30MAY25-100000-C,96480.56,sell,1.1,1.1,,,,,,,1746173233.449
4355,364241129,1746173233456,1,0.038,0.03744742,46.3,BTC-30MAY25-100000-C,96480.56,sell,0.1,0.1,,,,,,,1746173233.456
4356,364241177,1746173248921,1,0.038,0.03755747,46.22,BTC-30MAY25-100000-C,96499.06,sell,57.9,57.9,,,,,,,1746173248.921
4357,364241301,1746173283628,1,0.038,0.03763958,46.19,BTC-30MAY25-100000-C,96507.91,sell,0.1,0.1,,,,,,,1746173283.628
4359,364242539,1746173840827,1,0.039,0.03852205,46.71,BTC-30MAY25-100000-C,96608.99,buy,18.8,18.8,,,,,,,1746173840.827
4358,364242538,1746173840827,0,0.039,0.03852205,46.71,BTC-30MAY25-100000-C,96608.99,buy,0.4,0.4,,,,,,,1746173840.827
4360,364242540,1746173840827,1,0.039,0.03852205,46.71,BTC-30MAY25-100000-C,96608.99,buy,0.9,0.9,,,,,,,1746173840.827
4361,364242541,1746173840830,1,0.039,0.03852205,46.71,BTC-30MAY25-100000-C,96608.99,sell,0.1,0.1,,,,,,,1746173840.83
4362,364242542,1746173840830,1,0.039,0.03852205,46.71,BTC-30MAY25-100000-C,96608.99,sell,29.8,29.8,,,,,,,1746173840.83
4363,364242600,1746173851246,1,0.039,0.03853554,46.7,BTC-30MAY25-100000-C,96608.98,sell,0.2,0.2,,,,,,,1746173851.246
4365,364243101,1746174029363,1,0.0395,0.03916489,46.83,BTC-30MAY25-100000-C,96682.24,buy,10.0,10.0,,,,,,,1746174029.363
4364,364243100,1746174029363,0,0.0395,0.03916489,46.83,BTC-30MAY25-100000-C,96682.24,buy,0.9,0.9,,,,,,,1746174029.363
4366,364244609,1746174536782,0,0.04,0.03966208,47.23,BTC-30MAY25-100000-C,96665.05,sell,3.0,3.0,,,,,,,1746174536.782
4367,364244691,1746174589819,1,0.04,0.03975682,47.25,BTC-30MAY25-100000-C,96663.51,sell,10.0,10.0,,,,,,,1746174589.819
4370,364245321,1746174759715,1,0.04,0.03937607,47.62,BTC-30MAY25-100000-C,96574.88,buy,7.5,7.5,,,,,,,1746174759.715
4369,364245320,1746174759715,1,0.04,0.03937607,47.62,BTC-30MAY25-100000-C,96574.88,buy,8.0,8.0,,,,,,,1746174759.715
4368,364245319,1746174759715,1,0.04,0.03937607,47.62,BTC-30MAY25-100000-C,96574.88,buy,0.9,0.9,,,,,,,1746174759.715
4371,364245322,1746174759715,1,0.04,0.03937607,47.62,BTC-30MAY25-100000-C,96574.88,buy,9.5,9.5,,,,,,,1746174759.715
4372,364246303,1746175151858,0,0.0402,0.04006567,47.21,BTC-30MAY25-100000-C,96702.67,buy,9.0,9.0,3.0,BLOCK-195635,,,,,1746175151.858
4373,364246342,1746175158525,2,0.04,0.04006957,47.0,BTC-30MAY25-100000-C,96711.35,sell,0.9,0.9,,,,,,,1746175158.525
4374,364246365,1746175161552,3,0.04,0.04008523,47.0,BTC-30MAY25-100000-C,96711.74,sell,0.1,0.1,,,,,,,1746175161.552
4375,364246839,1746175367676,2,0.0395,0.040244,46.36,BTC-30MAY25-100000-C,96769.21,sell,0.1,0.1,,,,,,,1746175367.676
4376,364246840,1746175367677,3,0.0395,0.040244,46.36,BTC-30MAY25-100000-C,96769.21,sell,0.1,0.1,,,,,,,1746175367.677
4377,364255536,1746181271291,3,0.0395,0.03941561,46.17,BTC-30MAY25-100000-C,96916.65,buy,0.2,0.2,,,,,,,1746181271.291
4378,364255557,1746181288739,0,0.04,0.03938228,46.67,BTC-30MAY25-100000-C,96907.18,buy,0.4,0.4,,,,,,,1746181288.739
4379,364255558,1746181288739,1,0.04,0.03938228,46.67,BTC-30MAY25-100000-C,96907.18,buy,0.4,0.4,,,,,,,1746181288.739
4381,364255560,1746181288739,1,0.04,0.03938228,46.67,BTC-30MAY25-100000-C,96907.18,buy,8.8,8.8,,,,,,,1746181288.739
4380,364255559,1746181288739,1,0.04,0.03938228,46.67,BTC-30MAY25-100000-C,96907.18,buy,5.2,5.2,,,,,,,1746181288.739
4382,364255705,1746181416337,1,0.04,0.03920812,46.86,BTC-30MAY25-100000-C,96865.2,buy,15.0,15.0,,,,,,,1746181416.337
4384,364255907,1746181628135,3,0.0395,0.03908531,46.51,BTC-30MAY25-100000-C,96834.14,buy,2.6,2.6,,,,,,,1746181628.135
4385,364255908,1746181628135,3,0.0395,0.03908531,46.51,BTC-30MAY25-100000-C,96834.14,buy,2.4,2.4,,,,,,,1746181628.135
4383,364255906,1746181628135,2,0.0395,0.03908531,46.51,BTC-30MAY25-100000-C,96834.14,buy,5.0,5.0,,,,,,,1746181628.135
4386,364256477,1746182118766,0,0.04,0.03943411,46.68,BTC-30MAY25-100000-C,96909.66,buy,0.4,0.4,,,,,,,1746182118.766
4387,364256478,1746182118766,1,0.04,0.03943411,46.68,BTC-30MAY25-100000-C,96909.66,buy,2.6,2.6,,,,,,,1746182118.766
4388,364257041,1746182628535,2,0.0385,0.03917503,45.42,BTC-30MAY25-100000-C,96885.76,sell,0.2,0.2,,,,,,,1746182628.535
4389,364263013,1746188369114,2,0.038,0.03811588,45.22,BTC-30MAY25-100000-C,96870.89,buy,0.7,0.7,,,,,,,1746188369.114
4392,364269800,1746190641531,1,0.0395,0.03931753,45.39,BTC-30MAY25-100000-C,97202.08,buy,1.7,1.7,,,,,,,1746190641.531
4391,364269799,1746190641531,1,0.0395,0.03931753,45.39,BTC-30MAY25-100000-C,97202.08,buy,2.6,2.6,,,,,,,1746190641.531
4390,364269798,1746190641531,0,0.0395,0.03931753,45.39,BTC-30MAY25-100000-C,97202.08,buy,0.1,0.1,,,,,,,1746190641.531
4393,364269801,1746190641531,1,0.0395,0.03931753,45.39,BTC-30MAY25-100000-C,97202.08,buy,1.0,1.0,,,,,,,1746190641.531
4394,364269802,1746190641535,1,0.0395,0.03931753,45.39,BTC-30MAY25-100000-C,97202.08,sell,0.6,0.6,,,,,,,1746190641.535
4395,364273984,1746192534993,2,0.038,0.0381107,44.93,BTC-30MAY25-100000-C,96967.45,buy,0.5,0.5,,,,,,,1746192534.993
4396,364276704,1746193534284,3,0.038,0.03819264,44.73,BTC-30MAY25-100000-C,97016.62,buy,0.1,0.1,,,,,,,1746193534.284
4397,364282488,1746195255670,2,0.0375,0.03747784,44.83,BTC-30MAY25-100000-C,96861.04,sell,1.0,1.0,,,,,,,1746195255.67
4398,364282502,1746195274520,3,0.0375,0.03729463,44.9,BTC-30MAY25-100000-C,96848.65,buy,1.0,1.0,,,,,,,1746195274.52
4399,364287952,1746196834897,0,0.0405,0.04064792,44.46,BTC-30MAY25-100000-C,97679.37,sell,2.9,2.9,,,,,,,1746196834.897
4400,364287969,1746196834943,1,0.0405,0.04064792,44.46,BTC-30MAY25-100000-C,97679.37,sell,1.1,1.1,,,,,,,1746196834.943
4401,364288164,1746196853025,1,0.0405,0.04012685,44.88,BTC-30MAY25-100000-C,97582.66,buy,3.0,3.0,,,,,,,1746196853.025
4402,364294826,1746198309140,0,0.041,0.04112688,44.41,BTC-30MAY25-100000-C,97806.54,buy,0.3,0.3,,,,,,,1746198309.14
4403,364294827,1746198309149,1,0.041,0.04112688,44.41,BTC-30MAY25-100000-C,97806.54,buy,0.1,0.1,,,,,,,1746198309.149
4404,364294828,1746198309156,1,0.041,0.04112688,44.41,BTC-30MAY25-100000-C,97806.54,buy,0.1,0.1,,,,,,,1746198309.156
4405,364294829,1746198309163,1,0.041,0.04112825,44.39,BTC-30MAY25-100000-C,97812.05,buy,0.3,0.3,,,,,,,1746198309.163
4406,364294830,1746198309199,1,0.041,0.04112825,44.39,BTC-30MAY25-100000-C,97812.05,buy,5.2,5.2,,,,,,,1746198309.199
4407,364294924,1746198346376,0,0.0415,0.04099534,44.99,BTC-30MAY25-100000-C,97777.88,buy,0.2,0.2,,,,,,,1746198346.376
4408,364296517,1746198831755,2,0.04,0.04020726,44.34,BTC-30MAY25-100000-C,97590.58,sell,0.7,0.7,,,,,,,1746198831.755
4409,364296518,1746198831755,3,0.04,0.04020726,44.34,BTC-30MAY25-100000-C,97590.58,sell,0.3,0.3,,,,,,,1746198831.755
4410,364296758,1746198948064,0,0.0405,0.04058449,44.4,BTC-30MAY25-100000-C,97684.91,buy,0.1,0.1,,,,,,,1746198948.064
4411,364299427,1746199583911,2,0.0393,0.03923859,44.7,BTC-30MAY25-100000-C,97344.84,sell,10.0,10.0,,,BTC-ICOND-30MAY25-80000_86000_100000_105000,,364299426,,1746199583.911
4412,364304321,1746200942481,0,0.0395,0.03979487,44.26,BTC-30MAY25-100000-C,97508.37,sell,18.7,18.7,,,,,,,1746200942.481
4414,364304323,1746200942481,1,0.0395,0.03979487,44.26,BTC-30MAY25-100000-C,97508.37,sell,0.3,0.3,,,,,,,1746200942.481
4413,364304322,1746200942481,1,0.0395,0.03979487,44.26,BTC-30MAY25-100000-C,97508.37,sell,1.0,1.0,,,,,,,1746200942.481
4415,364311683,1746203284903,0,0.04,0.03994531,44.0,BTC-30MAY25-100000-C,97748.09,sell,0.1,0.1,,,,,,,1746203284.903
4416,364313455,1746203764313,2,0.0395,0.03932213,43.84,BTC-30MAY25-100000-C,97662.06,buy,0.4,0.4,,,,,,,1746203764.313
4417,364321475,1746208526859,2,0.038,0.0378121,43.56,BTC-30MAY25-100000-C,97418.6,sell,0.1,0.1,,,,,,,1746208526.859
4418,364333741,1746211838236,3,0.038,0.038059,43.43,BTC-30MAY25-100000-C,97454.61,sell,0.1,0.1,,,,,,,1746211838.236
4419,364333743,1746211838243,3,0.038,0.038059,43.43,BTC-30MAY25-100000-C,97454.61,sell,0.1,0.1,,,,,,,1746211838.243
4420,364333744,1746211838250,3,0.038,0.038059,43.43,BTC-30MAY25-100000-C,97454.61,sell,0.1,0.1,,,,,,,1746211838.25
4421,364333786,1746211845120,3,0.038,0.03800363,43.47,BTC-30MAY25-100000-C,97445.08,sell,0.3,0.3,,,,,,,1746211845.12
4422,364333788,1746211845126,3,0.038,0.03800363,43.47,BTC-30MAY25-100000-C,97445.08,sell,0.1,0.1,,,,,,,1746211845.126
4423,364333790,1746211845331,3,0.038,0.03800363,43.47,BTC-30MAY25-100000-C,97445.08,sell,0.1,0.1,,,,,,,1746211845.331
4424,364333796,1746211846466,3,0.038,0.03799332,43.51,BTC-30MAY25-100000-C,97437.22,sell,0.1,0.1,,,,,,,1746211846.466
4425,364333805,1746211847395,3,0.038,0.03797341,43.56,BTC-30MAY25-100000-C,97425.03,sell,4.1,4.1,,,,,,,1746211847.395
4426,364347986,1746215932756,2,0.036,0.03586211,43.57,BTC-30MAY25-100000-C,96996.68,buy,0.6,0.6,,,,,,,1746215932.756
4427,364360226,1746225551162,2,0.035,0.03493717,43.43,BTC-30MAY25-100000-C,96739.61,sell,0.1,0.1,,,,,,,1746225551.162
4428,364362911,1746229357620,0,0.0355,0.03510171,43.53,BTC-30MAY25-100000-C,96851.22,buy,1.7,1.7,,,,,,,1746229357.62
4430,364364826,1746232849753,3,0.035,0.03494958,43.42,BTC-30MAY25-100000-C,96774.3,sell,0.5,0.5,,,,,,,1746232849.753
4429,364364825,1746232849753,2,0.035,0.03494958,43.42,BTC-30MAY25-100000-C,96774.3,sell,0.2,0.2,,,,,,,1746232849.753
4431,364367556,1746234573103,2,0.0345,0.03440169,43.44,BTC-30MAY25-100000-C,96647.11,sell,0.4,0.4,,,,,,,1746234573.103
4432,364367557,1746234573113,3,0.0345,0.03440169,43.44,BTC-30MAY25-100000-C,96647.11,sell,0.1,0.1,,,,,,,1746234573.113
4433,364367695,1746234701643,2,0.034,0.03437216,43.03,BTC-30MAY25-100000-C,96631.45,sell,0.7,0.7,,,,,,,1746234701.643
4434,364367696,1746234701643,3,0.034,0.03437216,43.03,BTC-30MAY25-100000-C,96631.45,sell,0.7,0.7,,,,,,,1746234701.643
4435,364367697,1746234701643,3,0.034,0.03437216,43.03,BTC-30MAY25-100000-C,96631.45,sell,0.1,0.1,,,,,,,1746234701.643
4436,364374460,1746240238648,0,0.0345,0.03444924,43.6,BTC-30MAY25-100000-C,96626.91,sell,0.5,0.5,,,,,,,1746240238.648
4437,364375160,1746242282837,2,0.034,0.03386796,43.6,BTC-30MAY25-100000-C,96496.19,sell,0.4,0.4,,,,,,,1746242282.837
4438,364375161,1746242282837,3,0.034,0.03386796,43.6,BTC-30MAY25-100000-C,96496.19,sell,0.1,0.1,,,,,,,1746242282.837
4439,364375523,1746242707342,2,0.0335,0.03361012,43.35,BTC-30MAY25-100000-C,96446.14,sell,0.5,0.5,,,,,,,1746242707.342
4440,364375542,1746242712953,2,0.033,0.03360839,42.87,BTC-30MAY25-100000-C,96447.01,sell,0.1,0.1,,,,,,,1746242712.953
4441,364375565,1746242721597,3,0.033,0.0336059,42.87,BTC-30MAY25-100000-C,96446.97,sell,0.4,0.4,,,,,,,1746242721.597
4442,364375566,1746242721597,3,0.033,0.0336059,42.87,BTC-30MAY25-100000-C,96446.97,sell,4.8,4.8,,,,,,,1746242721.597
4443,364375567,1746242721597,3,0.033,0.0336059,42.87,BTC-30MAY25-100000-C,96446.97,sell,0.1,0.1,,,,,,,1746242721.597
4444,364375568,1746242721599,3,0.033,0.0336059,42.87,BTC-30MAY25-100000-C,96446.97,buy,4.1,4.1,,,,,,,1746242721.599
4445,364376966,1746243359289,3,0.033,0.03309791,43.11,BTC-30MAY25-100000-C,96399.05,sell,0.5,0.5,,,,,,,1746243359.289
4446,364380468,1746245411068,2,0.0325,0.03280019,42.45,BTC-30MAY25-100000-C,96455.98,sell,0.1,0.1,,,,,,,1746245411.068
4447,364384498,1746247306246,3,0.0325,0.0330076,42.3,BTC-30MAY25-100000-C,96538.8,sell,0.1,0.1,,,,,,,1746247306.246
4448,364384560,1746247385199,0,0.0335,0.03321065,43.06,BTC-30MAY25-100000-C,96576.82,buy,0.6,0.6,,,,,,,1746247385.199
4449,364391012,1746254981110,2,0.0325,0.03229612,43.37,BTC-30MAY25-100000-C,96275.09,sell,0.2,0.2,,,,,,,1746254981.11
4450,364391766,1746255638024,0,0.033,0.03219526,44.09,BTC-30MAY25-100000-C,96205.22,buy,0.2,0.2,,,,,,,1746255638.024
4451,364392313,1746256431662,2,0.0325,0.03289785,43.23,BTC-30MAY25-100000-C,96275.73,sell,0.2,0.2,,,,,,,1746256431.662
4452,364411522,1746262564908,3,0.0325,0.03286223,43.18,BTC-30MAY25-100000-C,96335.43,sell,0.5,0.5,,,,,,,1746262564.908
4453,364416963,1746266788123,3,0.0325,0.0325914,43.57,BTC-30MAY25-100000-C,96246.99,sell,0.1,0.1,,,,,,,1746266788.123
4454,364471126,1746279917820,2,0.032,0.0316203,43.21,BTC-30MAY25-100000-C,96288.07,buy,0.3,0.3,,,,,,,1746279917.82
4455,364482867,1746285604741,0,0.033,0.03265681,43.52,BTC-30MAY25-100000-C,96489.74,buy,0.3,0.3,,,,,,,1746285604.741
4456,364488907,1746291668519,2,0.0315,0.03152379,42.95,BTC-30MAY25-100000-C,96228.5,buy,0.9,0.9,,,,,,,1746291668.519
4457,364488908,1746291670556,3,0.0315,0.0315252,42.96,BTC-30MAY25-100000-C,96226.15,buy,0.4,0.4,,,,,,,1746291670.556
4458,364488909,1746291674633,3,0.0315,0.03151513,42.96,BTC-30MAY25-100000-C,96227.34,buy,0.4,0.4,,,,,,,1746291674.633
4459,364488914,1746291678756,3,0.0315,0.03151773,42.96,BTC-30MAY25-100000-C,96227.27,buy,0.9,0.9,,,,,,,1746291678.756
4460,364488915,1746291680779,3,0.0315,0.03151773,42.96,BTC-30MAY25-100000-C,96226.93,buy,0.3,0.3,,,,,,,1746291680.779
4461,364489017,1746291686903,3,0.0315,0.03149677,42.98,BTC-30MAY25-100000-C,96222.18,buy,0.3,0.3,,,,,,,1746291686.903
4462,364489018,1746291695080,3,0.0315,0.03150971,42.97,BTC-30MAY25-100000-C,96224.06,buy,0.3,0.3,,,,,,,1746291695.08
4463,364489614,1746292039457,2,0.031,0.03110036,42.82,BTC-30MAY25-100000-C,96139.93,buy,0.6,0.6,,,,,,,1746292039.457
4469,364499431,1746298190437,3,0.031,0.03172204,42.66,BTC-30MAY25-100000-C,96188.67,sell,3.1,3.1,,,,,,,1746298190.437
4465,364499427,1746298190437,3,0.031,0.03172204,42.66,BTC-30MAY25-100000-C,96188.67,sell,0.7,0.7,,,,,,,1746298190.437
4467,364499429,1746298190437,3,0.031,0.03172204,42.66,BTC-30MAY25-100000-C,96188.67,sell,6.0,6.0,,,,,,,1746298190.437
4466,364499428,1746298190437,3,0.031,0.03172204,42.66,BTC-30MAY25-100000-C,96188.67,sell,9.7,9.7,,,,,,,1746298190.437
4471,364499433,1746298190437,3,0.031,0.03172204,42.66,BTC-30MAY25-100000-C,96188.67,sell,24.4,24.4,,,,,,,1746298190.437
4468,364499430,1746298190437,3,0.031,0.03172204,42.66,BTC-30MAY25-100000-C,96188.67,sell,4.8,4.8,,,,,,,1746298190.437
4470,364499432,1746298190437,3,0.031,0.03172204,42.66,BTC-30MAY25-100000-C,96188.67,sell,0.6,0.6,,,,,,,1746298190.437
4464,364499426,1746298190437,3,0.031,0.03172204,42.66,BTC-30MAY25-100000-C,96188.67,sell,0.7,0.7,,,,,,,1746298190.437
4472,364522622,1746314903221,3,0.031,0.03088294,43.49,BTC-30MAY25-100000-C,96020.03,sell,0.1,0.1,,,,,,,1746314903.221
4473,364523306,1746315096203,3,0.031,0.03089419,43.42,BTC-30MAY25-100000-C,96029.81,buy,0.9,0.9,,,,,,,1746315096.203
4474,364524407,1746315296072,2,0.0305,0.03029031,43.49,BTC-30MAY25-100000-C,95890.92,buy,1.3,1.3,,,,,,,1746315296.072
4475,364525113,1746315341760,2,0.03,0.03012852,43.29,BTC-30MAY25-100000-C,95820.3,buy,0.6,0.6,,,,,,,1746315341.76
4478,364525966,1746315450444,3,0.0295,0.03007306,42.75,BTC-30MAY25-100000-C,95836.8,sell,4.0,4.0,,,,,,,1746315450.444
4477,364525965,1746315450444,3,0.0295,0.03007306,42.75,BTC-30MAY25-100000-C,95836.8,sell,0.7,0.7,,,,,,,1746315450.444
4476,364525964,1746315450444,2,0.0295,0.03007306,42.75,BTC-30MAY25-100000-C,95836.8,sell,0.6,0.6,,,,,,,1746315450.444
4479,364551658,1746323569735,0,0.0305,0.03042795,43.04,BTC-30MAY25-100000-C,96023.68,buy,0.4,0.4,,,,,,,1746323569.735
4480,364553837,1746325445804,0,0.0315,0.03118006,43.14,BTC-30MAY25-100000-C,96244.8,buy,2.2,2.2,,,,,,,1746325445.804
4481,364555204,1746326490388,2,0.0305,0.03015479,43.53,BTC-30MAY25-100000-C,95912.28,sell,0.1,0.1,,,,,,,1746326490.388
4482,364556737,1746327744422,2,0.03,0.03014452,43.17,BTC-30MAY25-100000-C,95874.03,buy,0.5,0.5,,,,,,,1746327744.422
4483,364559820,1746332362732,0,0.0305,0.03036071,43.4,BTC-30MAY25-100000-C,95948.26,buy,0.8,0.8,,,,,,,1746332362.732
4484,364559824,1746332363174,1,0.0305,0.03036166,43.41,BTC-30MAY25-100000-C,95948.05,buy,0.3,0.3,,,,,,,1746332363.174
4485,364560957,1746334262880,2,0.03,0.02965266,43.65,BTC-30MAY25-100000-C,95766.73,buy,2.1,2.1,,,,,,,1746334262.88
4486,364560958,1746334264761,3,0.03,0.02965266,43.65,BTC-30MAY25-100000-C,95766.29,buy,0.6,0.6,,,,,,,1746334264.761
4487,364563587,1746338254623,0,0.031,0.03107402,43.32,BTC-30MAY25-100000-C,96127.11,buy,0.1,0.1,,,,,,,1746338254.623
4488,364567395,1746343961818,2,0.0305,0.03050935,43.7,BTC-30MAY25-100000-C,95894.99,sell,0.1,0.1,,,,,,,1746343961.818
4489,364567396,1746343961824,3,0.0305,0.03050935,43.7,BTC-30MAY25-100000-C,95894.99,sell,0.1,0.1,,,,,,,1746343961.824
4490,364567412,1746343974721,3,0.0305,0.03048017,43.71,BTC-30MAY25-100000-C,95892.24,sell,0.1,0.1,,,,,,,1746343974.721
4491,364567418,1746343974789,3,0.0305,0.03048017,43.71,BTC-30MAY25-100000-C,95892.24,sell,0.1,0.1,,,,,,,1746343974.789
4492,364567419,1746343974800,3,0.0305,0.03048017,43.71,BTC-30MAY25-100000-C,95892.24,sell,0.1,0.1,,,,,,,1746343974.8
4493,364574723,1746347057562,2,0.03,0.02997268,43.74,BTC-30MAY25-100000-C,95819.21,sell,0.2,0.2,,,,,,,1746347057.562
4494,364574730,1746347067704,3,0.03,0.02990974,43.8,BTC-30MAY25-100000-C,95804.26,sell,0.3,0.3,,,,,,,1746347067.704
4495,364574737,1746347069558,3,0.03,0.02990874,43.8,BTC-30MAY25-100000-C,95805.26,sell,0.1,0.1,,,,,,,1746347069.558
4496,364574738,1746347069572,3,0.03,0.02990874,43.8,BTC-30MAY25-100000-C,95805.26,sell,0.1,0.1,,,,,,,1746347069.572
4497,364574739,1746347069670,3,0.03,0.02990874,43.8,BTC-30MAY25-100000-C,95805.26,sell,0.1,0.1,,,,,,,1746347069.67
4498,364574740,1746347069670,3,0.03,0.02990874,43.8,BTC-30MAY25-100000-C,95805.26,sell,0.1,0.1,,,,,,,1746347069.67
4499,364577325,1746347789307,2,0.0295,0.02928871,43.91,BTC-30MAY25-100000-C,95629.83,buy,0.3,0.3,,,,,,,1746347789.307
4500,364577622,1746347913925,3,0.0295,0.02935181,43.86,BTC-30MAY25-100000-C,95651.36,sell,0.1,0.1,,,,,,,1746347913.925
4501,364608125,1746361240105,2,0.029,0.02875143,44.09,BTC-30MAY25-100000-C,95521.53,sell,0.1,0.1,,,,,,,1746361240.105
4502,364615420,1746364602774,2,0.0285,0.02829766,43.91,BTC-30MAY25-100000-C,95463.92,sell,0.1,0.1,,,,,,,1746364602.774
4503,364623485,1746373842203,3,0.0285,0.02827726,43.74,BTC-30MAY25-100000-C,95506.08,buy,0.3,0.3,,,,,,,1746373842.203
4506,364624277,1746375417980,3,0.0285,0.0278751,44.16,BTC-30MAY25-100000-C,95408.84,buy,10.3,10.3,,,,,,,1746375417.98
4505,364624276,1746375417980,3,0.0285,0.0278751,44.16,BTC-30MAY25-100000-C,95408.84,buy,0.7,0.7,,,,,,,1746375417.98
4504,364624275,1746375417980,3,0.0285,0.0278751,44.16,BTC-30MAY25-100000-C,95408.84,buy,20.0,20.0,,,,,,,1746375417.98
4507,364624278,1746375417980,3,0.0285,0.0278751,44.16,BTC-30MAY25-100000-C,95408.84,buy,4.4,4.4,,,,,,,1746375417.98
4508,364624279,1746375417980,3,0.0285,0.0278751,44.16,BTC-30MAY25-100000-C,95408.84,buy,3.0,3.0,,,,,,,1746375417.98
4509,364624280,1746375417985,3,0.0285,0.0278751,44.16,BTC-30MAY25-100000-C,95408.84,sell,0.6,0.6,,,,,,,1746375417.985
4510,364624281,1746375417986,3,0.0285,0.0278751,44.16,BTC-30MAY25-100000-C,95408.84,sell,0.3,0.3,,,,,,,1746375417.986
4511,364624282,1746375417987,3,0.0285,0.0278751,44.16,BTC-30MAY25-100000-C,95408.84,sell,3.3,3.3,,,,,,,1746375417.987
4512,364624283,1746375417997,3,0.0285,0.0278751,44.16,BTC-30MAY25-100000-C,95408.84,sell,0.3,0.3,,,,,,,1746375417.997
4513,364624285,1746375418096,3,0.0285,0.0278751,44.16,BTC-30MAY25-100000-C,95408.84,sell,3.0,3.0,,,,,,,1746375418.096
4514,364624290,1746375418221,3,0.0285,0.0278751,44.16,BTC-30MAY25-100000-C,95408.84,sell,26.0,26.0,,,,,,,1746375418.221
4515,364624291,1746375418224,3,0.0285,0.0278751,44.16,BTC-30MAY25-100000-C,95408.84,sell,28.1,28.1,,,,,,,1746375418.224
4517,364624678,1746375684333,1,0.0295,0.02913801,44.75,BTC-30MAY25-100000-C,95473.9,buy,3.0,3.0,,,,,,,1746375684.333
4516,364624677,1746375684333,0,0.0295,0.02913801,44.75,BTC-30MAY25-100000-C,95473.9,buy,1.0,1.0,,,,,,,1746375684.333
4518,364624679,1746375684343,1,0.0295,0.02913801,44.75,BTC-30MAY25-100000-C,95473.9,buy,9.0,9.0,,,,,,,1746375684.343
4519,364624939,1746375867130,0,0.03,0.0295905,44.91,BTC-30MAY25-100000-C,95551.34,buy,1.3,1.3,,,,,,,1746375867.13
4520,364627457,1746378528949,0,0.0305,0.03007292,45.79,BTC-30MAY25-100000-C,95436.81,buy,0.5,0.5,,,,,,,1746378528.949
4521,364639998,1746390335037,1,0.0305,0.03012054,45.09,BTC-30MAY25-100000-C,95675.6,buy,2.0,2.0,,,,,,,1746390335.037
4522,364644420,1746396169934,2,0.0295,0.0293668,44.6,BTC-30MAY25-100000-C,95574.8,sell,0.1,0.1,,,,,,,1746396169.934
4525,364658656,1746399253876,3,0.0275,0.02707074,45.08,BTC-30MAY25-100000-C,94973.93,buy,8.4,8.4,,,,,,,1746399253.876
4523,364658654,1746399253876,2,0.0275,0.02707074,45.08,BTC-30MAY25-100000-C,94973.93,buy,1.5,1.5,,,,,,,1746399253.876
4524,364658655,1746399253876,3,0.0275,0.02707074,45.08,BTC-30MAY25-100000-C,94973.93,buy,0.5,0.5,,,,,,,1746399253.876
4526,364658657,1746399253893,3,0.0275,0.02707074,45.08,BTC-30MAY25-100000-C,94973.93,buy,0.5,0.5,,,,,,,1746399253.893
4527,364676598,1746406105604,2,0.0265,0.02677833,44.95,BTC-30MAY25-100000-C,94704.46,sell,0.1,0.1,,,,,,,1746406105.604
4528,364677779,1746407441282,2,0.0255,0.02590087,44.78,BTC-30MAY25-100000-C,94470.83,sell,0.1,0.1,,,,,,,1746407441.282
4529,364678287,1746407731814,3,0.0255,0.0260725,44.55,BTC-30MAY25-100000-C,94520.66,sell,0.7,0.7,,,,,,,1746407731.814
4531,364678289,1746407732580,3,0.0255,0.02607453,44.55,BTC-30MAY25-100000-C,94520.66,sell,0.1,0.1,,,,,,,1746407732.58
4530,364678288,1746407732580,3,0.0255,0.02607453,44.55,BTC-30MAY25-100000-C,94520.66,sell,0.2,0.2,,,,,,,1746407732.58
4532,364684517,1746409363592,2,0.0235,0.02392701,44.6,BTC-30MAY25-100000-C,93945.26,sell,0.1,0.1,,,,,,,1746409363.592
4533,364685199,1746410141053,0,0.024,0.02414948,44.78,BTC-30MAY25-100000-C,94035.08,buy,0.1,0.1,,,,,,,1746410141.053
4534,364685849,1746410442274,2,0.023,0.02340685,44.47,BTC-30MAY25-100000-C,93825.52,sell,0.1,0.1,,,,,,,1746410442.274
4535,364686348,1746410768035,0,0.0235,0.02364422,44.79,BTC-30MAY25-100000-C,93873.73,sell,0.1,0.1,,,,,,,1746410768.035
4536,364686356,1746410772105,1,0.0235,0.02356091,44.86,BTC-30MAY25-100000-C,93854.49,buy,1.3,1.3,,,,,,,1746410772.105
4537,364686357,1746410772389,1,0.0235,0.02356091,44.86,BTC-30MAY25-100000-C,93854.49,buy,0.1,0.1,,,,,,,1746410772.389
4538,364687304,1746410969020,2,0.023,0.02274774,45.24,BTC-30MAY25-100000-C,93604.64,sell,0.1,0.1,,,,,,,1746410969.02
4539,364690581,1746411668039,0,0.0255,0.02514954,45.33,BTC-30MAY25-100000-C,94321.52,buy,0.3,0.3,,,,,,,1746411668.039
4546,364691750,1746412693641,1,0.026,0.02527745,45.71,BTC-30MAY25-100000-C,94355.4,buy,0.7,0.7,,,,,,,1746412693.641
4548,364691752,1746412693641,1,0.026,0.02527745,45.71,BTC-30MAY25-100000-C,94355.4,buy,3.6,3.6,,,,,,,1746412693.641
4540,364691744,1746412693641,0,0.026,0.02527745,45.71,BTC-30MAY25-100000-C,94355.4,buy,1.0,1.0,,,,,,,1746412693.641
4550,364691754,1746412693641,1,0.026,0.02527745,45.71,BTC-30MAY25-100000-C,94355.4,buy,4.7,4.7,,,,,,,1746412693.641
4545,364691749,1746412693641,1,0.026,0.02527745,45.71,BTC-30MAY25-100000-C,94355.4,buy,20.6,20.6,,,,,,,1746412693.641
4544,364691748,1746412693641,1,0.026,0.02527745,45.71,BTC-30MAY25-100000-C,94355.4,buy,10.0,10.0,,,,,,,1746412693.641
4542,364691746,1746412693641,1,0.026,0.02527745,45.71,BTC-30MAY25-100000-C,94355.4,buy,32.6,32.6,,,,,,,1746412693.641
4543,364691747,1746412693641,1,0.026,0.02527745,45.71,BTC-30MAY25-100000-C,94355.4,buy,5.7,5.7,,,,,,,1746412693.641
4549,364691753,1746412693641,1,0.026,0.02527745,45.71,BTC-30MAY25-100000-C,94355.4,buy,10.5,10.5,,,,,,,1746412693.641
4547,364691751,1746412693641,1,0.026,0.02527745,45.71,BTC-30MAY25-100000-C,94355.4,buy,10.0,10.0,,,,,,,1746412693.641
4541,364691745,1746412693641,1,0.026,0.02527745,45.71,BTC-30MAY25-100000-C,94355.4,buy,0.6,0.6,,,,,,,1746412693.641
4551,364691757,1746412694471,2,0.0255,0.02527502,45.19,BTC-30MAY25-100000-C,94354.62,sell,4.0,4.0,,,,,,,1746412694.471
4552,364691759,1746412694478,3,0.0255,0.02527502,45.19,BTC-30MAY25-100000-C,94354.62,sell,4.0,4.0,,,,,,,1746412694.478
4553,364691761,1746412694482,3,0.0255,0.02527502,45.19,BTC-30MAY25-100000-C,94354.62,sell,2.5,2.5,,,,,,,1746412694.482
4554,364691803,1746412727385,0,0.026,0.02526518,45.73,BTC-30MAY25-100000-C,94344.68,buy,0.7,0.7,,,,,,,1746412727.385
4555,364693306,1746414397463,2,0.025,0.02529932,45.17,BTC-30MAY25-100000-C,94192.83,sell,0.1,0.1,,,,,,,1746414397.463
4556,364698932,1746418242930,2,0.0245,0.02463338,45.28,BTC-30MAY25-100000-C,94035.39,buy,0.9,0.9,,,,,,,1746418242.93
4557,364698954,1746418259940,3,0.0245,0.02464341,45.27,BTC-30MAY25-100000-C,94039.66,buy,0.1,0.1,,,,,,,1746418259.94
4558,364698955,1746418259958,3,0.0245,0.02464341,45.27,BTC-30MAY25-100000-C,94039.66,buy,0.1,0.1,,,,,,,1746418259.958
4559,364704224,1746421296460,0,0.0255,0.0254982,45.14,BTC-30MAY25-100000-C,94387.48,sell,0.1,0.1,,,,,,,1746421296.46
4560,364704294,1746421474943,1,0.0255,0.02551488,45.17,BTC-30MAY25-100000-C,94380.59,sell,0.1,0.1,,,,,,,1746421474.943
4562,364704974,1746422049725,3,0.025,0.02524511,45.0,BTC-30MAY25-100000-C,94281.43,sell,1.0,1.0,,,,,,,1746422049.725
4561,364704973,1746422049725,2,0.025,0.02524511,45.0,BTC-30MAY25-100000-C,94281.43,sell,0.9,0.9,,,,,,,1746422049.725
4563,364705239,1746422332220,0,0.0255,0.02534628,45.33,BTC-30MAY25-100000-C,94329.09,buy,1.0,1.0,,,,,,,1746422332.22
4564,364705240,1746422332220,1,0.0255,0.02534628,45.33,BTC-30MAY25-100000-C,94329.09,buy,1.1,1.1,,,,,,,1746422332.22
4565,364706823,1746423605784,0,0.026,0.02587217,45.13,BTC-30MAY25-100000-C,94524.59,buy,0.8,0.8,,,,,,,1746423605.784
4566,364709082,1746425041513,0,0.0265,0.0263673,45.17,BTC-30MAY25-100000-C,94682.94,buy,0.7,0.7,,,,,,,1746425041.513
4568,364709084,1746425041513,1,0.0265,0.0263673,45.17,BTC-30MAY25-100000-C,94682.94,buy,0.1,0.1,,,,,,,1746425041.513
4569,364709085,1746425041513,1,0.0265,0.0263673,45.17,BTC-30MAY25-100000-C,94682.94,buy,1.6,1.6,,,,,,,1746425041.513
4567,364709083,1746425041513,1,0.0265,0.0263673,45.17,BTC-30MAY25-100000-C,94682.94,buy,0.6,0.6,,,,,,,1746425041.513
4574,364709132,1746425055685,1,0.0265,0.02634297,45.2,BTC-30MAY25-100000-C,94674.54,buy,7.7,7.7,,,,,,,1746425055.685
4571,364709129,1746425055685,1,0.0265,0.02634297,45.2,BTC-30MAY25-100000-C,94674.54,buy,0.2,0.2,,,,,,,1746425055.685
4572,364709130,1746425055685,1,0.0265,0.02634297,45.2,BTC-30MAY25-100000-C,94674.54,buy,1.0,1.0,,,,,,,1746425055.685
4573,364709131,1746425055685,1,0.0265,0.02634297,45.2,BTC-30MAY25-100000-C,94674.54,buy,0.6,0.6,,,,,,,1746425055.685
4570,364709128,1746425055685,1,0.0265,0.02634297,45.2,BTC-30MAY25-100000-C,94674.54,buy,0.9,0.9,,,,,,,1746425055.685
4576,364709245,1746425195145,3,0.026,0.02633432,44.66,BTC-30MAY25-100000-C,94678.27,sell,7.7,7.7,,,,,,,1746425195.145
4575,364709244,1746425195145,2,0.026,0.02633432,44.66,BTC-30MAY25-100000-C,94678.27,sell,0.1,0.1,,,,,,,1746425195.145
4577,364709247,1746425195233,3,0.026,0.02633432,44.66,BTC-30MAY25-100000-C,94678.27,sell,0.4,0.4,,,,,,,1746425195.233
4578,364709248,1746425195309,3,0.026,0.02633432,44.66,BTC-30MAY25-100000-C,94678.27,sell,0.1,0.1,,,,,,,1746425195.309
4579,364709249,1746425195383,3,0.026,0.02633432,44.66,BTC-30MAY25-100000-C,94678.27,sell,0.2,0.2,,,,,,,1746425195.383
4580,364710055,1746426448225,0,0.027,0.02636488,45.92,BTC-30MAY25-100000-C,94606.06,buy,0.5,0.5,,,,,,,1746426448.225
4581,364713649,1746430104127,2,0.0265,0.02628325,45.51,BTC-30MAY25-100000-C,94576.14,buy,0.1,0.1,,,,,,,1746430104.127
4582,364718103,1746432328130,3,0.0265,0.02620557,45.01,BTC-30MAY25-100000-C,94743.81,buy,0.1,0.1,,,,,,,1746432328.13
4583,364718858,1746432775869,2,0.026,0.02584246,44.87,BTC-30MAY25-100000-C,94657.79,buy,0.1,0.1,,,,,,,1746432775.869
4584,364718859,1746432775869,3,0.026,0.02584246,44.87,BTC-30MAY25-100000-C,94657.79,buy,0.9,0.9,,,,,,,1746432775.869
4585,364719170,1746433020685,3,0.026,0.02602348,44.73,BTC-30MAY25-100000-C,94691.86,sell,0.8,0.8,,,,,,,1746433020.685
4586,364719519,1746433506752,3,0.026,0.02567196,45.06,BTC-30MAY25-100000-C,94607.43,buy,0.1,0.1,,,,,,,1746433506.752
4587,364721241,1746435822354,2,0.0255,0.02570197,44.81,BTC-30MAY25-100000-C,94547.06,sell,0.1,0.1,,,,,,,1746435822.354
4588,364721447,1746436054516,3,0.0255,0.02587794,44.61,BTC-30MAY25-100000-C,94594.09,sell,0.1,0.1,,,,,,,1746436054.516
4589,364724049,1746439455157,3,0.0255,0.0252939,45.12,BTC-30MAY25-100000-C,94485.16,sell,0.2,0.2,,,,,,,1746439455.157
4590,364724070,1746439456121,3,0.0255,0.02529063,45.12,BTC-30MAY25-100000-C,94483.09,sell,0.1,0.1,,,,,,,1746439456.121
4591,364724087,1746439460132,3,0.0255,0.02526283,45.15,BTC-30MAY25-100000-C,94475.3,sell,0.2,0.2,,,,,,,1746439460.132
4592,364724096,1746439460360,3,0.0255,0.02526283,45.15,BTC-30MAY25-100000-C,94475.3,sell,0.3,0.3,,,,,,,1746439460.36
4593,364724117,1746439466963,3,0.0255,0.02526304,45.16,BTC-30MAY25-100000-C,94470.56,sell,0.1,0.1,,,,,,,1746439466.963
4594,364724122,1746439466990,3,0.0255,0.02526304,45.16,BTC-30MAY25-100000-C,94470.56,sell,0.1,0.1,,,,,,,1746439466.99
4595,364724129,1746439467596,3,0.0255,0.02526304,45.16,BTC-30MAY25-100000-C,94470.56,sell,0.1,0.1,,,,,,,1746439467.596
4596,364724130,1746439467601,3,0.0255,0.02526304,45.16,BTC-30MAY25-100000-C,94470.56,sell,0.2,0.2,,,,,,,1746439467.601
4597,364725384,1746441330636,2,0.0245,0.02490488,44.38,BTC-30MAY25-100000-C,94384.63,sell,0.1,0.1,,,,,,,1746441330.636
4598,364726402,1746441748437,2,0.024,0.02449809,44.3,BTC-30MAY25-100000-C,94239.23,sell,0.5,0.5,,,,,,,1746441748.437
4599,364727890,1746442952281,3,0.024,0.02409195,44.6,BTC-30MAY25-100000-C,94166.25,buy,0.5,0.5,,,,,,,1746442952.281
4600,364731641,1746445310633,3,0.024,0.02346961,45.57,BTC-30MAY25-100000-C,93910.19,buy,1.0,1.0,,,,,,,1746445310.633
4601,364731691,1746445366483,3,0.024,0.02356679,45.48,BTC-30MAY25-100000-C,93933.08,buy,1.0,1.0,,,,,,,1746445366.483
4602,364731985,1746445631889,2,0.0235,0.02373937,44.75,BTC-30MAY25-100000-C,93995.71,sell,0.1,0.1,,,,,,,1746445631.889
4603,364736460,1746448987427,0,0.025,0.02498452,45.15,BTC-30MAY25-100000-C,94326.36,buy,0.9,0.9,,,,,,,1746448987.427
4604,364737896,1746450521558,1,0.025,0.02505899,45.19,BTC-30MAY25-100000-C,94317.32,sell,0.1,0.1,,,,,,,1746450521.558
4605,364740495,1746451960697,2,0.024,0.02408374,45.09,BTC-30MAY25-100000-C,94022.65,sell,1.2,1.2,,,,,,,1746451960.697
4606,364740496,1746451960697,3,0.024,0.02408374,45.09,BTC-30MAY25-100000-C,94022.65,sell,1.0,1.0,,,,,,,1746451960.697
4607,364740875,1746452038222,3,0.024,0.02399657,45.2,BTC-30MAY25-100000-C,93987.83,sell,0.7,0.7,,,,,,,1746452038.222
4608,364740876,1746452038228,3,0.024,0.02399657,45.2,BTC-30MAY25-100000-C,93987.83,sell,1.0,1.0,,,,,,,1746452038.228
4609,364742176,1746452388667,2,0.0235,0.02358199,45.13,BTC-30MAY25-100000-C,93868.82,sell,0.7,0.7,,,,,,,1746452388.667
4610,364752392,1746453858233,0,0.0255,0.02548754,45.2,BTC-30MAY25-100000-C,94447.82,sell,0.2,0.2,,,,,,,1746453858.233
4611,364752987,1746454035233,2,0.0245,0.024625,45.08,BTC-30MAY25-100000-C,94185.63,buy,0.1,0.1,,,,,,,1746454035.233
4612,364755527,1746454599707,2,0.0235,0.02390882,44.7,BTC-30MAY25-100000-C,93974.06,sell,0.2,0.2,,,,,,,1746454599.707
4613,364756051,1746454720211,0,0.024,0.0242228,44.89,BTC-30MAY25-100000-C,94063.67,buy,0.5,0.5,,,,,,,1746454720.211
4614,364757602,1746455033279,2,0.023,0.02348939,44.5,BTC-30MAY25-100000-C,93892.28,sell,0.1,0.1,,,,,,,1746455033.279
4615,364757603,1746455033279,3,0.023,0.02348939,44.5,BTC-30MAY25-100000-C,93892.28,sell,0.1,0.1,,,,,,,1746455033.279
4616,364759528,1746455770596,2,0.0225,0.02282045,44.41,BTC-30MAY25-100000-C,93769.21,sell,0.5,0.5,,,,,,,1746455770.596
4617,364760189,1746456022300,0,0.023,0.02353681,44.17,BTC-30MAY25-100000-C,93986.72,sell,0.2,0.2,,,,,,,1746456022.3
4618,364760606,1746456244190,0,0.0235,0.02379953,44.35,BTC-30MAY25-100000-C,94094.35,sell,0.5,0.5,,,,,,,1746456244.19
4619,364761094,1746456491277,1,0.0235,0.02401137,44.06,BTC-30MAY25-100000-C,94178.64,sell,0.1,0.1,,,,,,,1746456491.277
4620,364761835,1746456846246,2,0.023,0.02327328,44.22,BTC-30MAY25-100000-C,93986.34,sell,0.5,0.5,,,,,,,1746456846.246
4621,364763131,1746457352720,2,0.0225,0.0227566,44.23,BTC-30MAY25-100000-C,93805.11,sell,0.2,0.2,,,,,,,1746457352.72
4622,364764133,1746457728810,3,0.0225,0.0227942,44.18,BTC-30MAY25-100000-C,93815.28,sell,0.6,0.6,,,,,,,1746457728.81
4623,364765196,1746458069908,2,0.022,0.02253721,43.93,BTC-30MAY25-100000-C,93737.79,sell,0.1,0.1,,,,,,,1746458069.908
4624,364765197,1746458069908,3,0.022,0.02253721,43.93,BTC-30MAY25-100000-C,93737.79,sell,14.9,14.9,,,,,,,1746458069.908
4625,364769929,1746461043451,0,0.0225,0.02269008,44.15,BTC-30MAY25-100000-C,93859.12,sell,1.0,1.0,,,,,,,1746461043.451
4626,364769938,1746461050048,1,0.0225,0.0226712,44.12,BTC-30MAY25-100000-C,93867.77,buy,1.0,1.0,,,,,,,1746461050.048
4627,364772179,1746462512635,0,0.0235,0.02372621,43.92,BTC-30MAY25-100000-C,94239.53,sell,0.1,0.1,,,,,,,1746462512.635
4628,364772180,1746462512638,1,0.0235,0.02372621,43.92,BTC-30MAY25-100000-C,94239.53,buy,0.9,0.9,,,,,,,1746462512.638
4629,364772201,1746462532427,1,0.0235,0.02375713,43.91,BTC-30MAY25-100000-C,94240.97,sell,1.0,1.0,,,,,,,1746462532.427
4630,364772633,1746462924934,1,0.0235,0.02357133,44.0,BTC-30MAY25-100000-C,94226.13,buy,1.0,1.0,,,,,,,1746462924.934
4631,364772718,1746462983796,1,0.0235,0.02362672,43.94,BTC-30MAY25-100000-C,94242.81,buy,1.0,1.0,,,,,,,1746462983.796
4632,364772725,1746462996087,1,0.0235,0.02354343,44.01,BTC-30MAY25-100000-C,94225.86,buy,1.0,1.0,,,,,,,1746462996.087
4633,364774710,1746464692516,1,0.0235,0.02350915,43.92,BTC-30MAY25-100000-C,94239.88,buy,1.0,1.0,,,,,,,1746464692.516
4634,364776740,1746465402349,2,0.023,0.02294974,43.92,BTC-30MAY25-100000-C,94090.46,buy,1.0,1.0,,,,,,,1746465402.349
4636,364777365,1746465721631,1,0.0235,0.0234674,43.9,BTC-30MAY25-100000-C,94237.78,buy,1.0,1.0,,,,,,,1746465721.631
4635,364777364,1746465721631,0,0.0235,0.0234674,43.9,BTC-30MAY25-100000-C,94237.78,buy,1.1,1.1,,,,,,,1746465721.631
4637,364779155,1746466738537,0,0.024,0.02409813,43.81,BTC-30MAY25-100000-C,94426.21,buy,0.7,0.7,,,,,,,1746466738.537
4638,364779262,1746466746796,1,0.024,0.02410811,43.82,BTC-30MAY25-100000-C,94426.22,buy,0.3,0.3,,,,,,,1746466746.796
4639,364779399,1746466752583,0,0.0243,0.02427929,43.95,BTC-30MAY25-100000-C,94478.55,buy,13.0,13.0,2.0,BLOCK-195917,BTC-RR-30MAY25-90000_100000,,,,1746466752.583
4640,364779687,1746466768236,0,0.0245,0.0244557,43.96,BTC-30MAY25-100000-C,94530.26,buy,1.0,1.0,,,,,,,1746466768.236
4641,364780256,1746467019953,2,0.024,0.0241106,43.83,BTC-30MAY25-100000-C,94440.65,buy,1.0,1.0,,,,,,,1746467019.953
4642,364780299,1746467179284,3,0.024,0.02405664,43.82,BTC-30MAY25-100000-C,94431.91,buy,1.0,1.0,,,,,,,1746467179.284
4643,364781415,1746467553229,3,0.024,0.02403256,43.8,BTC-30MAY25-100000-C,94434.36,buy,1.0,1.0,,,,,,,1746467553.229
4644,364786894,1746469413427,0,0.0245,0.02470492,43.79,BTC-30MAY25-100000-C,94594.79,buy,0.6,0.6,,,,,,,1746469413.427
4645,364786896,1746469413541,1,0.0245,0.02470492,43.79,BTC-30MAY25-100000-C,94594.79,sell,0.7,0.7,,,,,,,1746469413.541
4646,364786898,1746469413638,1,0.0245,0.02470492,43.79,BTC-30MAY25-100000-C,94594.79,buy,0.4,0.4,,,,,,,1746469413.638
4647,364786899,1746469413740,1,0.0245,0.02470492,43.79,BTC-30MAY25-100000-C,94594.79,buy,0.2,0.2,,,,,,,1746469413.74
4648,364786900,1746469413838,1,0.0245,0.02470213,43.77,BTC-30MAY25-100000-C,94601.04,buy,2.5,2.5,,,,,,,1746469413.838
4649,364786913,1746469415432,1,0.0245,0.02470213,43.77,BTC-30MAY25-100000-C,94601.05,buy,13.1,13.1,,,,,,,1746469415.432
4650,364786941,1746469443941,1,0.0245,0.02469327,43.75,BTC-30MAY25-100000-C,94603.32,buy,0.7,0.7,,,,,,,1746469443.941
4652,364786987,1746469594870,3,0.024,0.02450579,43.32,BTC-30MAY25-100000-C,94584.79,sell,0.7,0.7,,,,,,,1746469594.87
4651,364786986,1746469594870,2,0.024,0.02450579,43.32,BTC-30MAY25-100000-C,94584.79,sell,1.0,1.0,,,,,,,1746469594.87
4653,364786988,1746469594953,3,0.024,0.02450579,43.32,BTC-30MAY25-100000-C,94584.79,sell,0.1,0.1,,,,,,,1746469594.953
4654,364786989,1746469595044,3,0.024,0.02450992,43.32,BTC-30MAY25-100000-C,94584.43,sell,1.0,1.0,,,,,,,1746469595.044
4655,364786990,1746469595132,3,0.024,0.02450992,43.32,BTC-30MAY25-100000-C,94584.43,sell,0.2,0.2,,,,,,,1746469595.132
4656,364786991,1746469595218,3,0.024,0.02450992,43.32,BTC-30MAY25-100000-C,94584.43,sell,0.6,0.6,,,,,,,1746469595.218
4657,364786992,1746469595306,3,0.024,0.02450992,43.32,BTC-30MAY25-100000-C,94584.43,sell,0.1,0.1,,,,,,,1746469595.306
4658,364794446,1746474501039,2,0.0235,0.02386461,43.32,BTC-30MAY25-100000-C,94430.14,sell,0.3,0.3,,,,,,,1746474501.039
4659,364794539,1746474584007,0,0.024,0.02383709,43.89,BTC-30MAY25-100000-C,94421.75,buy,0.1,0.1,,,,,,,1746474584.007
4660,364804730,1746482004745,0,0.025,0.02459858,43.72,BTC-30MAY25-100000-C,94800.66,buy,0.9,0.9,,,,,,,1746482004.745
4661,364804731,1746482004745,1,0.025,0.02459858,43.72,BTC-30MAY25-100000-C,94800.66,buy,0.1,0.1,,,,,,,1746482004.745
4662,364804864,1746482041612,1,0.025,0.02436858,43.96,BTC-30MAY25-100000-C,94742.04,buy,0.6,0.6,,,,,,,1746482041.612
4663,364805114,1746482273986,2,0.0245,0.02420588,43.58,BTC-30MAY25-100000-C,94715.79,buy,1.0,1.0,,,,,,,1746482273.986
4664,364805492,1746482535534,0,0.025,0.02451192,43.78,BTC-30MAY25-100000-C,94801.57,buy,1.0,1.0,,,,,,,1746482535.534
4665,364807164,1746483631656,0,0.0255,0.02499276,43.78,BTC-30MAY25-100000-C,94927.83,buy,0.1,0.1,,,,,,,1746483631.656
4666,364807578,1746484404951,1,0.0255,0.02513065,43.66,BTC-30MAY25-100000-C,94954.09,buy,0.1,0.1,,,,,,,1746484404.951
4669,364809466,1746485367370,3,0.0245,0.02510589,42.41,BTC-30MAY25-100000-C,95028.99,sell,10.4,10.4,,,,,,,1746485367.37
4670,364809467,1746485367370,3,0.0245,0.02510589,42.41,BTC-30MAY25-100000-C,95028.99,sell,3.0,3.0,,,,,,,1746485367.37
4668,364809465,1746485367370,3,0.0245,0.02510589,42.41,BTC-30MAY25-100000-C,95028.99,sell,0.7,0.7,,,,,,,1746485367.37
4667,364809464,1746485367370,2,0.0245,0.02510589,42.41,BTC-30MAY25-100000-C,95028.99,sell,0.9,0.9,,,,,,,1746485367.37
4671,364809673,1746485681763,3,0.0245,0.02511793,42.34,BTC-30MAY25-100000-C,95056.43,sell,5.0,5.0,,,,,,,1746485681.763
4672,364809751,1746485778386,3,0.0245,0.0250777,42.36,BTC-30MAY25-100000-C,95050.41,sell,5.0,5.0,,,,,,,1746485778.386
4673,364819661,1746497932896,2,0.0225,0.02239194,43.36,BTC-30MAY25-100000-C,94172.8,buy,0.1,0.1,,,,,,,1746497932.896
4674,364829628,1746508879631,0,0.0235,0.02320805,43.86,BTC-30MAY25-100000-C,94413.44,buy,0.1,0.1,,,,,,,1746508879.631
4675,364830037,1746509512022,1,0.0235,0.02298299,44.08,BTC-30MAY25-100000-C,94356.26,buy,0.1,0.1,,,,,,,1746509512.022
4676,364830998,1746510628230,1,0.0235,0.02302594,44.02,BTC-30MAY25-100000-C,94375.1,buy,1.5,1.5,,,,,,,1746510628.23
4677,364831980,1746512664682,2,0.023,0.02300047,43.3,BTC-30MAY25-100000-C,94428.28,buy,1.0,1.0,,,,,,,1746512664.682
4678,364837911,1746517859934,2,0.0225,0.02264928,43.01,BTC-30MAY25-100000-C,94406.95,sell,0.2,0.2,,,,,,,1746517859.934
4679,364839511,1746518549737,2,0.022,0.02236551,42.67,BTC-30MAY25-100000-C,94358.62,sell,0.3,0.3,,,,,,,1746518549.737
4680,364841696,1746519624408,2,0.0215,0.02157993,42.98,BTC-30MAY25-100000-C,94100.65,buy,0.1,0.1,,,,,,,1746519624.408
4681,364843393,1746520412339,3,0.0215,0.02170075,42.85,BTC-30MAY25-100000-C,94122.23,sell,0.1,0.1,,,,,,,1746520412.339
4682,364844239,1746521397374,0,0.0225,0.02198686,43.52,BTC-30MAY25-100000-C,94256.55,buy,1.0,1.0,,,,,,,1746521397.374
4683,364845118,1746522784445,2,0.022,0.02203958,43.09,BTC-30MAY25-100000-C,94243.29,sell,0.4,0.4,,,,,,,1746522784.445
4684,364845120,1746522786471,3,0.022,0.0220407,43.09,BTC-30MAY25-100000-C,94243.29,sell,0.4,0.4,,,,,,,1746522786.471
4685,364845138,1746522802118,3,0.022,0.02203833,43.11,BTC-30MAY25-100000-C,94240.79,sell,0.2,0.2,,,,,,,1746522802.118
4686,364845144,1746522804489,3,0.022,0.02203582,43.12,BTC-30MAY25-100000-C,94238.13,sell,0.1,0.1,,,,,,,1746522804.489
4687,364845147,1746522804624,3,0.022,0.02202531,43.13,BTC-30MAY25-100000-C,94236.1,sell,0.3,0.3,,,,,,,1746522804.624
4688,364845148,1746522804795,3,0.022,0.02202531,43.13,BTC-30MAY25-100000-C,94236.1,sell,0.1,0.1,,,,,,,1746522804.795
4689,364845156,1746522812951,3,0.022,0.02197833,43.17,BTC-30MAY25-100000-C,94224.34,sell,0.2,0.2,,,,,,,1746522812.951
4694,364845337,1746523124879,1,0.0225,0.02208699,43.78,BTC-30MAY25-100000-C,94203.72,buy,6.2,6.2,,,,,,,1746523124.879
4690,364845333,1746523124879,0,0.0225,0.02208699,43.78,BTC-30MAY25-100000-C,94203.72,buy,5.0,5.0,,,,,,,1746523124.879
4691,364845334,1746523124879,1,0.0225,0.02208699,43.78,BTC-30MAY25-100000-C,94203.72,buy,1.1,1.1,,,,,,,1746523124.879
4693,364845336,1746523124879,1,0.0225,0.02208699,43.78,BTC-30MAY25-100000-C,94203.72,buy,1.0,1.0,,,,,,,1746523124.879
4692,364845335,1746523124879,1,0.0225,0.02208699,43.78,BTC-30MAY25-100000-C,94203.72,buy,1.0,1.0,,,,,,,1746523124.879
4695,364845483,1746523243981,2,0.0215,0.02199128,42.76,BTC-30MAY25-100000-C,94185.88,sell,0.1,0.1,,,,,,,1746523243.981
4696,364845566,1746523335309,0,0.022,0.02194057,43.37,BTC-30MAY25-100000-C,94168.13,sell,11.6,11.6,,,,,,,1746523335.309
4697,364845567,1746523350368,0,0.0225,0.02195301,43.92,BTC-30MAY25-100000-C,94167.79,buy,4.4,4.4,,,,,,,1746523350.368
4698,364846308,1746523659536,2,0.0215,0.02201491,42.77,BTC-30MAY25-100000-C,94165.43,sell,0.1,0.1,,,,,,,1746523659.536
4699,364846315,1746523704828,3,0.0215,0.02203758,42.74,BTC-30MAY25-100000-C,94172.73,sell,0.5,0.5,,,,,,,1746523704.828
4700,364846316,1746523704828,3,0.0215,0.02203758,42.74,BTC-30MAY25-100000-C,94172.73,sell,0.5,0.5,,,,,,,1746523704.828
4702,364847009,1746524506112,1,0.022,0.02180712,43.48,BTC-30MAY25-100000-C,94122.2,buy,1.0,1.0,,,,,,,1746524506.112
4703,364847010,1746524506112,1,0.022,0.02180712,43.48,BTC-30MAY25-100000-C,94122.2,buy,5.0,5.0,,,,,,,1746524506.112
4701,364847008,1746524506112,0,0.022,0.02180712,43.48,BTC-30MAY25-100000-C,94122.2,buy,1.0,1.0,,,,,,,1746524506.112
4704,364847011,1746524506112,1,0.022,0.02180712,43.48,BTC-30MAY25-100000-C,94122.2,buy,1.0,1.0,,,,,,,1746524506.112
4705,364847016,1746524533601,1,0.022,0.02181227,43.48,BTC-30MAY25-100000-C,94121.93,buy,1.0,1.0,,,,,,,1746524533.601
4706,364847017,1746524533601,1,0.022,0.02181227,43.48,BTC-30MAY25-100000-C,94121.93,buy,1.0,1.0,,,,,,,1746524533.601
4708,364847019,1746524533603,1,0.022,0.02181227,43.48,BTC-30MAY25-100000-C,94121.93,sell,4.7,4.7,,,,,,,1746524533.603
4707,364847018,1746524533603,1,0.022,0.02181227,43.48,BTC-30MAY25-100000-C,94121.93,sell,1.3,1.3,,,,,,,1746524533.603
4709,364851059,1746528642860,2,0.0215,0.02096541,43.83,BTC-30MAY25-100000-C,93873.19,buy,0.2,0.2,,,,,,,1746528642.86
4710,364854114,1746531670177,2,0.0205,0.02089661,42.83,BTC-30MAY25-100000-C,93862.68,sell,0.1,0.1,,,,,,,1746531670.177
4711,364854258,1746531818589,0,0.021,0.02080055,43.46,BTC-30MAY25-100000-C,93830.97,buy,1.0,1.0,,,,,,,1746531818.589
4712,364856874,1746533277056,2,0.0205,0.02087701,42.85,BTC-30MAY25-100000-C,93856.53,sell,0.1,0.1,,,,,,,1746533277.056
4713,364856875,1746533277056,3,0.0205,0.02087701,42.85,BTC-30MAY25-100000-C,93856.53,sell,0.4,0.4,,,,,,,1746533277.056
4714,364856884,1746533291591,3,0.0205,0.02092204,42.8,BTC-30MAY25-100000-C,93869.37,sell,0.5,0.5,,,,,,,1746533291.591
4715,364856900,1746533309437,3,0.0205,0.02092575,42.79,BTC-30MAY25-100000-C,93872.41,sell,0.5,0.5,,,,,,,1746533309.437
4716,364857052,1746533452832,3,0.0205,0.02073794,42.95,BTC-30MAY25-100000-C,93837.19,buy,0.1,0.1,,,,,,,1746533452.832
4717,364857201,1746533543030,2,0.02,0.0205718,42.59,BTC-30MAY25-100000-C,93786.7,sell,0.5,0.5,,,,,,,1746533543.03
4718,364857213,1746533547653,3,0.02,0.0205274,42.62,BTC-30MAY25-100000-C,93777.2,sell,0.2,0.2,,,,,,,1746533547.653
4719,364857214,1746533547671,3,0.02,0.0205274,42.62,BTC-30MAY25-100000-C,93777.2,sell,0.1,0.1,,,,,,,1746533547.671
4720,364857325,1746533599816,3,0.02,0.02047871,42.67,BTC-30MAY25-100000-C,93758.64,sell,0.5,0.5,,,,,,,1746533599.816
4721,364858357,1746534639561,0,0.0205,0.02060915,42.93,BTC-30MAY25-100000-C,93841.22,buy,0.1,0.1,,,,,,,1746534639.561
4722,364858360,1746534640820,1,0.0205,0.02062244,42.91,BTC-30MAY25-100000-C,93844.94,buy,0.2,0.2,,,,,,,1746534640.82
4723,364858411,1746534670170,1,0.0205,0.02069715,42.82,BTC-30MAY25-100000-C,93866.87,buy,1.4,1.4,,,,,,,1746534670.17
4724,364858423,1746534672226,1,0.0205,0.02070263,42.81,BTC-30MAY25-100000-C,93869.26,buy,0.1,0.1,,,,,,,1746534672.226
4725,364860146,1746536484739,1,0.0205,0.02074038,42.82,BTC-30MAY25-100000-C,93887.98,buy,0.3,0.3,,,,,,,1746536484.739
4726,364862136,1746538223413,1,0.0205,0.02039144,43.34,BTC-30MAY25-100000-C,93738.34,sell,0.3,0.3,,,,,,,1746538223.413
4727,364866044,1746538982757,0,0.021,0.02111454,43.14,BTC-30MAY25-100000-C,93954.92,buy,0.1,0.1,,,,,,,1746538982.757
4728,364875482,1746540924698,1,0.021,0.02150395,42.83,BTC-30MAY25-100000-C,94067.97,sell,0.2,0.2,,,,,,,1746540924.698
4729,364876225,1746541033795,0,0.0215,0.02197065,42.86,BTC-30MAY25-100000-C,94200.98,sell,0.3,0.3,,,,,,,1746541033.795
4730,364876842,1746541163648,0,0.022,0.02220894,43.11,BTC-30MAY25-100000-C,94297.34,buy,0.6,0.6,,,,,,,1746541163.648
4731,364879535,1746541530538,1,0.022,0.02250966,42.72,BTC-30MAY25-100000-C,94427.64,sell,0.1,0.1,,,,,,,1746541530.538
4732,364880526,1746542026986,2,0.0215,0.02197317,42.74,BTC-30MAY25-100000-C,94261.18,sell,0.4,0.4,,,,,,,1746542026.986
4733,364880930,1746542157288,0,0.022,0.0226301,42.58,BTC-30MAY25-100000-C,94456.09,sell,0.7,0.7,,,,,,,1746542157.288
4734,364881318,1746542452618,2,0.0215,0.02201248,42.66,BTC-30MAY25-100000-C,94282.31,sell,0.2,0.2,,,,,,,1746542452.618
4735,364881731,1746542841669,3,0.0215,0.02188887,42.84,BTC-30MAY25-100000-C,94227.02,sell,0.1,0.1,,,,,,,1746542841.669
4736,364881732,1746542841669,3,0.0215,0.02188887,42.84,BTC-30MAY25-100000-C,94227.02,sell,0.3,0.3,,,,,,,1746542841.669
4737,364882897,1746543241591,3,0.0215,0.02159456,43.18,BTC-30MAY25-100000-C,94138.41,sell,0.5,0.5,,,,,,,1746543241.591
4738,364883352,1746543363160,2,0.021,0.02146905,42.75,BTC-30MAY25-100000-C,94096.9,sell,0.2,0.2,,,,,,,1746543363.16
4739,364883542,1746543491180,0,0.0215,0.02162252,43.1,BTC-30MAY25-100000-C,94147.76,buy,0.1,0.1,,,,,,,1746543491.18
4740,364883544,1746543491194,1,0.0215,0.02162252,43.1,BTC-30MAY25-100000-C,94147.76,buy,0.5,0.5,,,,,,,1746543491.194
4741,364884054,1746543730045,1,0.0215,0.02172999,42.94,BTC-30MAY25-100000-C,94189.99,sell,0.1,0.1,,,,,,,1746543730.045
4742,364884055,1746543730045,1,0.0215,0.02172999,42.94,BTC-30MAY25-100000-C,94189.99,sell,0.6,0.6,,,,,,,1746543730.045
4743,364884204,1746543813867,1,0.0215,0.02185205,42.8,BTC-30MAY25-100000-C,94225.66,sell,0.1,0.1,,,,,,,1746543813.867
4744,364891122,1746546213374,0,0.023,0.02326845,43.14,BTC-30MAY25-100000-C,94606.82,sell,1.0,1.0,,,,,,,1746546213.374
4745,364891123,1746546213494,1,0.023,0.02326845,43.14,BTC-30MAY25-100000-C,94606.82,buy,0.7,0.7,,,,,,,1746546213.494
4746,364891124,1746546213584,1,0.023,0.02326845,43.14,BTC-30MAY25-100000-C,94606.82,buy,0.1,0.1,,,,,,,1746546213.584
4747,364891125,1746546213878,1,0.023,0.02326845,43.14,BTC-30MAY25-100000-C,94606.82,buy,11.6,11.6,,,,,,,1746546213.878
4754,364891132,1746546214671,1,0.023,0.02324974,43.14,BTC-30MAY25-100000-C,94606.46,buy,0.2,0.2,,,,,,,1746546214.671
4750,364891128,1746546214671,1,0.023,0.02324974,43.14,BTC-30MAY25-100000-C,94606.46,buy,0.1,0.1,,,,,,,1746546214.671
4748,364891126,1746546214671,1,0.023,0.02324974,43.14,BTC-30MAY25-100000-C,94606.46,buy,3.8,3.8,,,,,,,1746546214.671
4755,364891133,1746546214671,1,0.023,0.02324974,43.14,BTC-30MAY25-100000-C,94606.46,buy,0.4,0.4,,,,,,,1746546214.671
4756,364891134,1746546214671,1,0.023,0.02324974,43.14,BTC-30MAY25-100000-C,94606.46,buy,0.6,0.6,,,,,,,1746546214.671
4751,364891129,1746546214671,1,0.023,0.02324974,43.14,BTC-30MAY25-100000-C,94606.46,buy,0.2,0.2,,,,,,,1746546214.671
4749,364891127,1746546214671,1,0.023,0.02324974,43.14,BTC-30MAY25-100000-C,94606.46,buy,2.5,2.5,,,,,,,1746546214.671
4753,364891131,1746546214671,1,0.023,0.02324974,43.14,BTC-30MAY25-100000-C,94606.46,buy,0.1,0.1,,,,,,,1746546214.671
4752,364891130,1746546214671,1,0.023,0.02324974,43.14,BTC-30MAY25-100000-C,94606.46,buy,0.6,0.6,,,,,,,1746546214.671
4757,364895035,1746548325975,0,0.0235,0.0236336,43.35,BTC-30MAY25-100000-C,94703.12,buy,0.7,0.7,,,,,,,1746548325.975
4758,364896095,1746549303861,1,0.0235,0.023347,43.62,BTC-30MAY25-100000-C,94629.68,buy,0.3,0.3,,,,,,,1746549303.861
4759,364896096,1746549303861,1,0.0235,0.023347,43.62,BTC-30MAY25-100000-C,94629.68,buy,1.0,1.0,,,,,,,1746549303.861
4760,364896996,1746550194619,2,0.0225,0.02267198,43.37,BTC-30MAY25-100000-C,94394.98,buy,1.0,1.0,,,,,,,1746550194.619
4761,364897342,1746550720703,2,0.022,0.02210974,43.32,BTC-30MAY25-100000-C,94253.38,buy,1.0,1.0,,,,,,,1746550720.703
4762,364898181,1746551162766,0,0.0225,0.02260606,43.3,BTC-30MAY25-100000-C,94413.22,sell,0.7,0.7,,,,,,,1746551162.766
4763,364898389,1746551402086,1,0.0225,0.02266258,43.2,BTC-30MAY25-100000-C,94444.63,buy,0.3,0.3,,,,,,,1746551402.086
4764,364898403,1746551416877,0,0.023,0.02258901,43.82,BTC-30MAY25-100000-C,94428.12,buy,25.0,25.0,1.0,BLOCK-196027,,,,,1746551416.877
4765,364898404,1746551418042,2,0.0225,0.02258693,43.27,BTC-30MAY25-100000-C,94428.14,buy,1.0,1.0,,,,,,,1746551418.042
4766,364898425,1746551451187,0,0.0231,0.02271794,43.79,BTC-30MAY25-100000-C,94463.25,buy,25.0,25.0,1.0,BLOCK-196028,,,,,1746551451.187
4767,364898458,1746551490561,1,0.0231,0.0225978,43.93,BTC-30MAY25-100000-C,94428.83,buy,25.0,25.0,1.0,BLOCK-196029,,,,,1746551490.561
4768,364898517,1746551496198,2,0.0225,0.02250991,43.42,BTC-30MAY25-100000-C,94391.7,sell,1.0,1.0,,,,,,,1746551496.198
4769,364898518,1746551496292,0,0.0231,0.02250991,44.07,BTC-30MAY25-100000-C,94391.7,buy,25.0,25.0,1.0,BLOCK-196030,,,,,1746551496.292
4770,364898520,1746551500193,1,0.0231,0.02246873,44.07,BTC-30MAY25-100000-C,94392.3,buy,25.0,25.0,1.0,BLOCK-196031,,,,,1746551500.193
4771,364898548,1746551562793,1,0.0231,0.02257834,43.97,BTC-30MAY25-100000-C,94415.86,buy,25.0,25.0,1.0,BLOCK-196032,,,,,1746551562.793
4772,364900569,1746552553704,0,0.0235,0.02363445,43.39,BTC-30MAY25-100000-C,94689.1,sell,0.8,0.8,,,,,,,1746552553.704
4773,364900570,1746552553704,1,0.0235,0.02363445,43.39,BTC-30MAY25-100000-C,94689.1,sell,0.7,0.7,,,,,,,1746552553.704
4774,364900571,1746552554189,1,0.0235,0.02363259,43.39,BTC-30MAY25-100000-C,94688.28,buy,0.3,0.3,,,,,,,1746552554.189
4775,364900576,1746552554223,1,0.0235,0.02363259,43.39,BTC-30MAY25-100000-C,94688.28,buy,0.1,0.1,,,,,,,1746552554.223
4776,364900577,1746552554239,1,0.0235,0.02363259,43.39,BTC-30MAY25-100000-C,94688.28,buy,0.9,0.9,,,,,,,1746552554.239
4777,364900578,1746552554241,1,0.0235,0.02363259,43.39,BTC-30MAY25-100000-C,94688.28,buy,0.2,0.2,,,,,,,1746552554.241
4778,364900580,1746552554278,1,0.0235,0.02363259,43.39,BTC-30MAY25-100000-C,94688.28,buy,0.1,0.1,,,,,,,1746552554.278
4779,364900581,1746552554673,1,0.0235,0.02363259,43.39,BTC-30MAY25-100000-C,94688.28,buy,0.4,0.4,,,,,,,1746552554.673
4780,364902049,1746553781141,2,0.023,0.02313295,43.44,BTC-30MAY25-100000-C,94519.3,buy,0.2,0.2,,,,,,,1746553781.141
4781,364902050,1746553781204,3,0.023,0.02313295,43.44,BTC-30MAY25-100000-C,94519.3,buy,0.2,0.2,,,,,,,1746553781.204
4782,364902051,1746553781207,3,0.023,0.02313295,43.44,BTC-30MAY25-100000-C,94519.3,buy,0.6,0.6,,,,,,,1746553781.207
4783,364902129,1746553887581,3,0.023,0.02340614,43.14,BTC-30MAY25-100000-C,94594.34,sell,0.5,0.5,,,,,,,1746553887.581
4784,364902359,1746554191263,3,0.023,0.02310641,43.45,BTC-30MAY25-100000-C,94515.83,buy,0.2,0.2,,,,,,,1746554191.263
4786,364903768,1746555617776,1,0.0245,0.02407614,44.06,BTC-30MAY25-100000-C,94800.76,buy,1.0,1.0,,,,,,,1746555617.776
4787,364903769,1746555617776,1,0.0245,0.02407614,44.06,BTC-30MAY25-100000-C,94800.76,buy,1.1,1.1,,,,,,,1746555617.776
4785,364903767,1746555617776,0,0.0245,0.02407614,44.06,BTC-30MAY25-100000-C,94800.76,buy,0.9,0.9,,,,,,,1746555617.776
4788,364906199,1746557800777,1,0.0245,0.02481132,43.23,BTC-30MAY25-100000-C,95015.59,buy,0.4,0.4,,,,,,,1746557800.777
4789,364906225,1746557802111,1,0.0245,0.02481297,43.23,BTC-30MAY25-100000-C,95015.59,buy,0.4,0.4,,,,,,,1746557802.111
4790,364907960,1746559047092,0,0.025,0.02475058,43.56,BTC-30MAY25-100000-C,95101.41,buy,0.5,0.5,,,,,,,1746559047.092
4791,364908203,1746559233085,2,0.0245,0.02450434,43.31,BTC-30MAY25-100000-C,95040.43,buy,1.0,1.0,,,,,,,1746559233.085
4792,364908205,1746559239689,3,0.0245,0.02447199,43.33,BTC-30MAY25-100000-C,95034.11,buy,1.0,1.0,,,,,,,1746559239.689
4793,364908768,1746559974625,0,0.025,0.02475578,43.53,BTC-30MAY25-100000-C,95112.2,buy,0.1,0.1,,,,,,,1746559974.625
4794,364909415,1746560814386,2,0.0245,0.02468705,43.05,BTC-30MAY25-100000-C,95104.34,buy,1.0,1.0,,,,,,,1746560814.386
4796,364910975,1746562290767,3,0.0245,0.02453685,43.32,BTC-30MAY25-100000-C,95013.29,buy,0.1,0.1,,,,,,,1746562290.767
4795,364910974,1746562290767,3,0.0245,0.02453685,43.32,BTC-30MAY25-100000-C,95013.29,buy,0.1,0.1,,,,,,,1746562290.767
4797,364910977,1746562291191,3,0.0245,0.0245457,43.31,BTC-30MAY25-100000-C,95014.72,buy,0.2,0.2,,,,,,,1746562291.191
4798,364911515,1746563184026,2,0.024,0.02399495,43.51,BTC-30MAY25-100000-C,94831.0,buy,0.1,0.1,,,,,,,1746563184.026
4799,364911632,1746563194927,3,0.024,0.02399037,43.43,BTC-30MAY25-100000-C,94850.59,buy,0.5,0.5,,,,,,,1746563194.927
4800,364913041,1746564482985,2,0.0235,0.02354295,43.55,BTC-30MAY25-100000-C,94671.25,buy,0.1,0.1,,,,,,,1746564482.985
4801,364915590,1746564689347,3,0.0235,0.02352996,43.61,BTC-30MAY25-100000-C,94654.35,buy,0.4,0.4,,,,,,,1746564689.347
4802,364918723,1746565445110,0,0.024,0.02396885,43.75,BTC-30MAY25-100000-C,94742.13,sell,0.6,0.6,,,,,,,1746565445.11
4803,364919244,1746566040980,2,0.0235,0.02359215,43.65,BTC-30MAY25-100000-C,94657.6,sell,1.0,1.0,,,,,,,1746566040.98
4804,364919655,1746566546521,2,0.023,0.02332812,43.3,BTC-30MAY25-100000-C,94590.1,buy,0.6,0.6,,,,,,,1746566546.521
4807,364920552,1746568340360,3,0.023,0.02349753,42.9,BTC-30MAY25-100000-C,94707.64,sell,4.9,4.9,,,,,,,1746568340.36
4805,364920550,1746568340360,3,0.023,0.02349753,42.9,BTC-30MAY25-100000-C,94707.64,sell,0.1,0.1,,,,,,,1746568340.36
4806,364920551,1746568340360,3,0.023,0.02349753,42.9,BTC-30MAY25-100000-C,94707.64,sell,5.0,5.0,,,,,,,1746568340.36
4808,364920668,1746568700720,3,0.023,0.02318479,43.18,BTC-30MAY25-100000-C,94640.01,sell,1.3,1.3,,,,,,,1746568700.72
4809,364920697,1746568765340,3,0.023,0.02325208,43.03,BTC-30MAY25-100000-C,94677.66,buy,3.6,3.6,,,,,,,1746568765.34
4810,364920703,1746568786402,3,0.023,0.02325006,43.0,BTC-30MAY25-100000-C,94683.2,buy,0.1,0.1,,,,,,,1746568786.402
4811,364920708,1746568806588,3,0.023,0.02323695,43.02,BTC-30MAY25-100000-C,94678.42,buy,0.1,0.1,,,,,,,1746568806.588
4812,364920712,1746568806837,3,0.023,0.02323695,43.02,BTC-30MAY25-100000-C,94678.42,buy,0.1,0.1,,,,,,,1746568806.837
4813,364920713,1746568806867,3,0.023,0.02323695,43.02,BTC-30MAY25-100000-C,94678.42,buy,0.4,0.4,,,,,,,1746568806.867
4814,364920714,1746568807253,3,0.023,0.02323695,43.02,BTC-30MAY25-100000-C,94678.42,buy,0.1,0.1,,,,,,,1746568807.253
4815,364920730,1746568810253,3,0.023,0.02323295,42.98,BTC-30MAY25-100000-C,94690.79,buy,0.1,0.1,,,,,,,1746568810.253
4816,364920731,1746568810334,3,0.023,0.02323295,42.98,BTC-30MAY25-100000-C,94690.79,buy,0.1,0.1,,,,,,,1746568810.334
4817,364920751,1746568810368,3,0.023,0.02323295,42.98,BTC-30MAY25-100000-C,94690.79,buy,0.1,0.1,,,,,,,1746568810.368
4818,364920752,1746568810391,3,0.023,0.02323295,42.98,BTC-30MAY25-100000-C,94690.79,buy,0.1,0.1,,,,,,,1746568810.391
4819,364920753,1746568810408,3,0.023,0.02323295,42.98,BTC-30MAY25-100000-C,94690.79,buy,0.1,0.1,,,,,,,1746568810.408
4820,364920754,1746568810420,3,0.023,0.02323295,42.98,BTC-30MAY25-100000-C,94690.79,buy,2.7,2.7,,,,,,,1746568810.42
4821,364920755,1746568810427,3,0.023,0.02323295,42.98,BTC-30MAY25-100000-C,94690.79,buy,0.2,0.2,,,,,,,1746568810.427
4822,364920756,1746568810449,3,0.023,0.02323295,42.98,BTC-30MAY25-100000-C,94690.79,buy,0.1,0.1,,,,,,,1746568810.449
4823,364920757,1746568810474,3,0.023,0.02323295,42.98,BTC-30MAY25-100000-C,94690.79,buy,0.8,0.8,,,,,,,1746568810.474
4824,364920790,1746568811394,3,0.023,0.02323692,42.97,BTC-30MAY25-100000-C,94693.47,buy,0.1,0.1,,,,,,,1746568811.394
4825,364920791,1746568811480,3,0.023,0.02323692,42.97,BTC-30MAY25-100000-C,94693.47,buy,0.6,0.6,,,,,,,1746568811.48
4826,364920795,1746568811509,3,0.023,0.02323692,42.97,BTC-30MAY25-100000-C,94693.47,buy,0.1,0.1,,,,,,,1746568811.509
4827,364920796,1746568811511,3,0.023,0.02323692,42.97,BTC-30MAY25-100000-C,94693.47,buy,0.2,0.2,,,,,,,1746568811.511
4828,364921255,1746568875963,0,0.0235,0.02376996,42.87,BTC-30MAY25-100000-C,94869.13,buy,0.2,0.2,,,,,,,1746568875.963
4829,364921257,1746568876022,1,0.0235,0.02376996,42.87,BTC-30MAY25-100000-C,94869.13,buy,0.1,0.1,,,,,,,1746568876.022
4830,364921258,1746568876245,1,0.0235,0.02376996,42.87,BTC-30MAY25-100000-C,94869.13,buy,0.1,0.1,,,,,,,1746568876.245
4831,364921910,1746568945722,0,0.024,0.02428097,42.89,BTC-30MAY25-100000-C,95012.05,buy,0.6,0.6,,,,,,,1746568945.722
4833,364922601,1746569018698,1,0.025,0.02471041,43.14,BTC-30MAY25-100000-C,95223.81,buy,1.0,1.0,,,,,,,1746569018.698
4832,364922600,1746569018698,0,0.025,0.02471041,43.14,BTC-30MAY25-100000-C,95223.81,buy,0.4,0.4,,,,,,,1746569018.698
4834,364923725,1746569112159,0,0.0255,0.02533933,43.38,BTC-30MAY25-100000-C,95312.45,buy,0.8,0.8,,,,,,,1746569112.159
4835,364923745,1746569112209,1,0.0255,0.02533933,43.38,BTC-30MAY25-100000-C,95312.45,buy,0.2,0.2,,,,,,,1746569112.209
4836,364925221,1746569372445,0,0.026,0.0258587,43.33,BTC-30MAY25-100000-C,95450.41,buy,1.0,1.0,,,,,,,1746569372.445
4837,364926800,1746569739361,2,0.025,0.02491502,43.34,BTC-30MAY25-100000-C,95161.4,buy,0.1,0.1,,,,,,,1746569739.361
4838,364926808,1746569743983,3,0.025,0.02499086,43.27,BTC-30MAY25-100000-C,95177.8,buy,0.6,0.6,,,,,,,1746569743.983
4839,364926851,1746569774569,3,0.025,0.0250261,43.21,BTC-30MAY25-100000-C,95191.57,buy,0.2,0.2,,,,,,,1746569774.569
4840,364926852,1746569774774,3,0.025,0.0250261,43.21,BTC-30MAY25-100000-C,95191.57,buy,0.1,0.1,,,,,,,1746569774.774
4841,364926866,1746569783207,3,0.025,0.0250827,43.16,BTC-30MAY25-100000-C,95205.12,buy,0.2,0.2,,,,,,,1746569783.207
4842,364926871,1746569784844,3,0.025,0.02507984,43.14,BTC-30MAY25-100000-C,95210.77,buy,0.5,0.5,,,,,,,1746569784.844
4843,364926872,1746569784844,3,0.025,0.02507984,43.14,BTC-30MAY25-100000-C,95210.77,buy,9.9,9.9,,,,,,,1746569784.844
4845,364926874,1746569784851,3,0.025,0.02507984,43.14,BTC-30MAY25-100000-C,95210.77,buy,0.4,0.4,,,,,,,1746569784.851
4844,364926873,1746569784851,3,0.025,0.02507984,43.14,BTC-30MAY25-100000-C,95210.77,buy,5.6,5.6,,,,,,,1746569784.851
4851,364926880,1746569784851,3,0.025,0.02507984,43.14,BTC-30MAY25-100000-C,95210.77,buy,0.6,0.6,,,,,,,1746569784.851
4846,364926875,1746569784851,3,0.025,0.02507984,43.14,BTC-30MAY25-100000-C,95210.77,buy,0.2,0.2,,,,,,,1746569784.851
4848,364926877,1746569784851,3,0.025,0.02507984,43.14,BTC-30MAY25-100000-C,95210.77,buy,1.0,1.0,,,,,,,1746569784.851
4847,364926876,1746569784851,3,0.025,0.02507984,43.14,BTC-30MAY25-100000-C,95210.77,buy,0.1,0.1,,,,,,,1746569784.851
4849,364926878,1746569784851,3,0.025,0.02507984,43.14,BTC-30MAY25-100000-C,95210.77,buy,0.6,0.6,,,,,,,1746569784.851
4853,364926882,1746569784851,3,0.025,0.02507984,43.14,BTC-30MAY25-100000-C,95210.77,buy,2.5,2.5,,,,,,,1746569784.851
4850,364926879,1746569784851,3,0.025,0.02507984,43.14,BTC-30MAY25-100000-C,95210.77,buy,0.1,0.1,,,,,,,1746569784.851
4852,364926881,1746569784851,3,0.025,0.02507984,43.14,BTC-30MAY25-100000-C,95210.77,buy,0.2,0.2,,,,,,,1746569784.851
4854,364927288,1746569804139,0,0.0255,0.02522684,43.53,BTC-30MAY25-100000-C,95247.49,buy,0.3,0.3,,,,,,,1746569804.139
4855,364927292,1746569804156,1,0.0255,0.02522684,43.53,BTC-30MAY25-100000-C,95247.49,buy,0.7,0.7,,,,,,,1746569804.156
4856,364928044,1746570061473,0,0.026,0.02593951,43.39,BTC-30MAY25-100000-C,95439.35,buy,0.4,0.4,,,,,,,1746570061.473
4857,364928045,1746570061800,1,0.026,0.02593951,43.39,BTC-30MAY25-100000-C,95439.35,buy,0.1,0.1,,,,,,,1746570061.8
4858,364928049,1746570061980,1,0.026,0.02588302,43.32,BTC-30MAY25-100000-C,95458.51,buy,0.5,0.5,,,,,,,1746570061.98
4859,364929759,1746570638042,0,0.0275,0.02746604,43.63,BTC-30MAY25-100000-C,95788.13,sell,0.1,0.1,,,,,,,1746570638.042
4860,364929766,1746570638812,1,0.0275,0.02746945,43.56,BTC-30MAY25-100000-C,95805.2,sell,0.1,0.1,,,,,,,1746570638.812
4861,364930850,1746570846095,2,0.027,0.02686626,43.81,BTC-30MAY25-100000-C,95612.71,sell,1.0,1.0,,,,,,,1746570846.095
4863,364931042,1746570919781,1,0.0275,0.02729608,43.85,BTC-30MAY25-100000-C,95727.05,buy,0.2,0.2,,,,,,,1746570919.781
4862,364931041,1746570919781,0,0.0275,0.02729608,43.85,BTC-30MAY25-100000-C,95727.05,buy,0.2,0.2,,,,,,,1746570919.781
4864,364931048,1746570920354,1,0.0275,0.02729608,43.85,BTC-30MAY25-100000-C,95727.05,buy,0.5,0.5,,,,,,,1746570920.354
4865,364931049,1746570920392,1,0.0275,0.02729608,43.85,BTC-30MAY25-100000-C,95727.05,buy,0.2,0.2,,,,,,,1746570920.392
4866,364931050,1746570920495,1,0.0275,0.02729608,43.85,BTC-30MAY25-100000-C,95727.05,buy,0.1,0.1,,,,,,,1746570920.495
4867,364931052,1746570920842,1,0.0275,0.0273303,43.81,BTC-30MAY25-100000-C,95739.03,buy,0.1,0.1,,,,,,,1746570920.842
4868,364931064,1746570922290,1,0.0275,0.02737638,43.74,BTC-30MAY25-100000-C,95754.63,buy,0.1,0.1,,,,,,,1746570922.29
4869,364931135,1746570994859,2,0.027,0.02732025,43.32,BTC-30MAY25-100000-C,95734.88,sell,2.3,2.3,,,,,,,1746570994.859
4870,364931136,1746570994944,3,0.027,0.02732025,43.32,BTC-30MAY25-100000-C,95734.88,sell,0.4,0.4,,,,,,,1746570994.944
4871,364931137,1746570995031,3,0.027,0.02732025,43.32,BTC-30MAY25-100000-C,95734.88,sell,0.6,0.6,,,,,,,1746570995.031
4872,364931141,1746570995125,3,0.027,0.02732025,43.32,BTC-30MAY25-100000-C,95734.88,sell,0.7,0.7,,,,,,,1746570995.125
4873,364931153,1746570995237,3,0.027,0.02732025,43.32,BTC-30MAY25-100000-C,95734.88,sell,0.1,0.1,,,,,,,1746570995.237
4874,364931154,1746570995326,3,0.027,0.02732025,43.32,BTC-30MAY25-100000-C,95734.88,sell,0.2,0.2,,,,,,,1746570995.326
4875,364931155,1746570995409,3,0.027,0.02732025,43.32,BTC-30MAY25-100000-C,95734.88,sell,0.6,0.6,,,,,,,1746570995.409
4876,364931156,1746570995482,3,0.027,0.02732025,43.32,BTC-30MAY25-100000-C,95734.88,sell,0.1,0.1,,,,,,,1746570995.482
4878,364931158,1746570995587,3,0.027,0.02732025,43.32,BTC-30MAY25-100000-C,95734.88,sell,0.1,0.1,,,,,,,1746570995.587
4879,364931159,1746570995587,3,0.027,0.02732025,43.32,BTC-30MAY25-100000-C,95734.88,sell,10.1,10.1,,,,,,,1746570995.587
4877,364931157,1746570995587,3,0.027,0.02732025,43.32,BTC-30MAY25-100000-C,95734.88,sell,5.3,5.3,,,,,,,1746570995.587
4880,364931205,1746571003046,3,0.027,0.02713884,43.51,BTC-30MAY25-100000-C,95688.65,buy,1.0,1.0,,,,,,,1746571003.046
4881,364931451,1746571072814,3,0.027,0.02715103,43.52,BTC-30MAY25-100000-C,95680.77,buy,1.0,1.0,,,,,,,1746571072.814
4882,364931804,1746571165811,3,0.027,0.02703008,43.61,BTC-30MAY25-100000-C,95651.39,buy,1.0,1.0,,,,,,,1746571165.811
4883,364933241,1746571359194,0,0.0285,0.02803085,43.92,BTC-30MAY25-100000-C,95961.75,buy,0.1,0.1,,,,,,,1746571359.194
4884,364934902,1746571527104,1,0.0285,0.02856273,43.61,BTC-30MAY25-100000-C,96054.89,sell,1.0,1.0,,,,,,,1746571527.104
4885,364936444,1746571745962,0,0.029,0.02894027,43.78,BTC-30MAY25-100000-C,96124.18,buy,1.0,1.0,,,,,,,1746571745.962
4886,364936495,1746571768289,1,0.029,0.02890003,43.82,BTC-30MAY25-100000-C,96116.13,buy,1.0,1.0,,,,,,,1746571768.289
4887,364936969,1746571863684,0,0.0295,0.02934467,43.9,BTC-30MAY25-100000-C,96224.59,buy,1.0,1.0,,,,,,,1746571863.684
4888,364939880,1746572443291,0,0.03,0.02989608,44.0,BTC-30MAY25-100000-C,96331.54,sell,2.0,2.0,,,,,,,1746572443.291
4889,364940898,1746572599449,1,0.03,0.02989273,43.98,BTC-30MAY25-100000-C,96338.38,sell,1.0,1.0,,,,,,,1746572599.449
4890,364944641,1746573274899,2,0.0295,0.0292315,44.13,BTC-30MAY25-100000-C,96181.06,buy,4.0,4.0,,,,,,,1746573274.899
4891,364945409,1746573587970,0,0.03,0.02985662,43.98,BTC-30MAY25-100000-C,96354.08,buy,1.0,1.0,,,,,,,1746573587.97
4892,364945450,1746573602716,1,0.03,0.02985075,43.93,BTC-30MAY25-100000-C,96367.78,buy,1.0,1.0,,,,,,,1746573602.716
4893,364945777,1746573775506,1,0.03,0.03001139,43.83,BTC-30MAY25-100000-C,96394.11,buy,1.0,1.0,,,,,,,1746573775.506
4894,364947148,1746573856018,0,0.031,0.03076246,44.08,BTC-30MAY25-100000-C,96586.58,buy,0.5,0.5,,,,,,,1746573856.018
4895,364947207,1746573856565,1,0.031,0.03076246,44.08,BTC-30MAY25-100000-C,96586.58,buy,7.4,7.4,,,,,,,1746573856.565
4896,364947212,1746573856718,1,0.031,0.03077442,44.02,BTC-30MAY25-100000-C,96601.78,buy,0.1,0.1,,,,,,,1746573856.718
4897,364947222,1746573857120,1,0.031,0.03077442,44.02,BTC-30MAY25-100000-C,96601.78,buy,0.2,0.2,,,,,,,1746573857.12
4898,364947223,1746573857127,1,0.031,0.03077442,44.02,BTC-30MAY25-100000-C,96601.78,buy,0.5,0.5,,,,,,,1746573857.127
4899,364947224,1746573857232,1,0.031,0.03077442,44.02,BTC-30MAY25-100000-C,96601.78,buy,0.1,0.1,,,,,,,1746573857.232
4900,364947225,1746573857356,1,0.031,0.03077442,44.02,BTC-30MAY25-100000-C,96601.78,buy,1.0,1.0,,,,,,,1746573857.356
4901,364947295,1746573861540,0,0.0315,0.03098672,44.32,BTC-30MAY25-100000-C,96651.42,buy,7.0,7.0,,,,,,,1746573861.54
4902,364947565,1746573902794,1,0.0315,0.03130175,43.96,BTC-30MAY25-100000-C,96743.26,buy,1.0,1.0,,,,,,,1746573902.794
4903,364948006,1746573959120,1,0.0315,0.03127759,44.03,BTC-30MAY25-100000-C,96729.08,buy,1.0,1.0,,,,,,,1746573959.12
4905,364948502,1746574148010,3,0.031,0.03105425,43.91,BTC-30MAY25-100000-C,96643.84,sell,0.8,0.8,,,,,,,1746574148.01
4904,364948501,1746574148010,2,0.031,0.03105425,43.91,BTC-30MAY25-100000-C,96643.84,sell,6.0,6.0,,,,,,,1746574148.01
4906,364948503,1746574148013,3,0.031,0.03105425,43.91,BTC-30MAY25-100000-C,96643.84,buy,0.9,0.9,,,,,,,1746574148.013
4907,364948504,1746574148022,3,0.031,0.03105425,43.91,BTC-30MAY25-100000-C,96643.84,buy,12.9,12.9,,,,,,,1746574148.022
4908,364948509,1746574155855,3,0.031,0.030908,44.03,BTC-30MAY25-100000-C,96614.78,buy,0.1,0.1,,,,,,,1746574155.855
4909,364948510,1746574155919,3,0.031,0.030908,44.03,BTC-30MAY25-100000-C,96614.78,buy,0.1,0.1,,,,,,,1746574155.919
4910,364948511,1746574155941,3,0.031,0.030908,44.03,BTC-30MAY25-100000-C,96614.78,buy,0.1,0.1,,,,,,,1746574155.941
4911,364948512,1746574155957,3,0.031,0.030908,44.03,BTC-30MAY25-100000-C,96614.78,buy,0.3,0.3,,,,,,,1746574155.957
4912,364948513,1746574155977,3,0.031,0.030908,44.03,BTC-30MAY25-100000-C,96614.78,buy,0.2,0.2,,,,,,,1746574155.977
4913,364948514,1746574155986,3,0.031,0.030908,44.03,BTC-30MAY25-100000-C,96614.78,buy,0.1,0.1,,,,,,,1746574155.986
4914,364948528,1746574156176,3,0.031,0.03090702,44.03,BTC-30MAY25-100000-C,96614.78,buy,0.1,0.1,,,,,,,1746574156.176
4915,364948535,1746574156255,3,0.031,0.03090702,44.03,BTC-30MAY25-100000-C,96614.78,buy,0.1,0.1,,,,,,,1746574156.255
4916,364948536,1746574156301,3,0.031,0.03090702,44.03,BTC-30MAY25-100000-C,96614.78,buy,0.1,0.1,,,,,,,1746574156.301
4917,364948537,1746574156356,3,0.031,0.03090702,44.03,BTC-30MAY25-100000-C,96614.78,buy,0.1,0.1,,,,,,,1746574156.356
4918,364948538,1746574156392,3,0.031,0.03090702,44.03,BTC-30MAY25-100000-C,96614.78,buy,5.2,5.2,,,,,,,1746574156.392
4920,364956180,1746577245322,1,0.0335,0.03373338,44.31,BTC-30MAY25-100000-C,97183.54,sell,4.7,4.7,,,,,,,1746577245.322
4919,364956179,1746577245322,0,0.0335,0.03373338,44.31,BTC-30MAY25-100000-C,97183.54,sell,1.0,1.0,,,,,,,1746577245.322
4921,364957756,1746577481820,0,0.035,0.0346041,44.97,BTC-30MAY25-100000-C,97397.07,buy,0.1,0.1,,,,,,,1746577481.82
4923,364960512,1746578584173,3,0.034,0.03412088,44.59,BTC-30MAY25-100000-C,97232.32,buy,0.2,0.2,,,,,,,1746578584.173
4922,364960511,1746578584173,2,0.034,0.03412088,44.59,BTC-30MAY25-100000-C,97232.32,buy,0.2,0.2,,,,,,,1746578584.173
4924,364963271,1746579585604,0,0.035,0.03509744,44.81,BTC-30MAY25-100000-C,97425.48,sell,0.4,0.4,,,,,,,1746579585.604
4925,364968879,1746582237868,2,0.0345,0.03425379,44.91,BTC-30MAY25-100000-C,97289.78,buy,1.0,1.0,,,,,,,1746582237.868
4926,364969350,1746582393576,3,0.0345,0.0343428,44.85,BTC-30MAY25-100000-C,97295.55,sell,0.1,0.1,,,,,,,1746582393.576
4927,364970079,1746582573623,2,0.034,0.03434383,44.36,BTC-30MAY25-100000-C,97283.42,sell,0.2,0.2,,,,,,,1746582573.623
4929,364977446,1746585617248,3,0.032,0.03201629,44.53,BTC-30MAY25-100000-C,96797.07,sell,0.7,0.7,,,,,,,1746585617.248
4928,364977445,1746585617248,2,0.032,0.03201629,44.53,BTC-30MAY25-100000-C,96797.07,sell,0.2,0.2,,,,,,,1746585617.248
4930,364977889,1746585903318,3,0.032,0.03176953,44.78,BTC-30MAY25-100000-C,96737.36,buy,0.1,0.1,,,,,,,1746585903.318
4931,364977945,1746585954133,3,0.032,0.0317167,44.82,BTC-30MAY25-100000-C,96728.57,buy,0.1,0.1,,,,,,,1746585954.133
4932,364988396,1746594006708,2,0.0305,0.03087281,43.98,BTC-30MAY25-100000-C,96566.68,sell,0.5,0.5,,,,,,,1746594006.708
4933,364989020,1746595285220,2,0.03,0.03040942,43.84,BTC-30MAY25-100000-C,96485.38,sell,0.4,0.4,,,,,,,1746595285.22
4934,364989081,1746595448912,2,0.0295,0.03015132,43.5,BTC-30MAY25-100000-C,96449.1,sell,2.0,2.0,,,,,,,1746595448.912
4935,364989274,1746595863783,0,0.03,0.02996816,44.07,BTC-30MAY25-100000-C,96432.0,buy,0.5,0.5,,,,,,,1746595863.783
4936,364989275,1746595863783,1,0.03,0.02996816,44.07,BTC-30MAY25-100000-C,96432.0,buy,3.0,3.0,,,,,,,1746595863.783
4937,364991284,1746599713063,0,0.0301,0.02996417,43.78,BTC-30MAY25-100000-C,96560.14,buy,50.0,50.0,2.0,BLOCK-196195,BTC-RR-30MAY25-90000_100000,,,,1746599713.063
4938,364992138,1746600531390,2,0.0298,0.02971739,43.69,BTC-30MAY25-100000-C,96510.64,buy,50.0,50.0,2.0,BLOCK-196197,BTC-RR-30MAY25-90000_100000,,,,1746600531.39
4939,364996174,1746604266530,0,0.0315,0.0309391,43.94,BTC-30MAY25-100000-C,96904.36,buy,0.1,0.1,,,,,,,1746604266.53
4940,364999229,1746606958914,1,0.0315,0.03146777,43.67,BTC-30MAY25-100000-C,96970.34,buy,0.2,0.2,,,,,,,1746606958.914
4941,364999796,1746607695777,1,0.0315,0.03181753,43.24,BTC-30MAY25-100000-C,97066.02,sell,0.1,0.1,,,,,,,1746607695.777
4942,365000024,1746607882847,1,0.0315,0.03156332,43.55,BTC-30MAY25-100000-C,97000.35,sell,0.6,0.6,,,,,,,1746607882.847
4943,365000046,1746607923959,1,0.0315,0.03159212,43.5,BTC-30MAY25-100000-C,97008.86,sell,0.4,0.4,,,,,,,1746607923.959
4944,365002718,1746612098510,2,0.031,0.03131336,43.33,BTC-30MAY25-100000-C,96936.55,sell,1.2,1.2,,,,,,,1746612098.51
4945,365002793,1746612213559,3,0.031,0.03123627,43.37,BTC-30MAY25-100000-C,96925.65,sell,1.0,1.0,,,,,,,1746612213.559
4946,365002794,1746612213561,3,0.031,0.03123627,43.37,BTC-30MAY25-100000-C,96925.65,buy,0.6,0.6,,,,,,,1746612213.561
4947,365003169,1746612592497,0,0.0315,0.03114791,43.83,BTC-30MAY25-100000-C,96920.99,buy,0.7,0.7,,,BTC-CS-30MAY25-100000_104000,,365003168,,1746612592.497
4948,365017139,1746626798513,1,0.0315,0.03126496,43.31,BTC-30MAY25-100000-C,97118.56,buy,3.1,3.1,,,,,,,1746626798.513
4949,365017201,1746626798921,1,0.0315,0.03126496,43.31,BTC-30MAY25-100000-C,97118.56,buy,0.1,0.1,,,,,,,1746626798.921
4950,365021338,1746628995473,0,0.032,0.03203851,42.96,BTC-30MAY25-100000-C,97329.06,buy,1.0,1.0,,,,,,,1746628995.473
4951,365021734,1746629393176,2,0.0315,0.03141707,42.99,BTC-30MAY25-100000-C,97210.99,sell,0.5,0.5,,,,,,,1746629393.176
4952,365032900,1746638423198,2,0.029,0.02887414,42.84,BTC-30MAY25-100000-C,96648.57,buy,1.0,1.0,,,,,,,1746638423.198
4953,365038261,1746640834052,2,0.028,0.02833763,42.87,BTC-30MAY25-100000-C,96364.52,sell,0.3,0.3,,,,,,,1746640834.052
4954,365038262,1746640834078,3,0.028,0.02833763,42.87,BTC-30MAY25-100000-C,96364.52,sell,0.1,0.1,,,,,,,1746640834.078
4955,365038264,1746640834108,3,0.028,0.02833763,42.87,BTC-30MAY25-100000-C,96364.52,sell,0.1,0.1,,,,,,,1746640834.108
4956,365038273,1746640834412,3,0.028,0.02833763,42.87,BTC-30MAY25-100000-C,96364.52,sell,0.2,0.2,,,,,,,1746640834.412
4957,365038274,1746640834422,3,0.028,0.02833763,42.87,BTC-30MAY25-100000-C,96364.52,sell,1.1,1.1,,,,,,,1746640834.422
4958,365038275,1746640834436,3,0.028,0.02833763,42.87,BTC-30MAY25-100000-C,96364.52,sell,0.1,0.1,,,,,,,1746640834.436
4959,365038278,1746640834460,3,0.028,0.02833763,42.87,BTC-30MAY25-100000-C,96364.52,sell,0.1,0.1,,,,,,,1746640834.46
4960,365038288,1746640834532,3,0.028,0.02833763,42.87,BTC-30MAY25-100000-C,96364.52,sell,1.2,1.2,,,,,,,1746640834.532
4961,365038295,1746640834572,3,0.028,0.0279377,42.8,BTC-30MAY25-100000-C,96381.22,sell,0.1,0.1,,,,,,,1746640834.572
4962,365038302,1746640834580,3,0.028,0.0279377,42.8,BTC-30MAY25-100000-C,96381.22,sell,0.1,0.1,,,,,,,1746640834.58
4963,365038303,1746640834581,3,0.028,0.0279377,42.8,BTC-30MAY25-100000-C,96381.22,sell,1.6,1.6,,,,,,,1746640834.581
4965,365041660,1746641350505,3,0.026,0.02645555,42.34,BTC-30MAY25-100000-C,95995.08,sell,4.6,4.6,,,,,,,1746641350.505
4964,365041659,1746641350505,2,0.026,0.02645555,42.34,BTC-30MAY25-100000-C,95995.08,sell,0.4,0.4,,,,,,,1746641350.505
4966,365048463,1746643775962,0,0.0265,0.02665865,42.32,BTC-30MAY25-100000-C,96137.87,sell,1.1,1.1,,,,,,,1746643775.962
4967,365048502,1746643784222,1,0.0265,0.02658239,42.38,BTC-30MAY25-100000-C,96125.28,buy,0.1,0.1,,,,,,,1746643784.222
4968,365048503,1746643784224,1,0.0265,0.02658239,42.38,BTC-30MAY25-100000-C,96125.28,buy,1.0,1.0,,,,,,,1746643784.224
4970,365048505,1746643784231,1,0.0265,0.02658239,42.38,BTC-30MAY25-100000-C,96125.28,buy,0.2,0.2,,,,,,,1746643784.231
4971,365048506,1746643784231,1,0.0265,0.02658239,42.38,BTC-30MAY25-100000-C,96125.28,buy,0.1,0.1,,,,,,,1746643784.231
4969,365048504,1746643784231,1,0.0265,0.02658239,42.38,BTC-30MAY25-100000-C,96125.28,buy,0.3,0.3,,,,,,,1746643784.231
4972,365048507,1746643784231,1,0.0265,0.02658239,42.38,BTC-30MAY25-100000-C,96125.28,buy,0.1,0.1,,,,,,,1746643784.231
4973,365048508,1746643784237,1,0.0265,0.02658239,42.38,BTC-30MAY25-100000-C,96125.28,buy,0.1,0.1,,,,,,,1746643784.237
4974,365048509,1746643784247,1,0.0265,0.02658239,42.38,BTC-30MAY25-100000-C,96125.28,buy,0.1,0.1,,,,,,,1746643784.247
4975,365048511,1746643784288,1,0.0265,0.02658239,42.38,BTC-30MAY25-100000-C,96125.28,buy,0.1,0.1,,,,,,,1746643784.288
4976,365048512,1746643784297,1,0.0265,0.02658239,42.38,BTC-30MAY25-100000-C,96125.28,buy,0.2,0.2,,,,,,,1746643784.297
4977,365048513,1746643784362,1,0.0265,0.02658239,42.38,BTC-30MAY25-100000-C,96125.28,buy,0.1,0.1,,,,,,,1746643784.362
4978,365048514,1746643784855,1,0.0265,0.02656606,42.34,BTC-30MAY25-100000-C,96135.67,buy,0.1,0.1,,,,,,,1746643784.855
4979,365048516,1746643785171,1,0.0265,0.02656606,42.34,BTC-30MAY25-100000-C,96135.67,buy,0.1,0.1,,,,,,,1746643785.171
4980,365048517,1746643785176,1,0.0265,0.02656606,42.34,BTC-30MAY25-100000-C,96135.67,buy,0.1,0.1,,,,,,,1746643785.176
4981,365048526,1746643785234,1,0.0265,0.02656606,42.34,BTC-30MAY25-100000-C,96135.67,buy,0.1,0.1,,,,,,,1746643785.234
4982,365048527,1746643785246,1,0.0265,0.02656606,42.34,BTC-30MAY25-100000-C,96135.67,buy,0.2,0.2,,,,,,,1746643785.246
4983,365048529,1746643785255,1,0.0265,0.02656606,42.34,BTC-30MAY25-100000-C,96135.67,buy,0.2,0.2,,,,,,,1746643785.255
