trade_seq,trade_id,timestamp,tick_direction,price,mark_price,iv,instrument_name,index_price,direction,contracts,amount,combo_trade_id,combo_id,block_trade_leg_count,block_trade_id,block_rfq_id,liquidation,unix_sec
2111,364033090,1746056289583,3,0.0155,0.01556626,44.63,BTC-30MAY25-105000-C,94257.9,sell,0.1,0.1,,,,,,,1746056289.583
2112,364043456,1746069183269,0,0.017,0.01694057,44.65,BTC-30MAY25-105000-C,94955.67,sell,1.0,1.0,,,,,,,1746069183.269
2113,364044103,1746070109419,2,0.0165,0.01665281,44.46,BTC-30MAY25-105000-C,94797.88,sell,1.3,1.3,,,,,,,1746070109.419
2114,364044104,1746070109419,3,0.0165,0.01665281,44.46,BTC-30MAY25-105000-C,94797.88,sell,0.8,0.8,,,,,,,1746070109.419
2115,364067787,1746094597316,0,0.02,0.01988742,45.59,BTC-30MAY25-105000-C,95818.54,buy,0.1,0.1,,,,,,,1746094597.316
2120,364067792,1746094597316,1,0.02,0.01988742,45.59,BTC-30MAY25-105000-C,95818.54,buy,0.1,0.1,,,,,,,1746094597.316
2119,364067791,1746094597316,1,0.02,0.01988742,45.59,BTC-30MAY25-105000-C,95818.54,buy,0.1,0.1,,,,,,,1746094597.316
2117,364067789,1746094597316,1,0.02,0.01988742,45.59,BTC-30MAY25-105000-C,95818.54,buy,0.1,0.1,,,,,,,1746094597.316
2116,364067788,1746094597316,1,0.02,0.01988742,45.59,BTC-30MAY25-105000-C,95818.54,buy,0.1,0.1,,,,,,,1746094597.316
2118,364067790,1746094597316,1,0.02,0.01988742,45.59,BTC-30MAY25-105000-C,95818.54,buy,0.1,0.1,,,,,,,1746094597.316
2121,364068862,1746094675431,0,0.0205,0.02049551,45.42,BTC-30MAY25-105000-C,96045.6,buy,0.1,0.1,,,,,,,1746094675.431
2122,364081548,1746098697289,1,0.0205,0.02067615,45.62,BTC-30MAY25-105000-C,95970.04,sell,1.0,1.0,,,,,,,1746098697.289
2123,364091078,1746101614880,0,0.0215,0.02115329,45.89,BTC-30MAY25-105000-C,96285.71,buy,0.1,0.1,,,,,,,1746101614.88
2124,364094039,1746102258658,1,0.0215,0.02148145,45.61,BTC-30MAY25-105000-C,96379.22,buy,0.4,0.4,,,,,,,1746102258.658
2125,364094793,1746102597846,2,0.021,0.0212425,45.51,BTC-30MAY25-105000-C,96247.57,sell,1.0,1.0,,,,,,,1746102597.846
2126,364101139,1746104864030,0,0.022,0.0219822,46.02,BTC-30MAY25-105000-C,96448.03,buy,0.1,0.1,,,,,,,1746104864.03
2127,364106575,1746106505743,2,0.0215,0.0217967,45.78,BTC-30MAY25-105000-C,96338.54,sell,0.1,0.1,,,,,,,1746106505.743
2128,364107523,1746106692917,0,0.022,0.02206667,46.1,BTC-30MAY25-105000-C,96399.6,sell,0.1,0.1,,,,,,,1746106692.917
2129,364107524,1746106692923,1,0.022,0.02206667,46.1,BTC-30MAY25-105000-C,96399.6,buy,0.2,0.2,,,,,,,1746106692.923
2130,364107974,1746106816648,2,0.0215,0.02151743,46.15,BTC-30MAY25-105000-C,96209.22,sell,0.2,0.2,,,,,,,1746106816.648
2131,364108099,1746106842722,3,0.0215,0.02165267,46.05,BTC-30MAY25-105000-C,96240.48,sell,0.2,0.2,,,,,,,1746106842.722
2132,364109688,1746107088021,3,0.0215,0.02149435,46.27,BTC-30MAY25-105000-C,96168.07,buy,0.1,0.1,,,,,,,1746107088.021
2133,364110990,1746107225997,3,0.0215,0.02146456,46.35,BTC-30MAY25-105000-C,96151.62,buy,0.1,0.1,,,,,,,1746107225.997
2134,364113898,1746107762367,2,0.0205,0.02086524,45.88,BTC-30MAY25-105000-C,95953.2,sell,0.1,0.1,,,,,,,1746107762.367
2135,364118988,1746108890971,0,0.0217,0.02162469,46.24,BTC-30MAY25-105000-C,96281.64,buy,12.5,12.5,,BTC-CS-30MAY25-105000_108000,2.0,BLOCK-195471,,,1746108890.971
2136,364118991,1746108898147,2,0.021,0.02162057,45.51,BTC-30MAY25-105000-C,96282.51,sell,0.2,0.2,,,,,,,1746108898.147
2137,364120507,1746109260391,0,0.0215,0.02179838,45.72,BTC-30MAY25-105000-C,96406.8,sell,0.1,0.1,,,,,,,1746109260.391
2138,364120508,1746109260393,1,0.0215,0.02179838,45.72,BTC-30MAY25-105000-C,96406.8,buy,0.1,0.1,,,,,,,1746109260.393
2139,364120756,1746109401265,1,0.0215,0.02169603,45.76,BTC-30MAY25-105000-C,96392.29,sell,0.5,0.5,,,,,,,1746109401.265
2141,364121377,1746109794094,1,0.0215,0.02184457,45.48,BTC-30MAY25-105000-C,96476.52,sell,0.4,0.4,,,,,,,1746109794.094
2140,364121376,1746109794094,1,0.0215,0.02184457,45.48,BTC-30MAY25-105000-C,96476.52,sell,0.1,0.1,,,,,,,1746109794.094
2142,364123760,1746110774516,0,0.022,0.02167113,46.05,BTC-30MAY25-105000-C,96471.5,buy,1.0,1.0,,,,,,,1746110774.516
2144,364123762,1746110774516,1,0.022,0.02167113,46.05,BTC-30MAY25-105000-C,96471.5,buy,0.3,0.3,,,,,,,1746110774.516
2143,364123761,1746110774516,1,0.022,0.02167113,46.05,BTC-30MAY25-105000-C,96471.5,buy,0.7,0.7,,,,,,,1746110774.516
2145,364124022,1746110915769,0,0.0225,0.0220226,46.26,BTC-30MAY25-105000-C,96581.66,buy,2.0,2.0,,,,,,,1746110915.769
2146,364128357,1746111974778,0,0.0235,0.02343571,45.95,BTC-30MAY25-105000-C,97030.78,sell,0.9,0.9,,,,,,,1746111974.778
2147,364128377,1746111976776,1,0.0235,0.02343792,45.96,BTC-30MAY25-105000-C,97027.57,sell,0.1,0.1,,,,,,,1746111976.776
2148,364128382,1746111976796,1,0.0235,0.02343792,45.96,BTC-30MAY25-105000-C,97027.57,sell,0.1,0.1,,,,,,,1746111976.796
2149,364128389,1746111976838,1,0.0235,0.02343792,45.96,BTC-30MAY25-105000-C,97027.57,sell,0.2,0.2,,,,,,,1746111976.838
2150,364128392,1746111976908,1,0.0235,0.02343792,45.96,BTC-30MAY25-105000-C,97027.57,sell,0.1,0.1,,,,,,,1746111976.908
2151,364128394,1746111976937,1,0.0235,0.02343792,45.96,BTC-30MAY25-105000-C,97027.57,sell,0.1,0.1,,,,,,,1746111976.937
2152,364128396,1746111976960,1,0.0235,0.02343792,45.96,BTC-30MAY25-105000-C,97027.57,sell,0.1,0.1,,,,,,,1746111976.96
2153,364128398,1746111976969,1,0.0235,0.02343792,45.96,BTC-30MAY25-105000-C,97027.57,sell,0.3,0.3,,,,,,,1746111976.969
2154,364128405,1746111977034,1,0.0235,0.02343792,45.96,BTC-30MAY25-105000-C,97027.57,sell,0.1,0.1,,,,,,,1746111977.034
2155,364128409,1746111977075,1,0.0235,0.02343792,45.96,BTC-30MAY25-105000-C,97027.57,sell,0.1,0.1,,,,,,,1746111977.075
2156,364128413,1746111977102,1,0.0235,0.02343792,45.96,BTC-30MAY25-105000-C,97027.57,sell,0.1,0.1,,,,,,,1746111977.102
2157,364128415,1746111977108,1,0.0235,0.02343792,45.96,BTC-30MAY25-105000-C,97027.57,sell,0.1,0.1,,,,,,,1746111977.108
2158,364128417,1746111977121,1,0.0235,0.02343792,45.96,BTC-30MAY25-105000-C,97027.57,sell,0.2,0.2,,,,,,,1746111977.121
2159,364128419,1746111977134,1,0.0235,0.02343792,45.96,BTC-30MAY25-105000-C,97027.57,sell,0.1,0.1,,,,,,,1746111977.134
2160,364128421,1746111977145,1,0.0235,0.02343792,45.96,BTC-30MAY25-105000-C,97027.57,sell,0.2,0.2,,,,,,,1746111977.145
2161,364128426,1746111977206,1,0.0235,0.02343792,45.96,BTC-30MAY25-105000-C,97027.57,sell,0.2,0.2,,,,,,,1746111977.206
2162,364128427,1746111977211,1,0.0235,0.02343792,45.96,BTC-30MAY25-105000-C,97027.57,sell,0.2,0.2,,,,,,,1746111977.211
2163,364128428,1746111977216,1,0.0235,0.02343792,45.96,BTC-30MAY25-105000-C,97027.57,sell,0.1,0.1,,,,,,,1746111977.216
2164,364128464,1746111980962,1,0.0235,0.02338327,46.04,BTC-30MAY25-105000-C,97002.77,sell,0.4,0.4,,,,,,,1746111980.962
2165,364128465,1746111981224,1,0.0235,0.02338327,46.04,BTC-30MAY25-105000-C,97002.77,sell,1.3,1.3,,,,,,,1746111981.224
2166,364128512,1746111986972,1,0.0235,0.02335065,46.04,BTC-30MAY25-105000-C,97003.15,sell,5.0,5.0,,,,,,,1746111986.972
2167,364131215,1746112322027,0,0.0246,0.02447849,46.12,BTC-30MAY25-105000-C,97338.96,buy,25.0,25.0,,BTC-CS-30MAY25-105000_108000,2.0,BLOCK-195494,,,1746112322.027
2168,364145594,1746116546467,2,0.0236,0.02370273,45.73,BTC-30MAY25-105000-C,97158.66,sell,50.0,50.0,,BTC-STRG-30MAY25-92000_105000,2.0,BLOCK-195511,,,1746116546.467
2169,364156473,1746121545703,2,0.022,0.02206109,45.72,BTC-30MAY25-105000-C,96602.1,sell,1.0,1.0,,,,,,,1746121545.703
2171,364156497,1746121558477,3,0.0215,0.02203253,45.21,BTC-30MAY25-105000-C,96595.99,sell,0.9,0.9,,,,,,,1746121558.477
2172,364156498,1746121558477,3,0.0215,0.02203253,45.21,BTC-30MAY25-105000-C,96595.99,sell,7.0,7.0,,,,,,,1746121558.477
2170,364156496,1746121558477,2,0.0215,0.02203253,45.21,BTC-30MAY25-105000-C,96595.99,sell,1.1,1.1,,,,,,,1746121558.477
2173,364158659,1746123037051,0,0.0222,0.02211203,45.54,BTC-30MAY25-105000-C,96763.4,sell,50.0,50.0,,BTC-STRG-30MAY25-92000_105000,2.0,BLOCK-195512,,,1746123037.051
2174,364174725,1746134769515,2,0.0216,0.02178112,45.42,BTC-30MAY25-105000-C,96633.7,sell,40.0,40.0,,BTC-CS-30MAY25-100000_105000,2.0,BLOCK-195536,,,1746134769.515
2175,364182672,1746144320369,2,0.021,0.02138744,44.93,BTC-30MAY25-105000-C,96615.26,sell,0.1,0.1,,,,,,,1746144320.369
2176,364183481,1746144996289,3,0.021,0.02132109,44.94,BTC-30MAY25-105000-C,96621.27,sell,0.4,0.4,,,,,,,1746144996.289
2177,364183658,1746145332913,0,0.0215,0.0214138,45.26,BTC-30MAY25-105000-C,96685.57,buy,0.1,0.1,,,,,,,1746145332.913
2178,364183659,1746145332913,1,0.0215,0.0214138,45.26,BTC-30MAY25-105000-C,96685.57,buy,3.6,3.6,,,,,,,1746145332.913
2179,364189198,1746147814498,0,0.023,0.02252916,45.63,BTC-30MAY25-105000-C,97106.84,buy,0.6,0.6,,,,,,,1746147814.498
2182,364189201,1746147814646,1,0.023,0.02252916,45.63,BTC-30MAY25-105000-C,97106.84,buy,1.7,1.7,,,,,,,1746147814.646
2180,364189199,1746147814646,1,0.023,0.02252916,45.63,BTC-30MAY25-105000-C,97106.84,buy,5.0,5.0,,,,,,,1746147814.646
2181,364189200,1746147814646,1,0.023,0.02252916,45.63,BTC-30MAY25-105000-C,97106.84,buy,8.7,8.7,,,,,,,1746147814.646
2183,364189208,1746147814789,1,0.023,0.02252916,45.63,BTC-30MAY25-105000-C,97106.84,buy,0.6,0.6,,,,,,,1746147814.789
2184,364189209,1746147814934,1,0.023,0.02252916,45.63,BTC-30MAY25-105000-C,97106.84,buy,0.2,0.2,,,,,,,1746147814.934
2185,364189210,1746147815079,1,0.023,0.02252916,45.63,BTC-30MAY25-105000-C,97106.84,buy,0.4,0.4,,,,,,,1746147815.079
2186,364189211,1746147815223,1,0.023,0.02252916,45.63,BTC-30MAY25-105000-C,97106.84,buy,2.5,2.5,,,,,,,1746147815.223
2187,364189212,1746147815361,1,0.023,0.02252916,45.63,BTC-30MAY25-105000-C,97106.84,buy,0.2,0.2,,,,,,,1746147815.361
2188,364189213,1746147815507,1,0.023,0.02252967,45.63,BTC-30MAY25-105000-C,97106.84,buy,0.1,0.1,,,,,,,1746147815.507
2189,364189214,1746147815649,1,0.023,0.02252967,45.63,BTC-30MAY25-105000-C,97106.84,buy,0.7,0.7,,,,,,,1746147815.649
2190,364189215,1746147815790,1,0.023,0.02252967,45.63,BTC-30MAY25-105000-C,97106.84,buy,0.1,0.1,,,,,,,1746147815.79
2191,364189593,1746147995973,1,0.023,0.02254198,45.66,BTC-30MAY25-105000-C,97097.8,buy,1.0,1.0,,,,,,,1746147995.973
2192,364194419,1746150999675,1,0.023,0.02316834,45.69,BTC-30MAY25-105000-C,97033.01,sell,0.5,0.5,,,,,,,1746150999.675
2193,364195421,1746152301983,1,0.023,0.02262921,46.25,BTC-30MAY25-105000-C,96863.26,buy,0.1,0.1,,,,,,,1746152301.983
2194,364195424,1746152319842,1,0.023,0.02259665,46.27,BTC-30MAY25-105000-C,96854.22,buy,0.6,0.6,,,,,,,1746152319.842
2196,364195426,1746152319842,1,0.023,0.02259665,46.27,BTC-30MAY25-105000-C,96854.22,buy,1.8,1.8,,,,,,,1746152319.842
2195,364195425,1746152319842,1,0.023,0.02259665,46.27,BTC-30MAY25-105000-C,96854.22,buy,0.6,0.6,,,,,,,1746152319.842
2197,364195660,1746152682821,1,0.023,0.02290426,46.04,BTC-30MAY25-105000-C,96922.08,buy,0.1,0.1,,,,,,,1746152682.821
2198,364195907,1746152976017,1,0.023,0.02334888,45.67,BTC-30MAY25-105000-C,97044.59,sell,0.1,0.1,,,,,,,1746152976.017
2199,364196090,1746153267913,0,0.0235,0.02347292,46.13,BTC-30MAY25-105000-C,97067.44,buy,0.1,0.1,,,,,,,1746153267.913
2200,364199878,1746155808529,0,0.0239,0.02390181,46.43,BTC-30MAY25-105000-C,97104.18,sell,12.5,12.5,,BTC-CS-30MAY25-100000_105000,2.0,BLOCK-195565,,,1746155808.529
2202,364200921,1746156632136,1,0.024,0.02399118,46.52,BTC-30MAY25-105000-C,97105.24,buy,3.5,3.5,,,,,,,1746156632.136
2201,364200920,1746156632136,0,0.024,0.02399118,46.52,BTC-30MAY25-105000-C,97105.24,buy,3.8,3.8,,,,,,,1746156632.136
2203,364203541,1746157873050,0,0.0245,0.02426556,46.83,BTC-30MAY25-105000-C,97192.07,buy,0.1,0.1,,,,,,,1746157873.05
2205,364205750,1746159002558,1,0.025,0.02439319,47.25,BTC-30MAY25-105000-C,97230.56,buy,5.1,5.1,,,,,,,1746159002.558
2208,364205753,1746159002558,1,0.025,0.02439319,47.25,BTC-30MAY25-105000-C,97230.56,buy,10.3,10.3,,,,,,,1746159002.558
2209,364205754,1746159002558,1,0.025,0.02439319,47.25,BTC-30MAY25-105000-C,97230.56,buy,3.1,3.1,,,,,,,1746159002.558
2204,364205749,1746159002558,0,0.025,0.02439319,47.25,BTC-30MAY25-105000-C,97230.56,buy,0.7,0.7,,,,,,,1746159002.558
2206,364205751,1746159002558,1,0.025,0.02439319,47.25,BTC-30MAY25-105000-C,97230.56,buy,11.0,11.0,,,,,,,1746159002.558
2210,364205755,1746159002558,1,0.025,0.02439319,47.25,BTC-30MAY25-105000-C,97230.56,buy,8.6,8.6,,,,,,,1746159002.558
2207,364205752,1746159002558,1,0.025,0.02439319,47.25,BTC-30MAY25-105000-C,97230.56,buy,10.3,10.3,,,,,,,1746159002.558
2211,364205756,1746159002565,1,0.025,0.02439319,47.25,BTC-30MAY25-105000-C,97230.56,sell,1.0,1.0,,,,,,,1746159002.565
2212,364205757,1746159002565,1,0.025,0.02439319,47.25,BTC-30MAY25-105000-C,97230.56,sell,4.5,4.5,,,,,,,1746159002.565
2213,364205758,1746159002566,1,0.025,0.02439319,47.25,BTC-30MAY25-105000-C,97230.56,sell,0.6,0.6,,,,,,,1746159002.566
2214,364205759,1746159002568,1,0.025,0.02439319,47.25,BTC-30MAY25-105000-C,97230.56,sell,44.8,44.8,,,,,,,1746159002.568
2215,364205796,1746159006036,1,0.025,0.02446464,47.12,BTC-30MAY25-105000-C,97270.97,buy,0.1,0.1,,,,,,,1746159006.036
2217,364205804,1746159007275,1,0.025,0.02451842,47.12,BTC-30MAY25-105000-C,97270.97,buy,0.1,0.1,,,,,,,1746159007.275
2216,364205803,1746159007275,1,0.025,0.02451842,47.12,BTC-30MAY25-105000-C,97270.97,buy,3.9,3.9,,,,,,,1746159007.275
2222,364206852,1746159724826,1,0.0255,0.0248509,47.76,BTC-30MAY25-105000-C,97180.98,buy,2.0,2.0,,,,,,,1746159724.826
2219,364206849,1746159724826,1,0.0255,0.0248509,47.76,BTC-30MAY25-105000-C,97180.98,buy,0.7,0.7,,,,,,,1746159724.826
2223,364206853,1746159724826,1,0.0255,0.0248509,47.76,BTC-30MAY25-105000-C,97180.98,buy,4.0,4.0,,,,,,,1746159724.826
2224,364206854,1746159724826,1,0.0255,0.0248509,47.76,BTC-30MAY25-105000-C,97180.98,buy,1.8,1.8,,,,,,,1746159724.826
2220,364206850,1746159724826,1,0.0255,0.0248509,47.76,BTC-30MAY25-105000-C,97180.98,buy,5.1,5.1,,,,,,,1746159724.826
2218,364206848,1746159724826,0,0.0255,0.0248509,47.76,BTC-30MAY25-105000-C,97180.98,buy,0.6,0.6,,,,,,,1746159724.826
2221,364206851,1746159724826,1,0.0255,0.0248509,47.76,BTC-30MAY25-105000-C,97180.98,buy,7.7,7.7,,,,,,,1746159724.826
2225,364206855,1746159724829,1,0.0255,0.0248509,47.76,BTC-30MAY25-105000-C,97180.98,sell,1.6,1.6,,,,,,,1746159724.829
2226,364206856,1746159724829,1,0.0255,0.0248509,47.76,BTC-30MAY25-105000-C,97180.98,sell,1.0,1.0,,,,,,,1746159724.829
2227,364206857,1746159724835,1,0.0255,0.0248509,47.76,BTC-30MAY25-105000-C,97180.98,sell,3.7,3.7,,,,,,,1746159724.835
2228,364206858,1746159724839,1,0.0255,0.0248509,47.76,BTC-30MAY25-105000-C,97180.98,sell,2.8,2.8,,,,,,,1746159724.839
2229,364206861,1746159724935,1,0.0255,0.0248509,47.76,BTC-30MAY25-105000-C,97180.98,sell,0.2,0.2,,,,,,,1746159724.935
2230,364206865,1746159726497,1,0.0255,0.02487044,47.76,BTC-30MAY25-105000-C,97180.98,sell,11.0,11.0,,,,,,,1746159726.497
2231,364207266,1746159935128,1,0.0255,0.02541459,47.75,BTC-30MAY25-105000-C,97186.14,sell,14.0,14.0,,,,,,,1746159935.128
2232,364207745,1746160250514,1,0.0255,0.02546514,47.96,BTC-30MAY25-105000-C,97106.92,sell,14.0,14.0,,,,,,,1746160250.514
2233,364208117,1746160518520,1,0.0255,0.02543293,48.2,BTC-30MAY25-105000-C,97027.82,sell,14.0,14.0,,,,,,,1746160518.52
2234,364208353,1746160614604,1,0.0255,0.02539598,48.31,BTC-30MAY25-105000-C,97002.59,sell,0.2,0.2,,,,,,,1746160614.604
2235,364208399,1746160618854,1,0.0255,0.02540572,48.3,BTC-30MAY25-105000-C,97005.24,sell,0.1,0.1,,,,,,,1746160618.854
2236,364208400,1746160619090,1,0.0255,0.02540572,48.3,BTC-30MAY25-105000-C,97005.24,sell,0.4,0.4,,,,,,,1746160619.09
2237,364208406,1746160622208,1,0.0255,0.02535094,48.37,BTC-30MAY25-105000-C,96982.71,sell,0.6,0.6,,,,,,,1746160622.208
2238,364208410,1746160631005,1,0.0255,0.02534153,48.39,BTC-30MAY25-105000-C,96978.48,sell,0.1,0.1,,,,,,,1746160631.005
2239,364208463,1746160647752,1,0.0255,0.02540337,48.37,BTC-30MAY25-105000-C,96987.11,sell,50.0,50.0,,,,,,,1746160647.752
2240,364208464,1746160647754,1,0.0255,0.02540337,48.37,BTC-30MAY25-105000-C,96987.11,sell,14.4,14.4,,,,,,,1746160647.754
2243,364208467,1746160647761,3,0.025,0.02540337,47.86,BTC-30MAY25-105000-C,96987.11,sell,2.0,2.0,,,,,,,1746160647.761
2241,364208465,1746160647761,2,0.025,0.02540337,47.86,BTC-30MAY25-105000-C,96987.11,sell,1.0,1.0,,,,,,,1746160647.761
2242,364208466,1746160647761,3,0.025,0.02540337,47.86,BTC-30MAY25-105000-C,96987.11,sell,1.0,1.0,,,,,,,1746160647.761
2246,364208470,1746160647766,3,0.025,0.02540337,47.86,BTC-30MAY25-105000-C,96987.11,sell,0.9,0.9,,,,,,,1746160647.766
2245,364208469,1746160647766,3,0.025,0.02540337,47.86,BTC-30MAY25-105000-C,96987.11,sell,0.6,0.6,,,,,,,1746160647.766
2244,364208468,1746160647766,3,0.025,0.02540337,47.86,BTC-30MAY25-105000-C,96987.11,sell,0.1,0.1,,,,,,,1746160647.766
2248,364208999,1746160917113,3,0.025,0.02543371,47.82,BTC-30MAY25-105000-C,96993.06,sell,1.0,1.0,,,,,,,1746160917.113
2250,364209001,1746160917113,3,0.025,0.02543371,47.82,BTC-30MAY25-105000-C,96993.06,sell,0.9,0.9,,,,,,,1746160917.113
2249,364209000,1746160917113,3,0.025,0.02543371,47.82,BTC-30MAY25-105000-C,96993.06,sell,1.1,1.1,,,,,,,1746160917.113
2247,364208998,1746160917113,3,0.025,0.02543371,47.82,BTC-30MAY25-105000-C,96993.06,sell,1.0,1.0,,,,,,,1746160917.113
2251,364209002,1746160917119,3,0.025,0.02543371,47.82,BTC-30MAY25-105000-C,96993.06,sell,0.3,0.3,,,,,,,1746160917.119
2252,364209003,1746160917119,3,0.025,0.02543371,47.82,BTC-30MAY25-105000-C,96993.06,sell,3.7,3.7,,,,,,,1746160917.119
2254,364209242,1746161064124,3,0.025,0.02533495,47.87,BTC-30MAY25-105000-C,96974.66,sell,0.1,0.1,,,,,,,1746161064.124
2253,364209241,1746161064124,3,0.025,0.02533495,47.87,BTC-30MAY25-105000-C,96974.66,sell,1.0,1.0,,,,,,,1746161064.124
2257,364209472,1746161253224,3,0.0245,0.02504019,47.54,BTC-30MAY25-105000-C,96915.33,sell,4.1,4.1,,,,,,,1746161253.224
2260,364209475,1746161253224,3,0.0245,0.02504019,47.54,BTC-30MAY25-105000-C,96915.33,sell,0.6,0.6,,,,,,,1746161253.224
2255,364209470,1746161253224,2,0.0245,0.02504019,47.54,BTC-30MAY25-105000-C,96915.33,sell,1.0,1.0,,,,,,,1746161253.224
2256,364209471,1746161253224,3,0.0245,0.02504019,47.54,BTC-30MAY25-105000-C,96915.33,sell,8.6,8.6,,,,,,,1746161253.224
2258,364209473,1746161253224,3,0.0245,0.02504019,47.54,BTC-30MAY25-105000-C,96915.33,sell,10.0,10.0,,,,,,,1746161253.224
2259,364209474,1746161253224,3,0.0245,0.02504019,47.54,BTC-30MAY25-105000-C,96915.33,sell,1.0,1.0,,,,,,,1746161253.224
2261,364216307,1746165290940,3,0.0245,0.02415936,48.21,BTC-30MAY25-105000-C,96711.32,buy,0.1,0.1,,,,,,,1746165290.94
2262,364232168,1746171321376,2,0.0225,0.0226383,46.74,BTC-30MAY25-105000-C,96512.88,sell,1.0,1.0,,,,,,,1746171321.376
2263,364232169,1746171321376,3,0.0225,0.0226383,46.74,BTC-30MAY25-105000-C,96512.88,sell,8.7,8.7,,,,,,,1746171321.376
2264,364232170,1746171321379,3,0.0225,0.0226383,46.74,BTC-30MAY25-105000-C,96512.88,buy,0.5,0.5,,,,,,,1746171321.379
2265,364232171,1746171321383,3,0.0225,0.0226383,46.74,BTC-30MAY25-105000-C,96512.88,buy,0.9,0.9,,,,,,,1746171321.383
2266,364232172,1746171321385,3,0.0225,0.0226383,46.74,BTC-30MAY25-105000-C,96512.88,buy,1.0,1.0,,,,,,,1746171321.385
2267,364232173,1746171321388,3,0.0225,0.0226383,46.74,BTC-30MAY25-105000-C,96512.88,buy,7.9,7.9,,,,,,,1746171321.388
2268,364233852,1746171682122,3,0.0225,0.02243706,47.03,BTC-30MAY25-105000-C,96425.8,sell,0.2,0.2,,,,,,,1746171682.122
2269,364233901,1746171703084,3,0.0225,0.0224678,46.99,BTC-30MAY25-105000-C,96437.52,sell,0.1,0.1,,,,,,,1746171703.084
2270,364241195,1746173256535,0,0.023,0.02265221,47.4,BTC-30MAY25-105000-C,96500.35,buy,0.1,0.1,,,,,,,1746173256.535
2271,364241330,1746173294168,2,0.0225,0.02271584,46.83,BTC-30MAY25-105000-C,96517.32,sell,0.1,0.1,,,,,,,1746173294.168
2272,364242177,1746173664906,0,0.0235,0.02303687,47.71,BTC-30MAY25-105000-C,96562.21,buy,0.9,0.9,,,,,,,1746173664.906
2273,364242180,1746173666082,1,0.0235,0.02303511,47.72,BTC-30MAY25-105000-C,96560.25,sell,0.2,0.2,,,,,,,1746173666.082
2274,364242228,1746173708982,1,0.0235,0.0232355,47.62,BTC-30MAY25-105000-C,96595.47,sell,0.1,0.1,,,,,,,1746173708.982
2275,364243617,1746174250832,0,0.0245,0.02428727,48.24,BTC-30MAY25-105000-C,96689.83,sell,0.8,0.8,,,,,,,1746174250.832
2276,364251325,1746177860645,2,0.024,0.02413214,47.84,BTC-30MAY25-105000-C,96712.63,buy,0.8,0.8,,,,,,,1746177860.645
2277,364251326,1746177863349,3,0.024,0.02413733,47.83,BTC-30MAY25-105000-C,96714.96,buy,0.1,0.1,,,,,,,1746177863.349
2278,364251344,1746177865382,3,0.024,0.02414618,47.83,BTC-30MAY25-105000-C,96716.41,buy,0.1,0.1,,,,,,,1746177865.382
2279,364267551,1746189476274,2,0.023,0.02320479,46.37,BTC-30MAY25-105000-C,96977.09,sell,0.1,0.1,,,,,,,1746189476.274
2280,364267919,1746189630379,3,0.023,0.02313754,46.44,BTC-30MAY25-105000-C,96964.51,buy,0.2,0.2,,,,,,,1746189630.379
2281,364267923,1746189630747,3,0.023,0.02313646,46.44,BTC-30MAY25-105000-C,96963.66,buy,1.0,1.0,,,,,,,1746189630.747
2282,364269709,1746190627147,0,0.0235,0.02364493,46.25,BTC-30MAY25-105000-C,97191.53,buy,0.1,0.1,,,,,,,1746190627.147
2283,364271663,1746191207911,1,0.0235,0.02352307,46.34,BTC-30MAY25-105000-C,97178.5,buy,0.9,0.9,,,,,,,1746191207.911
2284,364275663,1746193128767,2,0.0225,0.02252023,46.19,BTC-30MAY25-105000-C,96863.69,sell,0.1,0.1,,,,,,,1746193128.767
2285,364278605,1746194165009,3,0.0225,0.02249442,45.98,BTC-30MAY25-105000-C,96938.36,sell,0.1,0.1,,,,,,,1746194165.009
2286,364279183,1746194441438,3,0.0225,0.02241235,46.06,BTC-30MAY25-105000-C,96900.19,buy,0.1,0.1,,,,,,,1746194441.438
2287,364279571,1746194547846,3,0.0225,0.02263646,45.82,BTC-30MAY25-105000-C,96978.55,buy,0.1,0.1,,,,,,,1746194547.846
2288,364296153,1746198753915,0,0.0245,0.02422693,45.9,BTC-30MAY25-105000-C,97655.61,buy,0.3,0.3,,,,,,,1746198753.915
2290,364298066,1746199475447,3,0.0235,0.02374708,45.38,BTC-30MAY25-105000-C,97495.02,sell,0.6,0.6,,,,,,,1746199475.447
2289,364298065,1746199475447,2,0.0235,0.02374708,45.38,BTC-30MAY25-105000-C,97495.02,sell,0.1,0.1,,,,,,,1746199475.447
2291,364299428,1746199583911,2,0.0233,0.02329546,45.65,BTC-30MAY25-105000-C,97344.84,buy,10.0,10.0,364299426,BTC-ICOND-30MAY25-80000_86000_100000_105000,,,,,1746199583.911
2292,364300347,1746199634831,2,0.0225,0.02277595,45.29,BTC-30MAY25-105000-C,97194.46,sell,0.2,0.2,,,,,,,1746199634.831
2294,364302569,1746200126709,1,0.023,0.02333096,45.22,BTC-30MAY25-105000-C,97405.92,sell,0.3,0.3,,,,,,,1746200126.709
2293,364302568,1746200126709,0,0.023,0.02333096,45.22,BTC-30MAY25-105000-C,97405.92,sell,0.1,0.1,,,,,,,1746200126.709
2295,364303140,1746200441101,1,0.023,0.02338804,45.2,BTC-30MAY25-105000-C,97398.7,sell,0.6,0.6,,,,,,,1746200441.101
2296,364304089,1746200803803,0,0.0235,0.02369409,45.34,BTC-30MAY25-105000-C,97517.36,sell,0.6,0.6,,,,,,,1746200803.803
2297,364304313,1746200930695,1,0.0235,0.02366066,45.35,BTC-30MAY25-105000-C,97514.58,sell,0.1,0.1,,,,,,,1746200930.695
2298,364304560,1746201057977,2,0.023,0.02357159,44.93,BTC-30MAY25-105000-C,97501.3,sell,0.3,0.3,,,,,,,1746201057.977
2299,364304866,1746201175480,3,0.023,0.02320128,45.25,BTC-30MAY25-105000-C,97399.46,sell,0.1,0.1,,,,,,,1746201175.48
2300,364304867,1746201175482,3,0.023,0.02320128,45.25,BTC-30MAY25-105000-C,97399.46,buy,0.2,0.2,,,,,,,1746201175.482
2301,364305146,1746201402642,2,0.0229,0.02320225,45.07,BTC-30MAY25-105000-C,97422.02,sell,50.0,50.0,,BTC-STRG-30MAY25-96000_105000,2.0,BLOCK-195699,,,1746201402.642
2303,364306185,1746201688166,1,0.023,0.02336654,44.92,BTC-30MAY25-105000-C,97507.2,sell,0.2,0.2,,,,,,,1746201688.166
2302,364306184,1746201688166,0,0.023,0.02336654,44.92,BTC-30MAY25-105000-C,97507.2,sell,0.1,0.1,,,,,,,1746201688.166
2304,364306368,1746201729323,2,0.0228,0.02338536,44.67,BTC-30MAY25-105000-C,97528.43,sell,50.0,50.0,,BTC-STRG-30MAY25-96000_105000,2.0,BLOCK-195706,,,1746201729.323
2307,364310244,1746202296790,1,0.023,0.02345857,44.66,BTC-30MAY25-105000-C,97615.46,sell,0.3,0.3,,,,,,,1746202296.79
2306,364310243,1746202296790,1,0.023,0.02345857,44.66,BTC-30MAY25-105000-C,97615.46,sell,0.1,0.1,,,,,,,1746202296.79
2305,364310242,1746202296790,0,0.023,0.02345857,44.66,BTC-30MAY25-105000-C,97615.46,sell,0.1,0.1,,,,,,,1746202296.79
2308,364310604,1746202523867,1,0.023,0.02364002,44.45,BTC-30MAY25-105000-C,97674.95,sell,0.3,0.3,,,,,,,1746202523.867
2309,364310919,1746202741618,0,0.0232,0.02373235,44.48,BTC-30MAY25-105000-C,97730.96,sell,50.0,50.0,,BTC-STRG-30MAY25-96000_105000,2.0,BLOCK-195713,,,1746202741.618
2310,364315275,1746204702284,2,0.023,0.02282939,44.86,BTC-30MAY25-105000-C,97572.72,sell,0.5,0.5,,,,,,,1746204702.284
2311,364316467,1746205331945,2,0.022,0.02210687,44.55,BTC-30MAY25-105000-C,97317.12,buy,0.1,0.1,,,,,,,1746205331.945
2312,364319763,1746207575111,0,0.0225,0.0222816,44.68,BTC-30MAY25-105000-C,97466.91,buy,0.5,0.5,,,,,,,1746207575.111
2313,364320176,1746207929422,2,0.022,0.0218669,44.67,BTC-30MAY25-105000-C,97303.08,sell,0.1,0.1,,,,,,,1746207929.422
2314,364320222,1746207947781,3,0.022,0.02188888,44.7,BTC-30MAY25-105000-C,97295.73,sell,0.4,0.4,,,,,,,1746207947.781
2315,364328104,1746209245984,0,0.0225,0.02230636,44.59,BTC-30MAY25-105000-C,97524.12,sell,0.4,0.4,,,,,,,1746209245.984
2316,364328105,1746209246813,1,0.0225,0.02230574,44.6,BTC-30MAY25-105000-C,97522.24,sell,0.1,0.1,,,,,,,1746209246.813
2317,364332603,1746210960307,1,0.0225,0.02226261,44.49,BTC-30MAY25-105000-C,97566.09,sell,0.5,0.5,,,,,,,1746210960.307
2318,364333451,1746211658665,1,0.0225,0.02249715,44.51,BTC-30MAY25-105000-C,97555.11,sell,5.0,5.0,,,,,,,1746211658.665
2319,364334637,1746212266720,2,0.022,0.02177306,44.88,BTC-30MAY25-105000-C,97247.09,sell,0.5,0.5,,,,,,,1746212266.72
2320,364336175,1746212948153,2,0.0215,0.02139579,44.83,BTC-30MAY25-105000-C,97108.72,buy,0.7,0.7,,,,,,,1746212948.153
2321,364337983,1746214252351,3,0.0215,0.02144166,44.67,BTC-30MAY25-105000-C,97154.33,sell,0.4,0.4,,,,,,,1746214252.351
2322,364338089,1746214374980,3,0.0215,0.02126407,44.89,BTC-30MAY25-105000-C,97081.6,sell,0.1,0.1,,,,,,,1746214374.98
2323,364348599,1746216284065,2,0.021,0.02084485,44.65,BTC-30MAY25-105000-C,97003.46,sell,0.5,0.5,,,,,,,1746216284.065
2324,364348611,1746216296564,3,0.021,0.02084582,44.65,BTC-30MAY25-105000-C,97005.71,sell,0.5,0.5,,,,,,,1746216296.564
2325,364350670,1746217609604,0,0.0215,0.02115218,44.95,BTC-30MAY25-105000-C,97045.19,sell,0.5,0.5,,,,,,,1746217609.604
2326,364355374,1746222530685,2,0.0205,0.0204371,44.5,BTC-30MAY25-105000-C,96843.23,sell,0.5,0.5,,,,,,,1746222530.685
2327,364367999,1746234927127,2,0.02,0.02008381,44.84,BTC-30MAY25-105000-C,96607.47,sell,10.0,10.0,,,,,,,1746234927.127
2328,364369677,1746236082737,3,0.02,0.01976051,45.15,BTC-30MAY25-105000-C,96505.4,sell,0.5,0.5,,,,,,,1746236082.737
2329,364372862,1746238455458,3,0.02,0.01987963,44.69,BTC-30MAY25-105000-C,96663.03,sell,0.5,0.5,,,,,,,1746238455.458
2330,364377009,1746243434715,2,0.019,0.01891766,44.57,BTC-30MAY25-105000-C,96361.24,sell,0.5,0.5,,,,,,,1746243434.715
2331,364379284,1746244711365,2,0.0185,0.01847378,44.02,BTC-30MAY25-105000-C,96379.13,sell,0.1,0.1,,,,,,,1746244711.365
2332,364379291,1746244716096,3,0.0185,0.01846978,44.03,BTC-30MAY25-105000-C,96376.95,sell,0.1,0.1,,,,,,,1746244716.096
2333,364382138,1746246294040,0,0.019,0.01884139,44.09,BTC-30MAY25-105000-C,96550.52,sell,0.5,0.5,,,,,,,1746246294.04
2334,364391751,1746255624608,2,0.0185,0.01822865,44.69,BTC-30MAY25-105000-C,96207.19,sell,0.1,0.1,,,,,,,1746255624.608
2335,364392185,1746256047097,0,0.019,0.01867332,44.88,BTC-30MAY25-105000-C,96302.65,sell,0.5,0.5,,,,,,,1746256047.097
2336,364401993,1746259039165,1,0.019,0.01898009,44.74,BTC-30MAY25-105000-C,96394.12,sell,0.1,0.1,,,,,,,1746259039.165
2337,364407378,1746260535389,2,0.0185,0.01871454,44.63,BTC-30MAY25-105000-C,96236.66,sell,0.1,0.1,,,,,,,1746260535.389
2338,364413013,1746263521714,0,0.019,0.01884576,45.05,BTC-30MAY25-105000-C,96286.92,buy,0.1,0.1,,,,,,,1746263521.714
2339,364419099,1746267344013,2,0.0185,0.01864062,44.77,BTC-30MAY25-105000-C,96224.06,sell,0.1,0.1,,,,,,,1746267344.013
2340,364431778,1746269946722,2,0.018,0.01774781,45.15,BTC-30MAY25-105000-C,95916.06,sell,0.5,0.5,,,,,,,1746269946.722
2341,364453302,1746273364150,2,0.0175,0.01751215,44.5,BTC-30MAY25-105000-C,95961.92,sell,0.1,0.1,,,,,,,1746273364.15
2342,364457668,1746273969235,3,0.0175,0.0173905,44.56,BTC-30MAY25-105000-C,95956.56,sell,0.5,0.5,,,,,,,1746273969.235
2343,364461274,1746275298170,3,0.0175,0.01730443,44.37,BTC-30MAY25-105000-C,96034.72,sell,0.5,0.5,,,,,,,1746275298.17
2344,364461385,1746275552892,3,0.0175,0.01739902,44.29,BTC-30MAY25-105000-C,96069.31,sell,0.5,0.5,,,,,,,1746275552.892
2345,364463803,1746277304215,0,0.018,0.01778173,44.59,BTC-30MAY25-105000-C,96179.92,buy,0.5,0.5,,,,,,,1746277304.215
2346,364463804,1746277304216,1,0.018,0.01778173,44.59,BTC-30MAY25-105000-C,96179.92,sell,0.3,0.3,,,,,,,1746277304.216
2349,364464941,1746277658200,3,0.0175,0.01792576,43.94,BTC-30MAY25-105000-C,96205.75,sell,0.2,0.2,,,,,,,1746277658.2
2347,364464939,1746277658200,2,0.0175,0.01792576,43.94,BTC-30MAY25-105000-C,96205.75,sell,0.5,0.5,,,,,,,1746277658.2
2348,364464940,1746277658200,3,0.0175,0.01792576,43.94,BTC-30MAY25-105000-C,96205.75,sell,0.1,0.1,,,,,,,1746277658.2
2350,364464962,1746277658945,3,0.0175,0.01792611,43.93,BTC-30MAY25-105000-C,96208.36,sell,0.2,0.2,,,,,,,1746277658.945
2352,364482866,1746285604719,1,0.0185,0.01886995,44.33,BTC-30MAY25-105000-C,96489.74,sell,0.2,0.2,,,,,,,1746285604.719
2351,364482865,1746285604719,0,0.0185,0.01886995,44.33,BTC-30MAY25-105000-C,96489.74,sell,0.1,0.1,,,,,,,1746285604.719
2353,364488089,1746290922094,2,0.018,0.01806221,44.73,BTC-30MAY25-105000-C,96128.98,sell,1.0,1.0,,,,,,,1746290922.094
2354,364499438,1746298205849,3,0.018,0.01812468,44.62,BTC-30MAY25-105000-C,96188.18,buy,0.6,0.6,,,,,,,1746298205.849
2355,364520221,1746312852218,2,0.0175,0.01792583,44.13,BTC-30MAY25-105000-C,96216.46,sell,0.3,0.3,,,,,,,1746312852.218
2356,364524156,1746315276491,3,0.0175,0.0174486,44.95,BTC-30MAY25-105000-C,95942.64,sell,0.2,0.2,,,,,,,1746315276.491
2357,364577385,1746347819104,2,0.0165,0.01651218,45.07,BTC-30MAY25-105000-C,95639.36,buy,0.1,0.1,,,,,,,1746347819.104
2358,364583824,1746352090191,2,0.016,0.01613902,44.99,BTC-30MAY25-105000-C,95501.46,buy,0.1,0.1,,,,,,,1746352090.191
2359,364583827,1746352090283,3,0.016,0.01613902,44.99,BTC-30MAY25-105000-C,95501.46,buy,0.3,0.3,,,,,,,1746352090.283
2360,364583830,1746352090321,3,0.016,0.01613902,44.99,BTC-30MAY25-105000-C,95501.46,buy,0.2,0.2,,,,,,,1746352090.321
2361,364583837,1746352090445,3,0.016,0.01613902,44.99,BTC-30MAY25-105000-C,95501.46,buy,0.2,0.2,,,,,,,1746352090.445
2362,364583846,1746352090627,3,0.016,0.01613902,44.99,BTC-30MAY25-105000-C,95501.46,buy,0.1,0.1,,,,,,,1746352090.627
2363,364583847,1746352090630,3,0.016,0.01613902,44.99,BTC-30MAY25-105000-C,95501.46,buy,0.1,0.1,,,,,,,1746352090.63
2364,364587864,1746354356960,2,0.0155,0.01575626,44.79,BTC-30MAY25-105000-C,95395.37,sell,0.1,0.1,,,,,,,1746354356.96
2365,364587865,1746354356960,3,0.0155,0.01575626,44.79,BTC-30MAY25-105000-C,95395.37,sell,0.2,0.2,,,,,,,1746354356.96
2366,364590043,1746356601574,0,0.0165,0.01584247,46.01,BTC-30MAY25-105000-C,95395.5,buy,0.8,0.8,,,,,,,1746356601.574
2367,364590044,1746356601574,1,0.0165,0.01584247,46.01,BTC-30MAY25-105000-C,95395.5,buy,0.2,0.2,,,,,,,1746356601.574
2368,364623517,1746373915761,1,0.0165,0.01595118,45.82,BTC-30MAY25-105000-C,95503.33,buy,0.3,0.3,,,,,,,1746373915.761
2370,364624674,1746375684309,1,0.017,0.01652311,46.42,BTC-30MAY25-105000-C,95473.9,buy,6.0,6.0,,,,,,,1746375684.309
2371,364624675,1746375684309,1,0.017,0.01652311,46.42,BTC-30MAY25-105000-C,95473.9,buy,2.0,2.0,,,,,,,1746375684.309
2369,364624673,1746375684309,0,0.017,0.01652311,46.42,BTC-30MAY25-105000-C,95473.9,buy,3.4,3.4,,,,,,,1746375684.309
2372,364624676,1746375684318,1,0.017,0.01652311,46.42,BTC-30MAY25-105000-C,95473.9,sell,2.4,2.4,,,,,,,1746375684.318
2374,364625025,1746375923403,1,0.0175,0.017038,46.86,BTC-30MAY25-105000-C,95517.77,sell,14.0,14.0,,,,,,,1746375923.403
2373,364625024,1746375923403,0,0.0175,0.017038,46.86,BTC-30MAY25-105000-C,95517.77,sell,14.0,14.0,,,,,,,1746375923.403
2375,364625026,1746375923409,1,0.0175,0.017038,46.86,BTC-30MAY25-105000-C,95517.77,sell,7.0,7.0,,,,,,,1746375923.409
2376,364632001,1746385010116,1,0.0175,0.01705257,47.22,BTC-30MAY25-105000-C,95428.92,buy,0.2,0.2,,,,,,,1746385010.116
2377,364632006,1746385021689,1,0.0175,0.01703732,47.23,BTC-30MAY25-105000-C,95427.97,buy,0.1,0.1,,,,,,,1746385021.689
2378,364632423,1746385542495,2,0.0165,0.0170555,46.04,BTC-30MAY25-105000-C,95422.76,sell,0.4,0.4,,,,,,,1746385542.495
2379,364632555,1746386004350,3,0.0165,0.01708979,45.92,BTC-30MAY25-105000-C,95455.81,sell,0.5,0.5,,,,,,,1746386004.35
2380,364643584,1746394127420,0,0.0175,0.01756966,46.5,BTC-30MAY25-105000-C,95702.0,buy,0.3,0.3,,,,,,,1746394127.42
2384,364658653,1746399253830,3,0.016,0.01534168,47.12,BTC-30MAY25-105000-C,94973.93,buy,7.9,7.9,,,,,,,1746399253.83
2382,364658651,1746399253830,3,0.016,0.01534168,47.12,BTC-30MAY25-105000-C,94973.93,buy,0.9,0.9,,,,,,,1746399253.83
2381,364658650,1746399253830,2,0.016,0.01534168,47.12,BTC-30MAY25-105000-C,94973.93,buy,11.7,11.7,,,,,,,1746399253.83
2383,364658652,1746399253830,3,0.016,0.01534168,47.12,BTC-30MAY25-105000-C,94973.93,buy,0.6,0.6,,,,,,,1746399253.83
2385,364658739,1746399273755,3,0.016,0.01531381,47.15,BTC-30MAY25-105000-C,94965.74,buy,1.0,1.0,,,,,,,1746399273.755
2386,364660994,1746399966143,2,0.015,0.0150804,46.48,BTC-30MAY25-105000-C,94758.08,sell,0.1,0.1,,,,,,,1746399966.143
2387,364668607,1746401906148,2,0.0143,0.01448477,46.4,BTC-30MAY25-105000-C,94465.68,sell,12.5,12.5,,BTC-CS-30MAY25-105000_108000,2.0,BLOCK-195796,2833.0,,1746401906.148
2388,364671439,1746402871752,2,0.014,0.014396,46.38,BTC-30MAY25-105000-C,94341.54,sell,0.5,0.5,,,,,,,1746402871.752
2389,364671714,1746403035475,3,0.014,0.01427326,46.55,BTC-30MAY25-105000-C,94272.44,sell,12.5,12.5,,BTC-CS-30MAY25-105000_110000,2.0,BLOCK-195799,2836.0,,1746403035.475
2390,364672063,1746403224428,0,0.0145,0.01427777,47.2,BTC-30MAY25-105000-C,94267.89,buy,0.1,0.1,,,,,,,1746403224.428
2391,364686418,1746410793147,2,0.013,0.01303176,46.53,BTC-30MAY25-105000-C,93811.35,sell,0.1,0.1,,,,,,,1746410793.147
2392,364687745,1746411014129,2,0.0125,0.01286695,46.1,BTC-30MAY25-105000-C,93720.13,sell,1.0,1.0,,,,,,,1746411014.129
2393,364692941,1746414059700,0,0.014,0.0141736,46.71,BTC-30MAY25-105000-C,94200.98,sell,0.5,0.5,,,,,,,1746414059.7
2395,364693000,1746414116283,1,0.014,0.01412191,46.8,BTC-30MAY25-105000-C,94167.32,sell,0.1,0.1,,,,,,,1746414116.283
2394,364692999,1746414116283,1,0.014,0.01412191,46.8,BTC-30MAY25-105000-C,94167.32,sell,0.4,0.4,,,,,,,1746414116.283
2400,364698844,1746418233602,3,0.0135,0.0138544,46.5,BTC-30MAY25-105000-C,94062.47,sell,0.1,0.1,,,,,,,1746418233.602
2402,364698846,1746418233602,3,0.0135,0.0138544,46.5,BTC-30MAY25-105000-C,94062.47,sell,0.6,0.6,,,,,,,1746418233.602
2403,364698847,1746418233602,3,0.0135,0.0138544,46.5,BTC-30MAY25-105000-C,94062.47,sell,4.8,4.8,,,,,,,1746418233.602
2397,364698841,1746418233602,3,0.0135,0.0138544,46.5,BTC-30MAY25-105000-C,94062.47,sell,1.0,1.0,,,,,,,1746418233.602
2396,364698840,1746418233602,2,0.0135,0.0138544,46.5,BTC-30MAY25-105000-C,94062.47,sell,0.9,0.9,,,,,,,1746418233.602
2399,364698843,1746418233602,3,0.0135,0.0138544,46.5,BTC-30MAY25-105000-C,94062.47,sell,23.6,23.6,,,,,,,1746418233.602
2401,364698845,1746418233602,3,0.0135,0.0138544,46.5,BTC-30MAY25-105000-C,94062.47,sell,5.0,5.0,,,,,,,1746418233.602
2404,364698848,1746418233602,3,0.0135,0.0138544,46.5,BTC-30MAY25-105000-C,94062.47,sell,2.4,2.4,,,,,,,1746418233.602
2398,364698842,1746418233602,3,0.0135,0.0138544,46.5,BTC-30MAY25-105000-C,94062.47,sell,4.1,4.1,,,,,,,1746418233.602
2405,364698849,1746418233607,3,0.0135,0.0138544,46.5,BTC-30MAY25-105000-C,94062.47,buy,7.5,7.5,,,,,,,1746418233.607
2406,364705066,1746422077654,0,0.014,0.01405301,46.65,BTC-30MAY25-105000-C,94262.26,buy,10.6,10.6,,,,,,,1746422077.654
2407,364740383,1746451956106,2,0.0135,0.01353339,46.79,BTC-30MAY25-105000-C,94073.2,sell,0.8,0.8,,,,,,,1746451956.106
2408,364742972,1746452532474,2,0.013,0.01303676,46.92,BTC-30MAY25-105000-C,93789.21,sell,0.1,0.1,,,,,,,1746452532.474
2409,364743280,1746452560461,3,0.013,0.01298501,46.96,BTC-30MAY25-105000-C,93777.34,sell,1.3,1.3,,,,,,,1746452560.461
2410,364745006,1746452905446,3,0.013,0.0129969,46.99,BTC-30MAY25-105000-C,93763.27,sell,0.1,0.1,,,,,,,1746452905.446
2411,364746600,1746453194074,3,0.013,0.01303671,46.99,BTC-30MAY25-105000-C,93757.38,sell,0.1,0.1,,,,,,,1746453194.074
2412,364756925,1746454905786,0,0.0135,0.01357985,46.75,BTC-30MAY25-105000-C,94091.38,sell,0.1,0.1,,,,,,,1746454905.786
2413,364773040,1746463270168,2,0.013,0.01284118,46.08,BTC-30MAY25-105000-C,94141.52,buy,0.1,0.1,,,,,,,1746463270.168
2415,364773044,1746463279735,3,0.013,0.01284466,46.08,BTC-30MAY25-105000-C,94143.6,buy,0.7,0.7,,,,,,,1746463279.735
2414,364773043,1746463279735,3,0.013,0.01284466,46.08,BTC-30MAY25-105000-C,94143.6,buy,1.0,1.0,,,,,,,1746463279.735
2416,364773045,1746463279737,3,0.013,0.01284466,46.08,BTC-30MAY25-105000-C,94143.6,sell,0.3,0.3,,,,,,,1746463279.737
2417,364777985,1746466027953,3,0.013,0.01300775,45.61,BTC-30MAY25-105000-C,94314.62,sell,0.1,0.1,,,,,,,1746466027.953
2418,364777988,1746466031158,3,0.013,0.01302292,45.58,BTC-30MAY25-105000-C,94326.6,buy,1.6,1.6,,,,,,,1746466031.158
2419,364797510,1746476476960,2,0.0125,0.01256448,45.4,BTC-30MAY25-105000-C,94176.57,sell,0.1,0.1,,,,,,,1746476476.96
2420,364797511,1746476476963,3,0.0125,0.01256448,45.4,BTC-30MAY25-105000-C,94176.57,buy,1.6,1.6,,,,,,,1746476476.963
2421,364797673,1746477014378,3,0.0125,0.01251478,45.41,BTC-30MAY25-105000-C,94174.05,sell,0.1,0.1,,,,,,,1746477014.378
2422,364797674,1746477014383,3,0.0125,0.01251478,45.41,BTC-30MAY25-105000-C,94174.05,buy,1.6,1.6,,,,,,,1746477014.383
2423,364797731,1746477036807,3,0.0125,0.01248379,45.43,BTC-30MAY25-105000-C,94166.17,buy,1.7,1.7,,,,,,,1746477036.807
2424,364798645,1746477150331,2,0.012,0.01205468,45.4,BTC-30MAY25-105000-C,93933.38,sell,1.7,1.7,,,,,,,1746477150.331
2425,364799053,1746477256089,3,0.012,0.01208501,45.44,BTC-30MAY25-105000-C,93912.05,sell,0.3,0.3,,,,,,,1746477256.089
2426,364819926,1746498019531,3,0.012,0.01210544,45.0,BTC-30MAY25-105000-C,94128.74,sell,0.2,0.2,,,,,,,1746498019.531
2427,364821237,1746498830892,3,0.012,0.01236566,44.75,BTC-30MAY25-105000-C,94210.18,sell,0.1,0.1,,,,,,,1746498830.892
2428,364826838,1746505301873,0,0.0125,0.01255282,44.94,BTC-30MAY25-105000-C,94462.49,buy,0.3,0.3,,,,,,,1746505301.873
2429,364838615,1746518223596,2,0.012,0.01199022,44.69,BTC-30MAY25-105000-C,94400.16,buy,0.1,0.1,,,,,,,1746518223.596
2430,364838665,1746518230531,3,0.012,0.01199743,44.66,BTC-30MAY25-105000-C,94410.45,buy,0.1,0.1,,,,,,,1746518230.531
2431,364838696,1746518242466,3,0.012,0.01200774,44.67,BTC-30MAY25-105000-C,94409.12,buy,0.1,0.1,,,,,,,1746518242.466
2432,364838809,1746518289031,3,0.012,0.01199115,44.67,BTC-30MAY25-105000-C,94406.97,buy,0.1,0.1,,,,,,,1746518289.031
2433,364838818,1746518293373,3,0.012,0.01199329,44.67,BTC-30MAY25-105000-C,94407.69,buy,0.1,0.1,,,,,,,1746518293.373
2434,364838839,1746518298305,3,0.012,0.01199242,44.67,BTC-30MAY25-105000-C,94407.16,buy,0.1,0.1,,,,,,,1746518298.305
2435,364839399,1746518510159,3,0.012,0.01193205,44.76,BTC-30MAY25-105000-C,94379.73,buy,0.1,0.1,,,,,,,1746518510.159
2436,364839835,1746518654061,2,0.0115,0.01179417,44.24,BTC-30MAY25-105000-C,94321.36,sell,0.2,0.2,,,,,,,1746518654.061
2437,364842427,1746519879532,3,0.0115,0.01142502,44.88,BTC-30MAY25-105000-C,94075.01,buy,0.1,0.1,,,,,,,1746519879.532
2438,364843566,1746520695912,2,0.011,0.0116166,43.88,BTC-30MAY25-105000-C,94163.42,sell,0.1,0.1,,,,,,,1746520695.912
2439,364847607,1746525726445,0,0.0115,0.01156765,44.6,BTC-30MAY25-105000-C,94183.21,sell,0.8,0.8,,,,,,,1746525726.445
2440,364847608,1746525726450,1,0.0115,0.01156765,44.6,BTC-30MAY25-105000-C,94183.21,buy,0.1,0.1,,,,,,,1746525726.45
2441,364853356,1746531015158,2,0.011,0.01117809,44.8,BTC-30MAY25-105000-C,93883.95,sell,0.2,0.2,,,,,,,1746531015.158
2442,364856579,1746533164241,3,0.011,0.01109782,44.85,BTC-30MAY25-105000-C,93857.8,buy,0.1,0.1,,,,,,,1746533164.241
2443,364856619,1746533170420,3,0.011,0.01112781,44.82,BTC-30MAY25-105000-C,93869.7,buy,0.6,0.6,,,,,,,1746533170.42
2444,364856876,1746533281750,3,0.011,0.01105474,44.88,BTC-30MAY25-105000-C,93856.42,buy,0.2,0.2,,,,,,,1746533281.75
2445,364862105,1746538202238,3,0.011,0.01091307,45.32,BTC-30MAY25-105000-C,93725.78,sell,0.2,0.2,,,,,,,1746538202.238
2446,364879840,1746541636121,0,0.012,0.01186191,45.18,BTC-30MAY25-105000-C,94344.25,sell,0.3,0.3,,,,,,,1746541636.121
2447,364881078,1746542233416,0,0.0125,0.01187171,45.92,BTC-30MAY25-105000-C,94325.96,buy,0.2,0.2,,,,,,,1746542233.416
2448,364885921,1746544548844,2,0.0115,0.01198331,44.51,BTC-30MAY25-105000-C,94310.89,sell,0.1,0.1,,,,,,,1746544548.844
2449,364887730,1746545610467,0,0.0125,0.01225363,45.34,BTC-30MAY25-105000-C,94515.87,buy,0.2,0.2,,,,,,,1746545610.467
2450,364894253,1746547923020,1,0.0125,0.01256846,45.2,BTC-30MAY25-105000-C,94561.93,buy,0.2,0.2,,,,,,,1746547923.02
2452,364901951,1746553671209,1,0.0125,0.01247096,45.3,BTC-30MAY25-105000-C,94544.62,sell,0.8,0.8,,,,,,,1746553671.209
2451,364901950,1746553671209,1,0.0125,0.01247096,45.3,BTC-30MAY25-105000-C,94544.62,sell,1.4,1.4,,,,,,,1746553671.209
2453,364901954,1746553674275,1,0.0125,0.01253046,45.29,BTC-30MAY25-105000-C,94546.13,buy,0.4,0.4,,,,,,,1746553674.275
2454,364902107,1746553861371,1,0.0125,0.01255331,45.17,BTC-30MAY25-105000-C,94580.87,buy,0.3,0.3,,,,,,,1746553861.371
2455,364902112,1746553867597,1,0.0125,0.01258244,45.16,BTC-30MAY25-105000-C,94581.67,buy,0.7,0.7,,,,,,,1746553867.597
2456,364903366,1746555186850,2,0.012,0.0124861,44.58,BTC-30MAY25-105000-C,94557.39,sell,0.1,0.1,,,,,,,1746555186.85
2457,364908782,1746560024701,0,0.0135,0.01345681,45.13,BTC-30MAY25-105000-C,95115.62,buy,0.1,0.1,,,,,,,1746560024.701
2458,364909131,1746560666105,1,0.0135,0.01339241,45.11,BTC-30MAY25-105000-C,95127.76,buy,0.1,0.1,,,,,,,1746560666.105
2459,364940989,1746572613782,0,0.017,0.01654707,46.04,BTC-30MAY25-105000-C,96317.61,buy,0.1,0.1,,,,,,,1746572613.782
2460,364940991,1746572613876,1,0.017,0.01654707,46.04,BTC-30MAY25-105000-C,96317.61,buy,0.6,0.6,,,,,,,1746572613.876
2461,364940992,1746572613973,1,0.017,0.01654707,46.04,BTC-30MAY25-105000-C,96317.61,buy,15.5,15.5,,,,,,,1746572613.973
2462,364940993,1746572614081,1,0.017,0.01654707,46.04,BTC-30MAY25-105000-C,96317.61,buy,0.2,0.2,,,,,,,1746572614.081
2463,364940994,1746572614185,1,0.017,0.01654707,46.04,BTC-30MAY25-105000-C,96317.61,buy,1.0,1.0,,,,,,,1746572614.185
2464,364940995,1746572614290,1,0.017,0.01654707,46.04,BTC-30MAY25-105000-C,96317.61,buy,0.6,0.6,,,,,,,1746572614.29
2465,364940996,1746572614386,1,0.017,0.01654707,46.04,BTC-30MAY25-105000-C,96317.61,buy,0.2,0.2,,,,,,,1746572614.386
2466,364940997,1746572614486,1,0.017,0.01655697,46.04,BTC-30MAY25-105000-C,96318.28,buy,0.7,0.7,,,,,,,1746572614.486
2467,364940998,1746572614583,1,0.017,0.01655697,46.04,BTC-30MAY25-105000-C,96318.28,buy,0.4,0.4,,,,,,,1746572614.583
2468,364940999,1746572614679,1,0.017,0.01655697,46.04,BTC-30MAY25-105000-C,96318.28,buy,2.5,2.5,,,,,,,1746572614.679
2469,364941001,1746572614774,1,0.017,0.01655697,46.04,BTC-30MAY25-105000-C,96318.28,buy,0.1,0.1,,,,,,,1746572614.774
2470,364950031,1746575070888,0,0.0175,0.01775944,45.34,BTC-30MAY25-105000-C,96765.27,sell,0.2,0.2,,,,,,,1746575070.888
2471,364955663,1746577167250,0,0.0185,0.01861962,45.75,BTC-30MAY25-105000-C,97042.92,sell,0.1,0.1,,,,,,,1746577167.25
2472,364955673,1746577168016,1,0.0185,0.01861962,45.75,BTC-30MAY25-105000-C,97042.92,sell,0.1,0.1,,,,,,,1746577168.016
2473,364957617,1746577449755,0,0.0195,0.01966747,45.73,BTC-30MAY25-105000-C,97424.78,sell,0.5,0.5,,,,,,,1746577449.755
2474,364957633,1746577452293,0,0.02,0.01968524,46.22,BTC-30MAY25-105000-C,97454.04,buy,0.1,0.1,,,,,,,1746577452.293
2476,364957635,1746577452293,1,0.02,0.01968524,46.22,BTC-30MAY25-105000-C,97454.04,buy,0.9,0.9,,,,,,,1746577452.293
2475,364957634,1746577452293,1,0.02,0.01968524,46.22,BTC-30MAY25-105000-C,97454.04,buy,0.9,0.9,,,,,,,1746577452.293
2477,364957636,1746577452296,1,0.02,0.01968524,46.22,BTC-30MAY25-105000-C,97454.04,sell,3.1,3.1,,,,,,,1746577452.296
2478,364957637,1746577452298,1,0.02,0.01968524,46.22,BTC-30MAY25-105000-C,97454.04,sell,4.0,4.0,,,,,,,1746577452.298
2479,364965195,1746580087614,0,0.0205,0.02048732,46.11,BTC-30MAY25-105000-C,97647.59,buy,0.1,0.1,,,,,,,1746580087.614
2480,364976653,1746584949280,2,0.018,0.01809529,45.84,BTC-30MAY25-105000-C,96861.9,buy,0.5,0.5,,,,,,,1746584949.28
2481,364988144,1746593697619,2,0.0175,0.0174723,46.23,BTC-30MAY25-105000-C,96562.65,sell,3.0,3.0,,,,,,,1746593697.619
2482,364988286,1746593938826,3,0.0175,0.01755682,46.25,BTC-30MAY25-105000-C,96559.68,sell,2.0,2.0,,,,,,,1746593938.826
2483,364990453,1746598088271,2,0.017,0.01693437,45.78,BTC-30MAY25-105000-C,96565.39,buy,4.0,4.0,,,,,,,1746598088.271
2484,364990454,1746598088271,3,0.017,0.01693437,45.78,BTC-30MAY25-105000-C,96565.39,buy,1.0,1.0,,,,,,,1746598088.271
2485,364991218,1746599541325,3,0.017,0.01698363,45.79,BTC-30MAY25-105000-C,96563.55,buy,25.0,25.0,,,4.0,BLOCK-196194,3002.0,,1746599541.325
2486,364992674,1746601001000,2,0.0165,0.0166157,45.34,BTC-30MAY25-105000-C,96514.17,sell,1.0,1.0,,,,,,,1746601001.0
2487,364994101,1746602678377,3,0.0165,0.01675566,44.69,BTC-30MAY25-105000-C,96731.42,sell,0.1,0.1,,,,,,,1746602678.377
2488,364994102,1746602678377,3,0.0165,0.01675566,44.69,BTC-30MAY25-105000-C,96731.42,sell,0.1,0.1,,,,,,,1746602678.377
2489,364995618,1746603865846,0,0.017,0.01707805,44.96,BTC-30MAY25-105000-C,96851.96,buy,0.1,0.1,,,,,,,1746603865.846
2490,364997352,1746604956770,0,0.0175,0.0171889,45.3,BTC-30MAY25-105000-C,96959.83,buy,0.1,0.1,,,,,,,1746604956.77
2491,364997353,1746604956850,1,0.0175,0.0171889,45.3,BTC-30MAY25-105000-C,96959.83,buy,0.6,0.6,,,,,,,1746604956.85
2495,364997357,1746604956925,1,0.0175,0.0171889,45.3,BTC-30MAY25-105000-C,96959.83,buy,1.0,1.0,,,,,,,1746604956.925
2494,364997356,1746604956925,1,0.0175,0.0171889,45.3,BTC-30MAY25-105000-C,96959.83,buy,5.0,5.0,,,,,,,1746604956.925
2492,364997354,1746604956925,1,0.0175,0.0171889,45.3,BTC-30MAY25-105000-C,96959.83,buy,0.3,0.3,,,,,,,1746604956.925
2498,364997360,1746604956925,1,0.018,0.0171889,45.9,BTC-30MAY25-105000-C,96959.83,buy,1.0,1.0,,,,,,,1746604956.925
2497,364997359,1746604956925,1,0.018,0.0171889,45.9,BTC-30MAY25-105000-C,96959.83,buy,0.8,0.8,,,,,,,1746604956.925
2499,364997361,1746604956925,1,0.018,0.0171889,45.9,BTC-30MAY25-105000-C,96959.83,buy,5.5,5.5,,,,,,,1746604956.925
2493,364997355,1746604956925,1,0.0175,0.0171889,45.3,BTC-30MAY25-105000-C,96959.83,buy,0.8,0.8,,,,,,,1746604956.925
2496,364997358,1746604956925,0,0.018,0.0171889,45.9,BTC-30MAY25-105000-C,96959.83,buy,1.1,1.1,,,,,,,1746604956.925
2500,364997362,1746604957009,1,0.018,0.0171889,45.9,BTC-30MAY25-105000-C,96959.83,buy,0.4,0.4,,,,,,,1746604957.009
2501,364997363,1746604957091,1,0.018,0.0171889,45.9,BTC-30MAY25-105000-C,96959.83,buy,0.7,0.7,,,,,,,1746604957.091
2502,364997364,1746604957169,1,0.018,0.0171889,45.9,BTC-30MAY25-105000-C,96959.83,buy,0.2,0.2,,,,,,,1746604957.169
2503,364997365,1746604957246,1,0.018,0.0171889,45.9,BTC-30MAY25-105000-C,96959.83,buy,0.6,0.6,,,,,,,1746604957.246
2504,364997366,1746604957327,1,0.018,0.01719221,45.9,BTC-30MAY25-105000-C,96959.73,buy,0.2,0.2,,,,,,,1746604957.327
2505,364997367,1746604957415,1,0.018,0.01719221,45.9,BTC-30MAY25-105000-C,96959.73,buy,2.5,2.5,,,,,,,1746604957.415
2506,364997368,1746604957496,1,0.018,0.01719221,45.9,BTC-30MAY25-105000-C,96959.73,buy,0.1,0.1,,,,,,,1746604957.496
2507,364997369,1746604957579,1,0.018,0.01719221,45.9,BTC-30MAY25-105000-C,96959.73,buy,1.0,1.0,,,,,,,1746604957.579
2508,364999936,1746607802773,2,0.017,0.01750962,44.51,BTC-30MAY25-105000-C,97014.22,sell,0.9,0.9,,,,,,,1746607802.773
2509,364999937,1746607802773,3,0.017,0.01750962,44.51,BTC-30MAY25-105000-C,97014.22,sell,0.1,0.1,,,,,,,1746607802.773
2510,365006807,1746616557674,0,0.0175,0.01730626,45.12,BTC-30MAY25-105000-C,97036.7,sell,1.0,1.0,,,,,,,1746616557.674
2511,365006850,1746616696009,1,0.0175,0.01731767,45.17,BTC-30MAY25-105000-C,97022.37,sell,0.4,0.4,,,,,,,1746616696.009
2512,365006894,1746616776699,1,0.0175,0.01736209,45.14,BTC-30MAY25-105000-C,97027.15,sell,0.4,0.4,,,,,,,1746616776.699
2513,365006958,1746616904823,1,0.0175,0.01735456,45.19,BTC-30MAY25-105000-C,97017.93,sell,0.1,0.1,,,,,,,1746616904.823
2514,365008411,1746618451438,1,0.0175,0.0172737,45.28,BTC-30MAY25-105000-C,97008.56,buy,25.0,25.0,,BTC-CS-30MAY25-105000_115000,2.0,BLOCK-196251,,,1746618451.438
2515,365039386,1746640911644,2,0.015,0.01512456,44.04,BTC-30MAY25-105000-C,96487.66,buy,0.5,0.5,,,,,,,1746640911.644
2516,365048857,1746643869169,2,0.0145,0.01430999,44.36,BTC-30MAY25-105000-C,96200.34,sell,0.2,0.2,365048855,BTC-CCAL-27JUN25_30MAY25-105000,,,,,1746643869.169
2517,365072270,1746650806551,2,0.014,0.01403211,43.05,BTC-30MAY25-105000-C,96477.65,buy,0.8,0.8,,,,,,,1746650806.551
2518,365072283,1746650810402,3,0.014,0.01411775,42.97,BTC-30MAY25-105000-C,96502.27,buy,0.2,0.2,,,,,,,1746650810.402
2519,365079417,1746654379761,0,0.016,0.01601208,42.99,BTC-30MAY25-105000-C,97283.04,buy,1.0,1.0,,,,,,,1746654379.761
2520,365080581,1746654813646,1,0.016,0.01551844,43.63,BTC-30MAY25-105000-C,97092.5,buy,0.6,0.6,,,,,,,1746654813.646
2521,365080582,1746654813739,1,0.016,0.0155189,43.63,BTC-30MAY25-105000-C,97091.68,buy,0.5,0.5,,,,,,,1746654813.739
2522,365080583,1746654813739,1,0.016,0.0155189,43.63,BTC-30MAY25-105000-C,97091.68,buy,0.2,0.2,,,,,,,1746654813.739
2523,365080585,1746654813845,1,0.016,0.0155189,43.63,BTC-30MAY25-105000-C,97091.68,buy,15.5,15.5,,,,,,,1746654813.845
2524,365080586,1746654813946,1,0.016,0.0155189,43.63,BTC-30MAY25-105000-C,97091.68,buy,0.6,0.6,,,,,,,1746654813.946
2526,365080588,1746654814051,1,0.016,0.0155189,43.63,BTC-30MAY25-105000-C,97091.68,buy,0.7,0.7,,,,,,,1746654814.051
2525,365080587,1746654814051,1,0.016,0.0155189,43.63,BTC-30MAY25-105000-C,97091.68,buy,0.1,0.1,,,,,,,1746654814.051
2527,365080589,1746654814051,1,0.016,0.0155189,43.63,BTC-30MAY25-105000-C,97091.68,buy,1.0,1.0,,,,,,,1746654814.051
2528,365080590,1746654814051,1,0.016,0.0155189,43.63,BTC-30MAY25-105000-C,97091.68,buy,0.7,0.7,,,,,,,1746654814.051
2529,365080591,1746654814152,1,0.016,0.0155189,43.63,BTC-30MAY25-105000-C,97091.68,buy,0.4,0.4,,,,,,,1746654814.152
2530,365080592,1746654814329,1,0.016,0.0155189,43.63,BTC-30MAY25-105000-C,97091.68,sell,0.2,0.2,,,,,,,1746654814.329
2531,365080593,1746654814427,1,0.016,0.0155189,43.63,BTC-30MAY25-105000-C,97091.68,buy,0.2,0.2,,,,,,,1746654814.427
2532,365080594,1746654814531,1,0.016,0.0155189,43.63,BTC-30MAY25-105000-C,97091.68,buy,0.1,0.1,,,,,,,1746654814.531
2533,365080595,1746654814633,1,0.016,0.0155189,43.63,BTC-30MAY25-105000-C,97091.68,buy,0.1,0.1,,,,,,,1746654814.633
2534,365080596,1746654814744,1,0.016,0.01551495,43.64,BTC-30MAY25-105000-C,97089.93,buy,1.0,1.0,,,,,,,1746654814.744
2535,365092250,1746664548832,0,0.0161,0.01517314,44.17,BTC-30MAY25-105000-C,96984.02,buy,100.0,100.0,,,4.0,BLOCK-196326,3041.0,,1746664548.832
2536,365100272,1746666252086,0,0.018,0.01823564,42.4,BTC-30MAY25-105000-C,98267.56,sell,0.2,0.2,,,,,,,1746666252.086
2537,365100273,1746666252108,1,0.018,0.01823564,42.4,BTC-30MAY25-105000-C,98267.56,sell,0.1,0.1,,,,,,,1746666252.108
2538,365100275,1746666252235,1,0.018,0.01825072,42.54,BTC-30MAY25-105000-C,98226.01,sell,0.1,0.1,,,,,,,1746666252.235
2539,365100277,1746666252278,1,0.018,0.01825072,42.54,BTC-30MAY25-105000-C,98226.01,sell,0.2,0.2,,,,,,,1746666252.278
2540,365100281,1746666252472,1,0.018,0.01825072,42.54,BTC-30MAY25-105000-C,98226.01,sell,0.2,0.2,,,,,,,1746666252.472
2541,365100282,1746666252477,1,0.018,0.01825072,42.54,BTC-30MAY25-105000-C,98226.01,sell,0.1,0.1,,,,,,,1746666252.477
2542,365100283,1746666252493,1,0.018,0.01825072,42.54,BTC-30MAY25-105000-C,98226.01,sell,0.1,0.1,,,,,,,1746666252.493
2543,365100284,1746666252496,1,0.018,0.01825072,42.54,BTC-30MAY25-105000-C,98226.01,sell,0.1,0.1,,,,,,,1746666252.496
2545,365100934,1746666340985,1,0.018,0.01780603,42.9,BTC-30MAY25-105000-C,98109.04,buy,1.0,1.0,,,,,,,1746666340.985
2544,365100933,1746666340985,1,0.018,0.01780603,42.9,BTC-30MAY25-105000-C,98109.04,buy,1.2,1.2,,,,,,,1746666340.985
2546,365100935,1746666340987,1,0.018,0.01780603,42.9,BTC-30MAY25-105000-C,98109.04,sell,0.8,0.8,,,,,,,1746666340.987
2547,365103855,1746667091077,2,0.0177,0.01730119,43.41,BTC-30MAY25-105000-C,97831.52,buy,25.0,25.0,,,1.0,BLOCK-196335,,,1746667091.077
2548,365103879,1746667119287,0,0.0178,0.01737872,43.46,BTC-30MAY25-105000-C,97847.27,buy,25.0,25.0,,,1.0,BLOCK-196336,,,1746667119.287
2549,365105778,1746667529537,0,0.0181,0.01785254,43.37,BTC-30MAY25-105000-C,97988.13,buy,200.0,200.0,,,2.0,BLOCK-196338,,,1746667529.537
2550,365105802,1746667541208,0,0.0182,0.01781451,43.57,BTC-30MAY25-105000-C,97964.66,buy,200.0,200.0,,,2.0,BLOCK-196339,,,1746667541.208
2551,365105909,1746667582895,0,0.0184,0.01811517,43.43,BTC-30MAY25-105000-C,98067.91,buy,100.0,100.0,,,2.0,BLOCK-196340,,,1746667582.895
2552,365106368,1746667769763,0,0.0185,0.01821965,43.59,BTC-30MAY25-105000-C,98053.27,buy,100.0,100.0,,,2.0,BLOCK-196345,,,1746667769.763
2553,365107491,1746668006624,2,0.0184,0.01837469,43.54,BTC-30MAY25-105000-C,98017.66,buy,87.6,87.6,,BTC-CCAL-27JUN25_30MAY25-105000,2.0,BLOCK-196347,,,1746668006.624
2554,365112512,1746670229233,2,0.0183,0.0183358,43.56,BTC-30MAY25-105000-C,97974.3,sell,50.0,50.0,,BTC-CS-30MAY25-105000_110000,2.0,BLOCK-196363,,,1746670229.233
2555,365113695,1746670756444,0,0.0192,0.01913037,43.67,BTC-30MAY25-105000-C,98258.35,buy,12.5,12.5,,BTC-CS-30MAY25-105000_108000,2.0,BLOCK-196367,3065.0,,1746670756.444
2556,365116591,1746671407043,0,0.0203,0.02024974,43.5,BTC-30MAY25-105000-C,98685.01,buy,12.6,12.6,,BTC-RR-30MAY25-94000_105000,2.0,BLOCK-196376,,,1746671407.043
2557,365118140,1746671592872,0,0.0205,0.02061506,43.62,BTC-30MAY25-105000-C,98708.89,sell,0.5,0.5,,,,,,,1746671592.872
2558,365118195,1746671618862,1,0.0205,0.02041484,43.69,BTC-30MAY25-105000-C,98689.96,sell,1.1,1.1,,,,,,,1746671618.862
2559,365118251,1746671629614,0,0.0206,0.02048775,43.74,BTC-30MAY25-105000-C,98709.23,buy,25.0,25.0,,BTC-CS-30MAY25-105000_108000,2.0,BLOCK-196377,3071.0,,1746671629.614
2560,365127846,1746675035908,2,0.0205,0.02063574,43.16,BTC-30MAY25-105000-C,98821.27,buy,0.1,0.1,,,,,,,1746675035.908
2561,365130154,1746675756707,0,0.021,0.02100768,43.28,BTC-30MAY25-105000-C,98965.44,buy,0.1,0.1,,,,,,,1746675756.707
2563,365131703,1746675957210,1,0.0215,0.02123444,43.58,BTC-30MAY25-105000-C,99061.28,buy,0.7,0.7,,,,,,,1746675957.21
2562,365131702,1746675957210,0,0.0215,0.02123444,43.58,BTC-30MAY25-105000-C,99061.28,buy,0.8,0.8,,,,,,,1746675957.21
2564,365132123,1746676000302,1,0.0215,0.02126774,43.61,BTC-30MAY25-105000-C,99049.66,sell,0.1,0.1,,,,,,,1746676000.302
2565,365132124,1746676000372,1,0.0215,0.02126774,43.61,BTC-30MAY25-105000-C,99049.66,sell,0.1,0.1,,,,,,,1746676000.372
2566,365132125,1746676000386,1,0.0215,0.02126774,43.61,BTC-30MAY25-105000-C,99049.66,sell,0.1,0.1,,,,,,,1746676000.386
2567,365132129,1746676002086,1,0.0215,0.02129436,43.6,BTC-30MAY25-105000-C,99054.06,sell,0.1,0.1,,,,,,,1746676002.086
2568,365132130,1746676002091,1,0.0215,0.02129436,43.6,BTC-30MAY25-105000-C,99054.06,sell,0.3,0.3,,,,,,,1746676002.091
2569,365133094,1746676298825,2,0.021,0.02125656,43.27,BTC-30MAY25-105000-C,98966.69,sell,0.1,0.1,,,,,,,1746676298.825
2570,365133833,1746676635421,0,0.022,0.02164529,44.11,BTC-30MAY25-105000-C,99052.12,buy,0.1,0.1,,,,,,,1746676635.421
2571,365136894,1746677129333,0,0.023,0.02267492,44.34,BTC-30MAY25-105000-C,99306.12,sell,0.5,0.5,,,,,,,1746677129.333
2572,365139113,1746677575046,2,0.0225,0.02258957,44.05,BTC-30MAY25-105000-C,99222.5,buy,1.0,1.0,,,,,,,1746677575.046
2573,365139128,1746677584560,3,0.0225,0.02256688,44.06,BTC-30MAY25-105000-C,99219.31,buy,1.0,1.0,,,,,,,1746677584.56
2574,365139515,1746677723984,3,0.0225,0.02253985,44.02,BTC-30MAY25-105000-C,99241.0,buy,0.4,0.4,,,,,,,1746677723.984
2575,365139571,1746677756076,3,0.0225,0.02258758,43.95,BTC-30MAY25-105000-C,99261.76,buy,0.6,0.6,,,,,,,1746677756.076
2576,365139572,1746677756076,3,0.0225,0.02258758,43.95,BTC-30MAY25-105000-C,99261.76,buy,0.7,0.7,,,,,,,1746677756.076
2577,365139573,1746677756077,3,0.0225,0.02258758,43.95,BTC-30MAY25-105000-C,99261.76,buy,0.3,0.3,,,,,,,1746677756.077
2578,365139580,1746677763330,3,0.0225,0.02264101,43.9,BTC-30MAY25-105000-C,99276.05,buy,1.0,1.0,,,,,,,1746677763.33
2579,365140188,1746677902275,3,0.0225,0.02270104,43.83,BTC-30MAY25-105000-C,99302.37,sell,1.0,1.0,,,,,,,1746677902.275
2580,365140225,1746677913925,3,0.0225,0.02273182,43.79,BTC-30MAY25-105000-C,99310.99,sell,1.0,1.0,,,,,,,1746677913.925
2581,365140245,1746677924926,3,0.0225,0.02272952,43.8,BTC-30MAY25-105000-C,99308.27,sell,1.0,1.0,,,,,,,1746677924.926
2582,365140348,1746677935251,3,0.0225,0.02265033,43.84,BTC-30MAY25-105000-C,99297.47,sell,1.0,1.0,,,,,,,1746677935.251
2583,365140375,1746677941762,3,0.0225,0.02274344,43.77,BTC-30MAY25-105000-C,99317.31,sell,1.0,1.0,,,,,,,1746677941.762
2584,365141985,1746678580864,0,0.0235,0.02295516,44.82,BTC-30MAY25-105000-C,99337.29,buy,5.3,5.3,,,,,,,1746678580.864
2585,365141986,1746678580864,1,0.0235,0.02295516,44.82,BTC-30MAY25-105000-C,99337.29,buy,0.7,0.7,,,,,,,1746678580.864
2586,365141987,1746678580864,1,0.0235,0.02295516,44.82,BTC-30MAY25-105000-C,99337.29,buy,0.9,0.9,,,,,,,1746678580.864
2587,365144994,1746679495481,2,0.0225,0.02257145,44.33,BTC-30MAY25-105000-C,99159.02,buy,5.0,5.0,,,,,,,1746679495.481
2588,365148932,1746681703321,2,0.021,0.0213856,43.8,BTC-30MAY25-105000-C,98856.14,sell,0.1,0.1,,,,,,,1746681703.321
2590,365151443,1746685318224,1,0.0215,0.02159464,44.41,BTC-30MAY25-105000-C,98839.66,sell,1.0,1.0,,,,,,,1746685318.224
2589,365151442,1746685318224,0,0.0215,0.02159464,44.41,BTC-30MAY25-105000-C,98839.66,sell,0.9,0.9,,,,,,,1746685318.224
2591,365151501,1746685320816,1,0.0215,0.02158708,44.43,BTC-30MAY25-105000-C,98836.7,buy,0.1,0.1,,,,,,,1746685320.816
2592,365157512,1746689438673,0,0.022,0.02221086,43.66,BTC-30MAY25-105000-C,99269.0,buy,1.0,1.0,,,,,,,1746689438.673
2593,365157943,1746689603266,1,0.022,0.02202309,43.81,BTC-30MAY25-105000-C,99236.03,buy,1.0,1.0,,,,,,,1746689603.266
2594,365159089,1746689751135,1,0.022,0.02220653,43.62,BTC-30MAY25-105000-C,99295.82,buy,1.0,1.0,,,,,,,1746689751.135
2595,365159090,1746689751160,1,0.022,0.02220653,43.62,BTC-30MAY25-105000-C,99295.82,buy,1.0,1.0,,,,,,,1746689751.16
2596,365160387,1746690126141,1,0.022,0.02201865,43.7,BTC-30MAY25-105000-C,99280.15,buy,1.0,1.0,,,,,,,1746690126.141
2597,365160432,1746690140977,1,0.022,0.02211736,43.64,BTC-30MAY25-105000-C,99293.44,buy,1.0,1.0,,,,,,,1746690140.977
2598,365160452,1746690146853,1,0.022,0.02211448,43.64,BTC-30MAY25-105000-C,99292.91,buy,1.0,1.0,,,,,,,1746690146.853
2599,365160497,1746690157616,1,0.022,0.02213407,43.61,BTC-30MAY25-105000-C,99300.22,buy,1.0,1.0,,,,,,,1746690157.616
2600,365160512,1746690168499,1,0.022,0.02216327,43.58,BTC-30MAY25-105000-C,99307.79,buy,1.0,1.0,,,,,,,1746690168.499
2601,365160617,1746690188590,1,0.022,0.02212188,43.62,BTC-30MAY25-105000-C,99297.63,buy,1.0,1.0,,,,,,,1746690188.59
2602,365164001,1746691034463,1,0.022,0.02190885,43.88,BTC-30MAY25-105000-C,99239.72,sell,0.5,0.5,,,,,,,1746691034.463
2603,365165793,1746691371814,1,0.022,0.02211272,43.6,BTC-30MAY25-105000-C,99312.18,buy,0.5,0.5,,,,,,,1746691371.814
2604,365168149,1746691667787,0,0.023,0.02275986,43.85,BTC-30MAY25-105000-C,99535.13,buy,0.1,0.1,,,,,,,1746691667.787
2605,365171565,1746692604989,2,0.0225,0.02273106,43.27,BTC-30MAY25-105000-C,99552.96,sell,0.2,0.2,,,,,,,1746692604.989
2606,365174511,1746693794301,0,0.023,0.02343489,43.41,BTC-30MAY25-105000-C,99644.42,sell,0.1,0.1,,,,,,,1746693794.301
2607,365181987,1746694210465,0,0.024,0.02391466,44.15,BTC-30MAY25-105000-C,99739.87,sell,1.0,1.0,,,,,,,1746694210.465
2608,365181988,1746694210465,1,0.024,0.02391466,44.15,BTC-30MAY25-105000-C,99739.87,sell,0.9,0.9,,,,,,,1746694210.465
2609,365185072,1746694443257,1,0.024,0.02397824,44.09,BTC-30MAY25-105000-C,99735.68,buy,0.1,0.1,,,,,,,1746694443.257
2610,365196200,1746696576316,2,0.0235,0.02372184,43.79,BTC-30MAY25-105000-C,99658.22,sell,0.1,0.1,,,,,,,1746696576.316
2611,365196201,1746696576316,3,0.0235,0.02372184,43.79,BTC-30MAY25-105000-C,99658.22,sell,0.6,0.6,,,,,,,1746696576.316
2612,365201128,1746699672587,0,0.0245,0.02450106,44.36,BTC-30MAY25-105000-C,99802.04,sell,5.0,5.0,,,,,,,1746699672.587
2613,365201969,1746700356261,0,0.0246,0.02453095,44.41,BTC-30MAY25-105000-C,99831.62,buy,100.0,100.0,,BTC-CSR12-30MAY25-105000_115000,2.0,BLOCK-196540,,,1746700356.261
2614,365202204,1746700406082,2,0.0245,0.02465787,44.17,BTC-30MAY25-105000-C,99863.0,sell,0.7,0.7,,,,,,,1746700406.082
2615,365209172,1746706300447,2,0.0231,0.02301775,44.14,BTC-30MAY25-105000-C,99445.47,sell,1.0,1.0,365209171,BTC-CBUT-30MAY25-96000_100000_105000,,,,,1746706300.447
2616,365211975,1746708086385,2,0.0221,0.02231163,43.72,BTC-30MAY25-105000-C,99293.8,sell,25.0,25.0,,,1.0,BLOCK-196569,,,1746708086.385
2617,365212014,1746708125039,2,0.0218,0.02238556,43.3,BTC-30MAY25-105000-C,99306.43,sell,70.2,70.2,,,1.0,BLOCK-196570,,,1746708125.039
2618,365212015,1746708125050,3,0.0218,0.02238556,43.3,BTC-30MAY25-105000-C,99306.43,sell,25.0,25.0,,,1.0,BLOCK-196571,,,1746708125.05
2619,365216733,1746711107713,0,0.0225,0.02257303,43.46,BTC-30MAY25-105000-C,99502.06,buy,0.1,0.1,,,,,,,1746711107.713
2620,365216752,1746711117180,1,0.0225,0.02256357,43.53,BTC-30MAY25-105000-C,99485.82,buy,0.1,0.1,,,,,,,1746711117.18
2621,365216974,1746711173529,1,0.0225,0.02217473,43.95,BTC-30MAY25-105000-C,99382.99,buy,0.8,0.8,,,,,,,1746711173.529
2622,365218902,1746711843287,2,0.022,0.02217466,43.57,BTC-30MAY25-105000-C,99331.2,sell,0.9,0.9,,,,,,,1746711843.287
2624,365221265,1746713060410,3,0.022,0.02241655,43.26,BTC-30MAY25-105000-C,99427.68,sell,0.4,0.4,,,,,,,1746713060.41
2623,365221264,1746713060410,3,0.022,0.02241655,43.26,BTC-30MAY25-105000-C,99427.68,sell,0.1,0.1,,,,,,,1746713060.41
2625,365221613,1746713268148,3,0.022,0.02236591,43.2,BTC-30MAY25-105000-C,99448.65,sell,0.5,0.5,,,,,,,1746713268.148
2626,365226416,1746715272555,0,0.0233,0.02300897,44.01,BTC-30MAY25-105000-C,99624.3,buy,50.0,50.0,,BTC-STRG-30MAY25-95000_105000,2.0,BLOCK-196597,,,1746715272.555
2627,365226424,1746715273821,2,0.023,0.02300031,43.7,BTC-30MAY25-105000-C,99618.12,buy,1.3,1.3,,,,,,,1746715273.821
2628,365231478,1746717260081,3,0.023,0.02309857,43.3,BTC-30MAY25-105000-C,99738.78,buy,1.0,1.0,,,,,,,1746717260.081
2629,365237334,1746717881539,0,0.025,0.02513582,43.28,BTC-30MAY25-105000-C,100337.17,buy,0.1,0.1,,,,,,,1746717881.539
2630,365240046,1746717962726,0,0.0259,0.02560929,43.81,BTC-30MAY25-105000-C,100479.8,buy,12.5,12.5,,BTC-CS-30MAY25-105000_108000,2.0,BLOCK-196617,,,1746717962.726
2631,365240987,1746718079498,0,0.026,0.02605044,43.4,BTC-30MAY25-105000-C,100619.71,buy,0.1,0.1,,,,,,,1746718079.498
2632,365249424,1746718852656,0,0.0285,0.02793041,43.8,BTC-30MAY25-105000-C,101186.52,buy,0.6,0.6,,,,,,,1746718852.656
2633,365249425,1746718852662,1,0.0285,0.02793041,43.8,BTC-30MAY25-105000-C,101186.52,sell,0.3,0.3,,,,,,,1746718852.662
2634,365251859,1746719002881,0,0.0295,0.02896582,44.11,BTC-30MAY25-105000-C,101384.35,buy,0.5,0.5,,,,,,,1746719002.881
2635,365251860,1746719002882,1,0.0295,0.02896582,44.11,BTC-30MAY25-105000-C,101384.35,sell,0.4,0.4,,,,,,,1746719002.882
2636,365253233,1746719112430,1,0.0295,0.0288085,44.45,BTC-30MAY25-105000-C,101298.82,buy,0.9,0.9,,,,,,,1746719112.43
2637,365253844,1746719222339,1,0.0295,0.029048,44.56,BTC-30MAY25-105000-C,101268.41,buy,0.9,0.9,,,,,,,1746719222.339
2638,365254069,1746719253004,1,0.0295,0.02899861,44.53,BTC-30MAY25-105000-C,101277.25,buy,9.6,9.6,,,,,,,1746719253.004
2642,365254552,1746719333712,1,0.03,0.02955093,44.6,BTC-30MAY25-105000-C,101386.0,buy,8.8,8.8,,,,,,,1746719333.712
2641,365254551,1746719333712,1,0.03,0.02955093,44.6,BTC-30MAY25-105000-C,101386.0,buy,0.5,0.5,,,,,,,1746719333.712
2640,365254550,1746719333712,1,0.03,0.02955093,44.6,BTC-30MAY25-105000-C,101386.0,buy,0.1,0.1,,,,,,,1746719333.712
2639,365254549,1746719333712,0,0.03,0.02955093,44.6,BTC-30MAY25-105000-C,101386.0,buy,0.1,0.1,,,,,,,1746719333.712
2643,365254553,1746719333799,1,0.03,0.02955093,44.6,BTC-30MAY25-105000-C,101386.0,buy,9.5,9.5,,,,,,,1746719333.799
2644,365255508,1746719517241,2,0.029,0.02919177,43.98,BTC-30MAY25-105000-C,101295.02,sell,0.9,0.9,,,,,,,1746719517.241
2645,365255509,1746719517241,3,0.029,0.02919177,43.98,BTC-30MAY25-105000-C,101295.02,sell,1.8,1.8,,,,,,,1746719517.241
2646,365257084,1746719583644,2,0.0275,0.02763894,44.09,BTC-30MAY25-105000-C,100862.13,buy,0.8,0.8,,,,,,,1746719583.644
2647,365258838,1746719891380,0,0.028,0.02779655,44.52,BTC-30MAY25-105000-C,100866.96,buy,10.0,10.0,,,,,,,1746719891.38
2648,365258841,1746719893213,1,0.028,0.02778966,44.58,BTC-30MAY25-105000-C,100851.84,buy,9.4,9.4,,,,,,,1746719893.213
2649,365258842,1746719893223,1,0.028,0.02778966,44.58,BTC-30MAY25-105000-C,100851.84,buy,1.8,1.8,,,,,,,1746719893.223
2650,365259065,1746719933810,1,0.028,0.02793686,44.66,BTC-30MAY25-105000-C,100827.0,sell,0.7,0.7,,,,,,,1746719933.81
2651,365259320,1746720005282,1,0.028,0.02774319,44.78,BTC-30MAY25-105000-C,100801.57,buy,0.6,0.6,,,,,,,1746720005.282
2652,365259333,1746720005834,1,0.028,0.02777067,44.77,BTC-30MAY25-105000-C,100804.24,buy,2.6,2.6,,,,,,,1746720005.834
2653,365259334,1746720005844,1,0.028,0.02777067,44.77,BTC-30MAY25-105000-C,100804.24,buy,0.2,0.2,,,,,,,1746720005.844
2654,365259335,1746720005848,1,0.028,0.02777067,44.77,BTC-30MAY25-105000-C,100804.24,buy,1.6,1.6,,,,,,,1746720005.848
2655,365261789,1746720522173,2,0.0275,0.02781082,44.06,BTC-30MAY25-105000-C,100861.05,buy,2.2,2.2,,,,,,,1746720522.173
2656,365261947,1746720578498,3,0.0275,0.02780474,43.95,BTC-30MAY25-105000-C,100885.63,buy,22.8,22.8,,,,,,,1746720578.498
2657,365262599,1746720734960,3,0.0275,0.02778992,43.84,BTC-30MAY25-105000-C,100927.25,buy,0.3,0.3,,,,,,,1746720734.96
2658,365267562,1746722448218,0,0.028,0.02784692,43.44,BTC-30MAY25-105000-C,101161.91,buy,1.2,1.2,,,,,,,1746722448.218
2659,365267563,1746722448218,1,0.028,0.02784692,43.44,BTC-30MAY25-105000-C,101161.91,buy,0.2,0.2,,,,,,,1746722448.218
2660,365268308,1746722733665,1,0.028,0.02775741,43.45,BTC-30MAY25-105000-C,101162.0,buy,0.5,0.5,,,,,,,1746722733.665
2661,365269142,1746723048566,1,0.028,0.02825209,42.76,BTC-30MAY25-105000-C,101327.83,buy,6.0,6.0,,,,,,,1746723048.566
2662,365269158,1746723060638,1,0.028,0.02822783,42.79,BTC-30MAY25-105000-C,101326.06,buy,1.0,1.0,,,,,,,1746723060.638
2663,365269169,1746723066242,0,0.0292,0.02822534,44.06,BTC-30MAY25-105000-C,101326.54,buy,28.6,28.6,,,1.0,BLOCK-196688,,,1746723066.242
2664,365269170,1746723066296,2,0.0287,0.02822534,43.53,BTC-30MAY25-105000-C,101326.54,buy,25.0,25.0,,,1.0,BLOCK-196689,,,1746723066.296
2665,365269171,1746723066311,0,0.0293,0.02822534,44.17,BTC-30MAY25-105000-C,101326.54,buy,57.3,57.3,,,1.0,BLOCK-196690,,,1746723066.311
2667,365269173,1746723066325,3,0.028,0.02822534,42.79,BTC-30MAY25-105000-C,101326.54,buy,8.0,8.0,,,,,,,1746723066.325
2666,365269172,1746723066325,2,0.028,0.02822534,42.79,BTC-30MAY25-105000-C,101326.54,buy,1.7,1.7,,,,,,,1746723066.325
2669,365269175,1746723066696,3,0.028,0.02822534,42.79,BTC-30MAY25-105000-C,101326.54,buy,6.0,6.0,,,,,,,1746723066.696
2668,365269174,1746723066696,3,0.028,0.02822534,42.79,BTC-30MAY25-105000-C,101326.54,buy,10.0,10.0,,,,,,,1746723066.696
2670,365269176,1746723067005,3,0.028,0.02821622,42.79,BTC-30MAY25-105000-C,101325.91,buy,2.2,2.2,,,,,,,1746723067.005
2672,365269178,1746723067079,3,0.028,0.02821622,42.79,BTC-30MAY25-105000-C,101325.91,buy,5.2,5.2,,,,,,,1746723067.079
2673,365269179,1746723067079,3,0.028,0.02821622,42.79,BTC-30MAY25-105000-C,101325.91,buy,1.8,1.8,,,,,,,1746723067.079
2671,365269177,1746723067079,3,0.028,0.02821622,42.79,BTC-30MAY25-105000-C,101325.91,buy,1.8,1.8,,,,,,,1746723067.079
2678,365269190,1746723068823,3,0.028,0.02821622,42.78,BTC-30MAY25-105000-C,101328.91,buy,2.2,2.2,,,,,,,1746723068.823
2679,365269191,1746723068823,3,0.028,0.02821622,42.78,BTC-30MAY25-105000-C,101328.91,buy,4.3,4.3,,,,,,,1746723068.823
2676,365269188,1746723068823,3,0.028,0.02821622,42.78,BTC-30MAY25-105000-C,101328.91,buy,10.0,10.0,,,,,,,1746723068.823
2674,365269186,1746723068823,3,0.028,0.02821622,42.78,BTC-30MAY25-105000-C,101328.91,buy,5.8,5.8,,,,,,,1746723068.823
2675,365269187,1746723068823,3,0.028,0.02821622,42.78,BTC-30MAY25-105000-C,101328.91,buy,0.5,0.5,,,,,,,1746723068.823
2677,365269189,1746723068823,3,0.028,0.02821622,42.78,BTC-30MAY25-105000-C,101328.91,buy,1.6,1.6,,,,,,,1746723068.823
2680,365269728,1746723349212,3,0.028,0.02822154,42.75,BTC-30MAY25-105000-C,101356.67,sell,0.1,0.1,,,,,,,1746723349.212
2682,365269797,1746723412847,3,0.028,0.02812542,42.85,BTC-30MAY25-105000-C,101333.35,sell,1.0,1.0,,,,,,,1746723412.847
2681,365269796,1746723412847,3,0.028,0.02812542,42.85,BTC-30MAY25-105000-C,101333.35,sell,2.9,2.9,,,,,,,1746723412.847
2683,365269798,1746723412851,3,0.028,0.02812542,42.85,BTC-30MAY25-105000-C,101333.35,buy,0.7,0.7,,,,,,,1746723412.851
2684,365269799,1746723412855,3,0.028,0.02812542,42.85,BTC-30MAY25-105000-C,101333.35,buy,3.0,3.0,,,,,,,1746723412.855
2685,365269800,1746723412859,3,0.028,0.02812542,42.85,BTC-30MAY25-105000-C,101333.35,buy,2.4,2.4,,,,,,,1746723412.859
2686,365270689,1746723787493,3,0.028,0.02775884,43.29,BTC-30MAY25-105000-C,101207.98,buy,9.8,9.8,,,,,,,1746723787.493
2687,365270698,1746723795313,3,0.028,0.02786253,43.2,BTC-30MAY25-105000-C,101227.6,buy,0.2,0.2,,,,,,,1746723795.313
2688,365271299,1746724133526,3,0.028,0.0281901,42.93,BTC-30MAY25-105000-C,101297.49,buy,9.7,9.7,,,,,,,1746724133.526
2689,365271300,1746724133526,3,0.028,0.0281901,42.93,BTC-30MAY25-105000-C,101297.49,buy,0.3,0.3,,,,,,,1746724133.526
2691,365272473,1746724835649,1,0.029,0.02888301,43.38,BTC-30MAY25-105000-C,101449.34,buy,1.0,1.0,,,,,,,1746724835.649
2690,365272472,1746724835649,0,0.029,0.02888301,43.38,BTC-30MAY25-105000-C,101449.34,buy,0.6,0.6,,,,,,,1746724835.649
2692,365272474,1746724835651,1,0.029,0.02888301,43.38,BTC-30MAY25-105000-C,101449.34,sell,0.4,0.4,,,,,,,1746724835.651
2693,365273487,1746725230059,1,0.029,0.02917064,43.08,BTC-30MAY25-105000-C,101527.6,sell,0.1,0.1,,,,,,,1746725230.059
2694,365278835,1746726529878,2,0.0265,0.02704107,43.11,BTC-30MAY25-105000-C,100839.16,sell,100.0,100.0,,,1.0,BLOCK-196711,,,1746726529.878
2695,365279029,1746726557356,3,0.0265,0.02712618,43.01,BTC-30MAY25-105000-C,100860.24,sell,35.0,35.0,,,1.0,BLOCK-196712,,,1746726557.356
2696,365279776,1746726881486,0,0.027,0.02755637,42.88,BTC-30MAY25-105000-C,101028.36,sell,0.5,0.5,,,,,,,1746726881.486
2697,365279844,1746726907887,1,0.027,0.02767901,42.73,BTC-30MAY25-105000-C,101061.99,sell,0.5,0.5,,,,,,,1746726907.887
2698,365285918,1746730942571,0,0.028,0.02809182,43.22,BTC-30MAY25-105000-C,101266.91,sell,0.1,0.1,,,,,,,1746730942.571
2699,365285977,1746730965066,1,0.028,0.02808937,43.2,BTC-30MAY25-105000-C,101264.57,sell,0.1,0.1,,,,,,,1746730965.066
2700,365285993,1746730984300,1,0.028,0.02819595,43.1,BTC-30MAY25-105000-C,101282.84,sell,0.1,0.1,,,,,,,1746730984.3
2701,365286472,1746731234642,2,0.027,0.02775578,42.43,BTC-30MAY25-105000-C,101174.37,sell,0.1,0.1,,,,,,,1746731234.642
2702,365286475,1746731238126,0,0.0275,0.02776245,42.95,BTC-30MAY25-105000-C,101177.5,buy,0.1,0.1,,,,,,,1746731238.126
2703,365287626,1746732047871,0,0.0279,0.02756191,43.37,BTC-30MAY25-105000-C,101178.39,buy,0.5,0.5,365287625,BTC-CS-30MAY25-105000_110000,,,,,1746732047.871
2704,365291288,1746733926296,2,0.0275,0.02773121,42.65,BTC-30MAY25-105000-C,101253.88,sell,0.1,0.1,,,,,,,1746733926.296
2705,365291292,1746733928831,3,0.0275,0.0277353,42.69,BTC-30MAY25-105000-C,101242.74,sell,0.1,0.1,,,,,,,1746733928.831
2706,365291309,1746733953876,3,0.0275,0.0275407,42.86,BTC-30MAY25-105000-C,101201.44,sell,0.1,0.1,,,,,,,1746733953.876
2707,365291664,1746734082473,3,0.0275,0.02761794,42.83,BTC-30MAY25-105000-C,101199.84,sell,5.7,5.7,,,,,,,1746734082.473
2708,365300468,1746736749667,0,0.03,0.02980055,42.97,BTC-30MAY25-105000-C,101881.06,buy,0.2,0.2,,,,,,,1746736749.667
2709,365300522,1746736749879,1,0.03,0.02980055,42.97,BTC-30MAY25-105000-C,101881.06,buy,0.2,0.2,,,,,,,1746736749.879
2710,365300832,1746736762285,0,0.0305,0.03025998,42.99,BTC-30MAY25-105000-C,102000.63,buy,0.1,0.1,,,,,,,1746736762.285
2711,365304113,1746737324830,0,0.0315,0.0308439,43.42,BTC-30MAY25-105000-C,102158.86,buy,0.4,0.4,,,,,,,1746737324.83
2713,365305436,1746737642719,1,0.032,0.03197564,42.96,BTC-30MAY25-105000-C,102391.22,sell,0.7,0.7,,,,,,,1746737642.719
2714,365305437,1746737642719,1,0.032,0.03197564,42.96,BTC-30MAY25-105000-C,102391.22,sell,0.7,0.7,,,,,,,1746737642.719
2712,365305435,1746737642719,0,0.032,0.03197564,42.96,BTC-30MAY25-105000-C,102391.22,sell,2.7,2.7,,,,,,,1746737642.719
2716,365307282,1746737775459,1,0.0345,0.03391147,43.73,BTC-30MAY25-105000-C,102793.24,buy,5.0,5.0,,,,,,,1746737775.459
2715,365307281,1746737775459,0,0.0345,0.03391147,43.73,BTC-30MAY25-105000-C,102793.24,buy,0.7,0.7,,,,,,,1746737775.459
2717,365307283,1746737775462,1,0.0345,0.03391147,43.73,BTC-30MAY25-105000-C,102793.24,sell,5.6,5.6,,,,,,,1746737775.462
2718,365307284,1746737775462,1,0.0345,0.03391147,43.73,BTC-30MAY25-105000-C,102793.24,sell,3.7,3.7,,,,,,,1746737775.462
2719,365310662,1746738309679,2,0.032,0.03226547,43.17,BTC-30MAY25-105000-C,102324.05,sell,0.1,0.1,,,,,,,1746738309.679
2720,365311131,1746738419522,2,0.0315,0.0316518,43.36,BTC-30MAY25-105000-C,102156.84,sell,0.1,0.1,,,,,,,1746738419.522
2721,365312110,1746738789583,0,0.0325,0.03255875,43.58,BTC-30MAY25-105000-C,102346.96,sell,0.2,0.2,,,,,,,1746738789.583
2722,365312271,1746738871420,1,0.0325,0.03280788,43.34,BTC-30MAY25-105000-C,102397.86,sell,0.2,0.2,,,,,,,1746738871.42
2723,365313231,1746739021817,0,0.0345,0.03402495,44.2,BTC-30MAY25-105000-C,102698.79,buy,0.1,0.1,,,,,,,1746739021.817
2724,365314029,1746739094640,0,0.0355,0.03491475,44.29,BTC-30MAY25-105000-C,102915.09,buy,1.0,1.0,,,,,,,1746739094.64
2725,365318878,1746739278566,0,0.04,0.03948462,44.2,BTC-30MAY25-105000-C,103953.3,buy,0.1,0.1,,,,,,,1746739278.566
2726,365323401,1746739499294,2,0.039,0.03879513,44.32,BTC-30MAY25-105000-C,103720.92,sell,0.2,0.2,,,,,,,1746739499.294
2727,365323402,1746739499294,3,0.039,0.03879513,44.32,BTC-30MAY25-105000-C,103720.92,sell,0.7,0.7,,,,,,,1746739499.294
2728,365323579,1746739509560,2,0.0385,0.03840538,44.23,BTC-30MAY25-105000-C,103631.5,sell,0.3,0.3,,,,,,,1746739509.56
2729,365324536,1746739599279,2,0.0375,0.03760511,44.04,BTC-30MAY25-105000-C,103435.01,sell,3.3,3.3,,,,,,,1746739599.279
2730,365324575,1746739602902,0,0.038,0.0376009,44.6,BTC-30MAY25-105000-C,103426.23,sell,0.4,0.4,,,,,,,1746739602.902
2731,365325850,1746739760054,2,0.037,0.03741388,43.82,BTC-30MAY25-105000-C,103373.68,sell,0.1,0.1,,,,,,,1746739760.054
2732,365326051,1746739788431,0,0.0375,0.0372699,44.57,BTC-30MAY25-105000-C,103320.15,sell,0.2,0.2,,,,,,,1746739788.431
2733,365329433,1746740238260,1,0.0375,0.03746619,44.45,BTC-30MAY25-105000-C,103344.26,sell,0.1,0.1,,,,,,,1746740238.26
2734,365329808,1746740286989,0,0.038,0.03809719,44.37,BTC-30MAY25-105000-C,103472.54,sell,0.1,0.1,,,,,,,1746740286.989
2735,365336679,1746741470739,2,0.0355,0.03527878,44.64,BTC-30MAY25-105000-C,102805.61,buy,0.1,0.1,,,,,,,1746741470.739
2737,365337100,1746741556213,3,0.035,0.03512548,44.23,BTC-30MAY25-105000-C,102779.01,sell,0.7,0.7,,,,,,,1746741556.213
2736,365337099,1746741556213,2,0.035,0.03512548,44.23,BTC-30MAY25-105000-C,102779.01,sell,1.0,1.0,,,,,,,1746741556.213
2738,365337101,1746741556215,3,0.035,0.03512548,44.23,BTC-30MAY25-105000-C,102779.01,buy,8.3,8.3,,,,,,,1746741556.215
2739,365349224,1746744312237,0,0.036,0.03558358,43.56,BTC-30MAY25-105000-C,103196.87,buy,0.1,0.1,,,,,,,1746744312.237
2740,365349710,1746744543020,2,0.0355,0.03528256,43.46,BTC-30MAY25-105000-C,103108.43,sell,0.1,0.1,,,,,,,1746744543.02
2741,365350455,1746745093241,2,0.035,0.03483779,43.59,BTC-30MAY25-105000-C,102957.39,sell,0.1,0.1,,,,,,,1746745093.241
2742,365351114,1746745398082,2,0.034,0.03430156,43.14,BTC-30MAY25-105000-C,102828.33,sell,0.1,0.1,,,,,,,1746745398.082
2743,365351263,1746745498917,0,0.0345,0.03447783,43.47,BTC-30MAY25-105000-C,102867.64,sell,0.1,0.1,,,,,,,1746745498.917
2745,365356637,1746748007287,1,0.0355,0.0352708,43.48,BTC-30MAY25-105000-C,103113.85,buy,0.3,0.3,,,,,,,1746748007.287
2744,365356636,1746748007287,0,0.0355,0.0352708,43.48,BTC-30MAY25-105000-C,103113.85,buy,0.7,0.7,,,,,,,1746748007.287
2746,365358925,1746749066712,1,0.0355,0.03559751,43.03,BTC-30MAY25-105000-C,103222.62,sell,0.1,0.1,,,,,,,1746749066.712
2747,365361186,1746750220694,2,0.0345,0.03425041,43.26,BTC-30MAY25-105000-C,102948.64,buy,0.1,0.1,,,,,,,1746750220.694
2748,365367930,1746752070835,2,0.034,0.03370355,43.37,BTC-30MAY25-105000-C,102796.36,buy,0.5,0.5,,,,,,,1746752070.835
2749,365367931,1746752070848,3,0.034,0.03370355,43.37,BTC-30MAY25-105000-C,102796.36,buy,0.1,0.1,,,,,,,1746752070.848
2751,365368077,1746752128727,1,0.0345,0.03403615,43.51,BTC-30MAY25-105000-C,102875.1,buy,0.4,0.4,,,,,,,1746752128.727
2750,365368076,1746752128727,0,0.0345,0.03403615,43.51,BTC-30MAY25-105000-C,102875.1,buy,0.1,0.1,,,,,,,1746752128.727
2752,365368078,1746752128727,1,0.0345,0.03403615,43.51,BTC-30MAY25-105000-C,102875.1,buy,0.9,0.9,,,,,,,1746752128.727
2753,365372154,1746753932679,2,0.033,0.03337987,43.19,BTC-30MAY25-105000-C,102578.97,sell,0.6,0.6,,,,,,,1746753932.679
2754,365372155,1746753932679,3,0.033,0.03337987,43.19,BTC-30MAY25-105000-C,102578.97,sell,0.3,0.3,,,,,,,1746753932.679
2755,365372156,1746753932679,3,0.033,0.03337987,43.19,BTC-30MAY25-105000-C,102578.97,sell,0.8,0.8,,,,,,,1746753932.679
2757,365377201,1746757736082,1,0.0345,0.03417863,43.98,BTC-30MAY25-105000-C,102759.97,buy,0.6,0.6,,,,,,,1746757736.082
2756,365377200,1746757736082,0,0.0345,0.03417863,43.98,BTC-30MAY25-105000-C,102759.97,buy,0.4,0.4,,,,,,,1746757736.082
2758,365383505,1746761779566,2,0.0335,0.03327865,43.81,BTC-30MAY25-105000-C,102561.01,buy,0.1,0.1,,,,,,,1746761779.566
2759,365383886,1746761962012,2,0.033,0.03303154,43.61,BTC-30MAY25-105000-C,102495.41,buy,0.1,0.1,,,,,,,1746761962.012
2760,365385921,1746763076187,2,0.0325,0.03257684,43.67,BTC-30MAY25-105000-C,102366.91,sell,0.5,0.5,,,,,,,1746763076.187
2761,365386360,1746763342110,3,0.0325,0.03277808,43.51,BTC-30MAY25-105000-C,102402.6,buy,0.7,0.7,,,,,,,1746763342.11
2762,365386361,1746763342118,3,0.0325,0.03277808,43.51,BTC-30MAY25-105000-C,102402.6,buy,1.0,1.0,,,,,,,1746763342.118
2763,365386362,1746763342126,3,0.0325,0.03277808,43.51,BTC-30MAY25-105000-C,102402.6,buy,1.0,1.0,,,,,,,1746763342.126
2768,365386409,1746763385969,3,0.032,0.03260223,43.12,BTC-30MAY25-105000-C,102378.4,sell,0.7,0.7,,,,,,,1746763385.969
2765,365386406,1746763385969,3,0.032,0.03260223,43.12,BTC-30MAY25-105000-C,102378.4,sell,8.7,8.7,,,,,,,1746763385.969
2770,365386411,1746763385969,3,0.032,0.03260223,43.12,BTC-30MAY25-105000-C,102378.4,sell,1.0,1.0,,,,,,,1746763385.969
2769,365386410,1746763385969,3,0.032,0.03260223,43.12,BTC-30MAY25-105000-C,102378.4,sell,1.6,1.6,,,,,,,1746763385.969
2766,365386407,1746763385969,3,0.032,0.03260223,43.12,BTC-30MAY25-105000-C,102378.4,sell,0.1,0.1,,,,,,,1746763385.969
2767,365386408,1746763385969,3,0.032,0.03260223,43.12,BTC-30MAY25-105000-C,102378.4,sell,3.9,3.9,,,,,,,1746763385.969
2764,365386405,1746763385969,2,0.032,0.03260223,43.12,BTC-30MAY25-105000-C,102378.4,sell,0.7,0.7,,,,,,,1746763385.969
2771,365386412,1746763385972,3,0.032,0.03260223,43.12,BTC-30MAY25-105000-C,102378.4,buy,0.6,0.6,,,,,,,1746763385.972
2772,365387271,1746764026440,0,0.0335,0.03337739,43.54,BTC-30MAY25-105000-C,102627.2,buy,0.1,0.1,,,,,,,1746764026.44
2773,365391449,1746768522565,2,0.033,0.03317522,43.06,BTC-30MAY25-105000-C,102667.29,buy,0.1,0.1,,,,,,,1746768522.565
2774,365391713,1746768765885,0,0.0337,0.03364402,43.24,BTC-30MAY25-105000-C,102801.94,buy,50.0,50.0,,BTC-CDIAG-30MAY25_23MAY25-105000_104000,2.0,BLOCK-197046,3286.0,,1746768765.885
2775,365393955,1746771049843,0,0.0345,0.03439876,43.59,BTC-30MAY25-105000-C,102926.28,sell,0.1,0.1,,,,,,,1746771049.843
2776,365394680,1746771821159,0,0.0355,0.03481948,44.16,BTC-30MAY25-105000-C,103049.37,buy,4.0,4.0,,,,,,,1746771821.159
2777,365396162,1746772449155,2,0.035,0.03505932,43.37,BTC-30MAY25-105000-C,103119.68,sell,0.5,0.5,,,,,,,1746772449.155
2778,365403027,1746774692297,0,0.0365,0.03612949,43.71,BTC-30MAY25-105000-C,103459.54,buy,0.1,0.1,,,,,,,1746774692.297
2779,365404344,1746775042147,2,0.036,0.03604114,43.2,BTC-30MAY25-105000-C,103474.19,buy,0.1,0.1,,,,,,,1746775042.147
2780,365406345,1746775334728,0,0.0365,0.03662725,43.1,BTC-30MAY25-105000-C,103621.35,sell,0.1,0.1,,,,,,,1746775334.728
2781,365406448,1746775348412,1,0.0365,0.0366709,43.06,BTC-30MAY25-105000-C,103630.45,buy,0.5,0.5,365406446,BTC-CS-30MAY25-102000_105000,,,,,1746775348.412
2782,365409396,1746775679400,0,0.037,0.03712085,43.11,BTC-30MAY25-105000-C,103741.24,buy,0.1,0.1,,,,,,,1746775679.4
2783,365409993,1746775761294,1,0.037,0.03712789,43.11,BTC-30MAY25-105000-C,103741.71,sell,0.1,0.1,,,,,,,1746775761.294
2784,365410062,1746775783797,1,0.037,0.03727127,42.98,BTC-30MAY25-105000-C,103763.44,sell,0.1,0.1,,,,,,,1746775783.797
2785,365418714,1746776824354,0,0.0385,0.03823023,43.52,BTC-30MAY25-105000-C,103999.83,sell,1.0,1.0,,,,,,M,1746776824.354
2786,365425638,1746777217658,2,0.038,0.03777646,43.75,BTC-30MAY25-105000-C,103851.68,sell,0.7,0.7,,,,,,,1746777217.658
2787,365425909,1746777239074,3,0.038,0.03752803,44.06,BTC-30MAY25-105000-C,103786.81,sell,0.8,0.8,,,,,,,1746777239.074
2788,365439503,1746779022855,2,0.0375,0.0374569,43.29,BTC-30MAY25-105000-C,103813.05,sell,0.1,0.1,,,,,,,1746779022.855
2789,365441423,1746779352075,0,0.038,0.03803815,43.19,BTC-30MAY25-105000-C,103919.57,sell,0.1,0.1,,,,,,,1746779352.075
2792,365444274,1746779783533,1,0.038,0.0372797,43.91,BTC-30MAY25-105000-C,103755.89,buy,2.9,2.9,,,,,,,1746779783.533
2790,365444272,1746779783533,1,0.038,0.0372797,43.91,BTC-30MAY25-105000-C,103755.89,buy,0.4,0.4,,,,,,,1746779783.533
2791,365444273,1746779783533,1,0.038,0.0372797,43.91,BTC-30MAY25-105000-C,103755.89,buy,0.6,0.6,,,,,,,1746779783.533
2793,365445259,1746779984321,2,0.036,0.03547832,43.8,BTC-30MAY25-105000-C,103331.71,buy,8.2,8.2,,,,,,,1746779984.321
2794,365445260,1746779984321,3,0.036,0.03547832,43.8,BTC-30MAY25-105000-C,103331.71,buy,0.7,0.7,,,,,,,1746779984.321
2795,365445261,1746779984327,3,0.036,0.03547832,43.8,BTC-30MAY25-105000-C,103331.71,sell,8.2,8.2,,,,,,,1746779984.327
2796,365445262,1746779984330,3,0.036,0.03547832,43.8,BTC-30MAY25-105000-C,103331.71,sell,11.6,11.6,,,,,,,1746779984.33
2797,365445263,1746779984339,3,0.036,0.03547832,43.8,BTC-30MAY25-105000-C,103331.71,sell,0.1,0.1,,,,,,,1746779984.339
2798,365445265,1746779984605,3,0.036,0.03547832,43.8,BTC-30MAY25-105000-C,103331.71,sell,3.0,3.0,,,,,,,1746779984.605
2799,365445267,1746779985250,3,0.036,0.03548888,43.72,BTC-30MAY25-105000-C,103348.11,sell,0.1,0.1,,,,,,,1746779985.25
2800,365445272,1746779986053,3,0.036,0.03548888,43.72,BTC-30MAY25-105000-C,103348.11,sell,0.4,0.4,,,,,,,1746779986.053
2801,365445273,1746779986072,3,0.036,0.0355271,43.66,BTC-30MAY25-105000-C,103360.81,sell,0.4,0.4,,,,,,,1746779986.072
2802,365445274,1746779986123,3,0.036,0.0355271,43.66,BTC-30MAY25-105000-C,103360.81,sell,0.4,0.4,,,,,,,1746779986.123
2803,365445275,1746779986149,3,0.036,0.0355271,43.66,BTC-30MAY25-105000-C,103360.81,sell,0.6,0.6,,,,,,,1746779986.149
2804,365445276,1746779986595,3,0.036,0.0355271,43.66,BTC-30MAY25-105000-C,103360.81,sell,0.3,0.3,,,,,,,1746779986.595
2805,365445277,1746779986617,3,0.036,0.0355271,43.66,BTC-30MAY25-105000-C,103360.81,sell,0.4,0.4,,,,,,,1746779986.617
2806,365445280,1746779987136,3,0.036,0.03561095,43.67,BTC-30MAY25-105000-C,103358.9,sell,0.1,0.1,,,,,,,1746779987.136
2807,365445281,1746779987187,3,0.036,0.03561095,43.67,BTC-30MAY25-105000-C,103358.9,sell,0.1,0.1,,,,,,,1746779987.187
2808,365445282,1746779987197,3,0.036,0.03561095,43.67,BTC-30MAY25-105000-C,103358.9,sell,0.1,0.1,,,,,,,1746779987.197
2809,365445283,1746779987348,3,0.036,0.03561095,43.67,BTC-30MAY25-105000-C,103358.9,sell,0.1,0.1,,,,,,,1746779987.348
2810,365445284,1746779987767,3,0.036,0.03561095,43.67,BTC-30MAY25-105000-C,103358.9,sell,0.2,0.2,,,,,,,1746779987.767
2811,365445285,1746779988132,3,0.036,0.03567678,43.67,BTC-30MAY25-105000-C,103358.38,sell,0.1,0.1,,,,,,,1746779988.132
2812,365445286,1746779988324,3,0.036,0.03567678,43.67,BTC-30MAY25-105000-C,103358.38,sell,0.1,0.1,,,,,,,1746779988.324
2813,365445288,1746779990448,3,0.036,0.03568703,43.67,BTC-30MAY25-105000-C,103357.53,sell,0.1,0.1,,,,,,,1746779990.448
2814,365445289,1746779991706,3,0.036,0.03568855,43.65,BTC-30MAY25-105000-C,103359.37,sell,0.1,0.1,,,,,,,1746779991.706
2815,365445297,1746779992337,3,0.036,0.03570388,43.68,BTC-30MAY25-105000-C,103354.12,sell,0.1,0.1,,,,,,,1746779992.337
2816,365445298,1746779992346,3,0.036,0.03570388,43.68,BTC-30MAY25-105000-C,103354.12,sell,0.1,0.1,,,,,,,1746779992.346
2817,365445302,1746779992372,3,0.036,0.03570388,43.68,BTC-30MAY25-105000-C,103354.12,sell,0.8,0.8,,,,,,,1746779992.372
2818,365445305,1746779992409,3,0.036,0.03570388,43.68,BTC-30MAY25-105000-C,103354.12,sell,0.2,0.2,,,,,,,1746779992.409
2819,365445306,1746779992416,3,0.036,0.03570388,43.68,BTC-30MAY25-105000-C,103354.12,sell,0.1,0.1,,,,,,,1746779992.416
2820,365445307,1746779992441,3,0.036,0.03570388,43.68,BTC-30MAY25-105000-C,103354.12,sell,3.0,3.0,,,,,,,1746779992.441
2821,365445308,1746779992636,3,0.036,0.03570388,43.68,BTC-30MAY25-105000-C,103354.12,sell,0.1,0.1,,,,,,,1746779992.636
2822,365445326,1746779996319,3,0.036,0.03567122,43.77,BTC-30MAY25-105000-C,103333.05,sell,0.2,0.2,,,,,,,1746779996.319
2823,365445328,1746779996651,3,0.036,0.03567122,43.77,BTC-30MAY25-105000-C,103333.05,sell,7.1,7.1,,,,,,,1746779996.651
2824,365445336,1746779997269,3,0.036,0.03564,43.79,BTC-30MAY25-105000-C,103329.9,sell,0.1,0.1,,,,,,,1746779997.269
2825,365445337,1746779999114,3,0.036,0.03564703,43.85,BTC-30MAY25-105000-C,103316.43,sell,20.0,20.0,,,,,,,1746779999.114
2826,365445338,1746779999193,3,0.036,0.03564703,43.85,BTC-30MAY25-105000-C,103316.43,sell,0.1,0.1,,,,,,,1746779999.193
2827,365445339,1746779999390,3,0.036,0.03564703,43.85,BTC-30MAY25-105000-C,103316.43,sell,32.7,32.7,,,,,,,1746779999.39
2828,365447773,1746780117948,2,0.035,0.03473715,43.79,BTC-30MAY25-105000-C,103053.55,sell,0.1,0.1,,,,,,,1746780117.948
2829,365448266,1746780174253,2,0.034,0.03400511,43.62,BTC-30MAY25-105000-C,102852.53,sell,0.1,0.1,,,,,,,1746780174.253
2830,365451319,1746780689833,0,0.035,0.03490274,44.06,BTC-30MAY25-105000-C,102945.06,buy,0.5,0.5,,,,,,,1746780689.833
2831,365451726,1746780899752,0,0.0355,0.03508872,44.4,BTC-30MAY25-105000-C,102992.5,buy,0.1,0.1,,,,,,,1746780899.752
2832,365451876,1746780990057,2,0.0345,0.03466162,43.8,BTC-30MAY25-105000-C,102900.73,sell,0.1,0.1,,,,,,,1746780990.057
2833,365451882,1746780990453,3,0.0345,0.03466251,43.82,BTC-30MAY25-105000-C,102895.99,sell,0.1,0.1,,,,,,,1746780990.453
2834,365451888,1746780991444,3,0.0345,0.0346432,43.87,BTC-30MAY25-105000-C,102885.16,sell,0.1,0.1,,,,,,,1746780991.444
2835,365451892,1746780993715,3,0.0345,0.03459416,43.95,BTC-30MAY25-105000-C,102867.78,sell,0.1,0.1,,,,,,,1746780993.715
2836,365451895,1746780994854,3,0.0345,0.03454427,43.94,BTC-30MAY25-105000-C,102870.12,sell,0.1,0.1,,,,,,,1746780994.854
2837,365451896,1746780995853,3,0.0345,0.0345197,43.95,BTC-30MAY25-105000-C,102868.87,sell,0.1,0.1,,,,,,,1746780995.853
2838,365451899,1746780997028,3,0.0345,0.03452954,43.95,BTC-30MAY25-105000-C,102869.13,sell,0.1,0.1,,,,,,,1746780997.028
2839,365451901,1746780997897,3,0.0345,0.03452556,43.95,BTC-30MAY25-105000-C,102867.26,sell,0.1,0.1,,,,,,,1746780997.897
2840,365451903,1746780998838,3,0.0345,0.03452556,43.95,BTC-30MAY25-105000-C,102867.7,sell,0.1,0.1,,,,,,,1746780998.838
2841,365451969,1746781018087,3,0.0345,0.03453171,44.0,BTC-30MAY25-105000-C,102856.57,sell,0.1,0.1,,,,,,,1746781018.087
2842,365451975,1746781018260,3,0.0345,0.0344827,44.04,BTC-30MAY25-105000-C,102846.6,sell,3.2,3.2,,,,,,,1746781018.26
2843,365451980,1746781018508,3,0.0345,0.0344827,44.04,BTC-30MAY25-105000-C,102846.6,sell,0.1,0.1,,,,,,,1746781018.508
2844,365451991,1746781019516,3,0.0345,0.0344827,44.1,BTC-30MAY25-105000-C,102834.34,sell,0.1,0.1,,,,,,,1746781019.516
2845,365452001,1746781021423,3,0.0345,0.03438762,44.15,BTC-30MAY25-105000-C,102823.5,sell,5.6,5.6,,,,,,,1746781021.423
2846,365452642,1746781294771,0,0.035,0.0350455,43.92,BTC-30MAY25-105000-C,102991.3,sell,0.1,0.1,,,,,,,1746781294.771
2847,365452666,1746781301564,1,0.035,0.03502233,43.92,BTC-30MAY25-105000-C,102990.8,sell,0.5,0.5,,,,,,,1746781301.564
2848,365452667,1746781301566,1,0.035,0.03502233,43.92,BTC-30MAY25-105000-C,102990.8,buy,3.4,3.4,,,,,,,1746781301.566
2849,365457843,1746782538462,2,0.034,0.03408647,43.75,BTC-30MAY25-105000-C,102826.96,sell,0.1,0.1,,,,,,,1746782538.462
2850,365457844,1746782538510,3,0.034,0.03408647,43.75,BTC-30MAY25-105000-C,102826.96,sell,5.7,5.7,,,,,,,1746782538.51
2851,365457853,1746782539749,3,0.034,0.03402526,44.0,BTC-30MAY25-105000-C,102770.34,sell,0.1,0.1,,,,,,,1746782539.749
2852,365457854,1746782541004,3,0.034,0.03395863,44.06,BTC-30MAY25-105000-C,102756.38,sell,4.1,4.1,,,,,,,1746782541.004
2853,365463461,1746784999626,3,0.034,0.03417126,43.09,BTC-30MAY25-105000-C,102946.98,buy,1.0,1.0,,,,,,,1746784999.626
2854,365467724,1746787459072,0,0.035,0.03510977,42.97,BTC-30MAY25-105000-C,103243.69,buy,1.0,1.0,,,,,,,1746787459.072
2855,365469161,1746788225181,0,0.036,0.03591048,43.29,BTC-30MAY25-105000-C,103408.79,buy,1.0,1.0,,,,,,,1746788225.181
2856,365469162,1746788225192,1,0.036,0.03591048,43.29,BTC-30MAY25-105000-C,103408.79,sell,0.6,0.6,,,,,,,1746788225.192
2857,365473804,1746790003809,2,0.0345,0.03573002,42.51,BTC-30MAY25-105000-C,103217.29,sell,0.1,0.1,,,,,,,1746790003.809
2858,365478632,1746791836196,2,0.034,0.0344525,42.98,BTC-30MAY25-105000-C,103007.7,sell,0.1,0.1,,,,,,,1746791836.196
2859,365478702,1746791890883,2,0.0335,0.03431183,42.6,BTC-30MAY25-105000-C,102979.73,sell,0.1,0.1,,,,,,,1746791890.883
2860,365479282,1746792242063,0,0.0345,0.03421144,43.67,BTC-30MAY25-105000-C,102978.92,buy,100.0,100.0,,,1.0,BLOCK-197174,,,1746792242.063
2861,365485482,1746797013256,1,0.0345,0.03393765,43.8,BTC-30MAY25-105000-C,102986.09,buy,100.0,100.0,,,1.0,BLOCK-197197,,,1746797013.256
2862,365485516,1746797014293,2,0.034,0.03393701,43.27,BTC-30MAY25-105000-C,102986.09,buy,0.6,0.6,,,,,,,1746797014.293
2863,365485643,1746797149658,3,0.034,0.03401636,43.2,BTC-30MAY25-105000-C,102978.63,sell,10.5,10.5,,,,,,,1746797149.658
2864,365486305,1746797506641,3,0.034,0.03404398,43.28,BTC-30MAY25-105000-C,102967.96,sell,1.0,1.0,,,,,,,1746797506.641
2866,365491125,1746798815862,1,0.037,0.03696838,43.61,BTC-30MAY25-105000-C,103591.43,sell,0.4,0.4,,,,,,,1746798815.862
2865,365491124,1746798815862,0,0.037,0.03696838,43.61,BTC-30MAY25-105000-C,103591.43,sell,0.7,0.7,,,,,,,1746798815.862
2867,365491132,1746798815876,1,0.037,0.03696838,43.61,BTC-30MAY25-105000-C,103591.43,sell,0.2,0.2,,,,,,,1746798815.876
2868,365491144,1746798816140,1,0.037,0.03696838,43.61,BTC-30MAY25-105000-C,103591.43,sell,0.7,0.7,,,,,,,1746798816.14
2869,365491145,1746798816179,1,0.037,0.03696838,43.61,BTC-30MAY25-105000-C,103591.43,sell,0.4,0.4,,,,,,,1746798816.179
2870,365491148,1746798816519,1,0.037,0.03697025,43.62,BTC-30MAY25-105000-C,103589.59,buy,8.0,8.0,,,,,,,1746798816.519
2871,365495575,1746799867573,1,0.037,0.03726366,43.75,BTC-30MAY25-105000-C,103535.08,sell,1.0,1.0,,,,,,,1746799867.573
2872,365495576,1746799867573,1,0.037,0.03726366,43.75,BTC-30MAY25-105000-C,103535.08,sell,0.5,0.5,,,,,,,1746799867.573
2874,365496689,1746800275910,1,0.038,0.03777011,44.12,BTC-30MAY25-105000-C,103707.33,buy,0.6,0.6,,,,,,,1746800275.91
2873,365496688,1746800275910,0,0.038,0.03777011,44.12,BTC-30MAY25-105000-C,103707.33,buy,0.6,0.6,,,,,,,1746800275.91
2875,365496690,1746800275913,1,0.038,0.03777011,44.12,BTC-30MAY25-105000-C,103707.33,sell,3.0,3.0,,,,,,,1746800275.913
2876,365496691,1746800275932,1,0.038,0.03777011,44.12,BTC-30MAY25-105000-C,103707.33,sell,5.2,5.2,,,,,,,1746800275.932
2877,365496692,1746800275960,1,0.038,0.03777011,44.12,BTC-30MAY25-105000-C,103707.33,sell,0.6,0.6,,,,,,,1746800275.96
2878,365497048,1746800384497,2,0.037,0.03695157,43.94,BTC-30MAY25-105000-C,103517.38,sell,0.1,0.1,,,,,,,1746800384.497
2879,365504798,1746801666653,2,0.0325,0.03335768,42.87,BTC-30MAY25-105000-C,102689.08,sell,0.1,0.1,,,,,,,1746801666.653
2881,365510404,1746803793102,1,0.0355,0.03495624,44.42,BTC-30MAY25-105000-C,103085.95,buy,1.1,1.1,,,,,,,1746803793.102
2880,365510403,1746803793102,0,0.0355,0.03495624,44.42,BTC-30MAY25-105000-C,103085.95,buy,0.4,0.4,,,,,,,1746803793.102
2882,365511173,1746804175977,2,0.033,0.03362297,43.1,BTC-30MAY25-105000-C,102801.75,sell,0.1,0.1,,,,,,,1746804175.977
2883,365511468,1746804254488,0,0.0335,0.03342639,43.85,BTC-30MAY25-105000-C,102753.41,buy,0.2,0.2,,,,,,,1746804254.488
2884,365520969,1746809922049,2,0.032,0.03209676,43.49,BTC-30MAY25-105000-C,102477.0,sell,0.6,0.6,,,,,,,1746809922.049
2885,365520971,1746809922066,3,0.032,0.03209676,43.49,BTC-30MAY25-105000-C,102477.0,sell,0.1,0.1,,,,,,,1746809922.066
2886,365520975,1746809922093,3,0.032,0.03209676,43.49,BTC-30MAY25-105000-C,102477.0,sell,0.1,0.1,,,,,,,1746809922.093
2887,365520985,1746809922136,3,0.032,0.03209676,43.49,BTC-30MAY25-105000-C,102477.0,sell,0.9,0.9,,,,,,,1746809922.136
2888,365520987,1746809922163,3,0.032,0.03209676,43.49,BTC-30MAY25-105000-C,102477.0,sell,0.1,0.1,,,,,,,1746809922.163
2889,365520988,1746809922184,3,0.032,0.03209676,43.49,BTC-30MAY25-105000-C,102477.0,sell,0.2,0.2,,,,,,,1746809922.184
2890,365520989,1746809922206,3,0.032,0.03209676,43.49,BTC-30MAY25-105000-C,102477.0,sell,0.2,0.2,,,,,,,1746809922.206
2891,365520994,1746809922234,3,0.032,0.03209676,43.49,BTC-30MAY25-105000-C,102477.0,sell,0.2,0.2,,,,,,,1746809922.234
2892,365521000,1746809922309,3,0.032,0.03209676,43.49,BTC-30MAY25-105000-C,102477.0,sell,0.3,0.3,,,,,,,1746809922.309
2893,365521002,1746809922353,3,0.032,0.03209676,43.49,BTC-30MAY25-105000-C,102477.0,sell,0.3,0.3,,,,,,,1746809922.353
2894,365521003,1746809922402,3,0.032,0.03209676,43.49,BTC-30MAY25-105000-C,102477.0,sell,0.1,0.1,,,,,,,1746809922.402
2895,365521004,1746809922458,3,0.032,0.03209676,43.49,BTC-30MAY25-105000-C,102477.0,sell,0.1,0.1,,,,,,,1746809922.458
2896,365521005,1746809922511,3,0.032,0.03209676,43.49,BTC-30MAY25-105000-C,102477.0,sell,6.0,6.0,,,,,,,1746809922.511
2897,365521006,1746809922629,3,0.032,0.03209676,43.49,BTC-30MAY25-105000-C,102477.0,sell,0.1,0.1,,,,,,,1746809922.629
2898,365521008,1746809922648,3,0.032,0.03209676,43.49,BTC-30MAY25-105000-C,102477.0,sell,1.1,1.1,,,,,,,1746809922.648
2899,365521017,1746809922817,3,0.032,0.03207707,43.53,BTC-30MAY25-105000-C,102468.75,sell,0.1,0.1,,,,,,,1746809922.817
2900,365521018,1746809922828,3,0.032,0.03207707,43.53,BTC-30MAY25-105000-C,102468.75,sell,0.1,0.1,,,,,,,1746809922.828
2901,365521021,1746809922847,3,0.032,0.03207707,43.53,BTC-30MAY25-105000-C,102468.75,sell,4.4,4.4,,,,,,,1746809922.847
2902,365521022,1746809922854,3,0.032,0.03207707,43.53,BTC-30MAY25-105000-C,102468.75,sell,0.9,0.9,,,,,,,1746809922.854
2903,365521023,1746809922859,3,0.032,0.03207707,43.53,BTC-30MAY25-105000-C,102468.75,sell,4.1,4.1,,,,,,,1746809922.859
2904,365535083,1746823892257,0,0.035,0.03496179,43.5,BTC-30MAY25-105000-C,103251.8,sell,0.1,0.1,,,,,,,1746823892.257
2905,365537043,1746825663786,2,0.033,0.03328129,42.97,BTC-30MAY25-105000-C,102899.54,sell,0.1,0.1,,,,,,,1746825663.786
2906,365538662,1746827305944,2,0.0325,0.03240041,42.89,BTC-30MAY25-105000-C,102799.02,sell,0.1,0.1,,,,,,,1746827305.944
2907,365539765,1746829033835,0,0.033,0.03322893,42.65,BTC-30MAY25-105000-C,102995.45,sell,0.1,0.1,,,,,,,1746829033.835
2908,365540065,1746830119008,1,0.033,0.03308278,42.71,BTC-30MAY25-105000-C,102990.67,sell,0.1,0.1,,,,,,,1746830119.008
2909,365540673,1746831243907,2,0.0325,0.03255169,42.7,BTC-30MAY25-105000-C,102883.86,sell,0.1,0.1,,,,,,,1746831243.907
2910,365540677,1746831243977,3,0.0325,0.03255169,42.7,BTC-30MAY25-105000-C,102883.86,sell,0.1,0.1,,,,,,,1746831243.977
2911,365547559,1746841958636,3,0.0325,0.03294103,42.42,BTC-30MAY25-105000-C,102946.96,sell,0.2,0.2,,,,,,,1746841958.636
2912,365550104,1746849312077,0,0.0345,0.03391704,43.63,BTC-30MAY25-105000-C,103164.24,buy,0.1,0.1,,,,,,,1746849312.077
2913,365550111,1746849314129,1,0.0345,0.03391824,43.63,BTC-30MAY25-105000-C,103164.78,buy,0.1,0.1,,,,,,,1746849314.129
2914,365550128,1746849321146,1,0.0345,0.03393549,43.62,BTC-30MAY25-105000-C,103167.15,buy,0.1,0.1,,,,,,,1746849321.146
2915,365550141,1746849329497,1,0.0345,0.03394028,43.6,BTC-30MAY25-105000-C,103169.14,buy,0.1,0.1,,,,,,,1746849329.497
2916,365550162,1746849339604,1,0.0345,0.03395432,43.6,BTC-30MAY25-105000-C,103169.59,buy,0.1,0.1,,,,,,,1746849339.604
2917,365550171,1746849349166,1,0.0345,0.03395368,43.61,BTC-30MAY25-105000-C,103168.66,buy,0.1,0.1,,,,,,,1746849349.166
2918,365550184,1746849371390,1,0.0345,0.03395079,43.61,BTC-30MAY25-105000-C,103168.94,buy,0.1,0.1,,,,,,,1746849371.39
2919,365550193,1746849385487,1,0.0345,0.03395452,43.6,BTC-30MAY25-105000-C,103170.35,buy,0.1,0.1,,,,,,,1746849385.487
2920,365558868,1746858673114,0,0.0365,0.03640669,43.41,BTC-30MAY25-105000-C,103710.81,sell,0.6,0.6,,,,,,,1746858673.114
2921,365568136,1746862515925,0,0.037,0.03706172,43.3,BTC-30MAY25-105000-C,103820.28,buy,2.0,2.0,,,,,,,1746862515.925
2922,365572472,1746863710195,0,0.0375,0.03718371,44.14,BTC-30MAY25-105000-C,103741.35,buy,0.1,0.1,,,,,,,1746863710.195
2923,365572502,1746863718670,1,0.0375,0.03731657,44.11,BTC-30MAY25-105000-C,103748.67,buy,0.1,0.1,,,,,,,1746863718.67
2924,365572632,1746863761117,0,0.038,0.03760171,44.27,BTC-30MAY25-105000-C,103834.56,buy,0.1,0.1,,,,,,,1746863761.117
2925,365574509,1746864389259,1,0.038,0.03821657,43.75,BTC-30MAY25-105000-C,103953.83,buy,0.2,0.2,,,,,,,1746864389.259
2926,365575777,1746864962812,1,0.038,0.03790204,44.2,BTC-30MAY25-105000-C,103869.11,sell,0.1,0.1,,,,,,,1746864962.812
2927,365575959,1746865344220,2,0.0375,0.03766288,43.87,BTC-30MAY25-105000-C,103827.66,buy,0.2,0.2,,,,,,,1746865344.22
2928,365576186,1746865699247,0,0.0385,0.03813758,44.42,BTC-30MAY25-105000-C,103932.79,buy,0.1,0.1,,,,,,,1746865699.247
2929,365576254,1746865754075,1,0.0385,0.03830645,44.22,BTC-30MAY25-105000-C,103969.08,sell,0.1,0.1,,,,,,,1746865754.075
2930,365576280,1746865762797,1,0.0385,0.03837672,44.08,BTC-30MAY25-105000-C,103996.17,sell,0.1,0.1,,,,,,,1746865762.797
2931,365577282,1746866911597,2,0.038,0.03789449,44.04,BTC-30MAY25-105000-C,103906.03,buy,1.0,1.0,,,,,,,1746866911.597
2932,365577790,1746867062806,2,0.037,0.03710948,43.91,BTC-30MAY25-105000-C,103709.56,sell,0.1,0.1,,,,,,,1746867062.806
2933,365578850,1746867309029,0,0.0375,0.03690334,44.67,BTC-30MAY25-105000-C,103637.79,buy,0.1,0.1,,,,,,,1746867309.029
2934,365578888,1746867327057,1,0.0375,0.03700095,44.56,BTC-30MAY25-105000-C,103661.02,buy,0.1,0.1,,,,,,,1746867327.057
2935,365578893,1746867329401,1,0.0375,0.03700762,44.56,BTC-30MAY25-105000-C,103660.48,buy,0.1,0.1,,,,,,,1746867329.401
2936,365578903,1746867334752,1,0.0375,0.03699883,44.57,BTC-30MAY25-105000-C,103660.29,buy,0.1,0.1,,,,,,,1746867334.752
2937,365578930,1746867348108,1,0.0375,0.03701313,44.55,BTC-30MAY25-105000-C,103668.54,buy,0.1,0.1,,,,,,,1746867348.108
2938,365578947,1746867359073,1,0.0375,0.03700211,44.55,BTC-30MAY25-105000-C,103668.24,buy,0.1,0.1,,,,,,,1746867359.073
2939,365578973,1746867371970,1,0.0375,0.0370339,44.5,BTC-30MAY25-105000-C,103678.91,buy,0.1,0.1,,,,,,,1746867371.97
2940,365578997,1746867380756,1,0.0375,0.0370538,44.5,BTC-30MAY25-105000-C,103679.83,buy,0.1,0.1,,,,,,,1746867380.756
2941,365579025,1746867387265,1,0.0375,0.03699567,44.58,BTC-30MAY25-105000-C,103664.58,buy,0.1,0.1,,,,,,,1746867387.265
2942,365579034,1746867390134,2,0.037,0.03694791,44.07,BTC-30MAY25-105000-C,103659.14,sell,0.1,0.1,,,,,,,1746867390.134
2943,365579076,1746867426424,3,0.037,0.03692248,44.11,BTC-30MAY25-105000-C,103652.25,sell,0.1,0.1,,,,,,,1746867426.424
