trade_seq,trade_id,timestamp,tick_direction,price,mark_price,iv,instrument_name,index_price,direction,contracts,amount,block_trade_leg_count,block_trade_id,combo_id,block_rfq_id,combo_trade_id,unix_sec
759,364041064,1746066196925,3,0.0009,0.00095226,69.8,BTC-30MAY25-150000-C,94780.67,sell,0.1,0.1,,,,,,1746066196.925
760,364064406,1746093315318,0,0.001,0.00099193,69.73,BTC-30MAY25-150000-C,95747.88,buy,0.1,0.1,,,,,,1746093315.318
761,364064460,1746093334256,1,0.001,0.00099915,69.68,BTC-30MAY25-150000-C,95779.33,sell,1.9,1.9,,,,,,1746093334.256
762,364065648,1746093713438,1,0.001,0.00099231,69.84,BTC-30MAY25-150000-C,95654.55,buy,0.1,0.1,,,,,,1746093713.438
763,364086334,1746099767259,1,0.001,0.0010685,69.23,BTC-30MAY25-150000-C,96135.36,sell,1.1,1.1,,,,,,1746099767.259
764,364094982,1746102601499,1,0.001,0.00098962,69.16,BTC-30MAY25-150000-C,96247.92,buy,0.1,0.1,,,,,,1746102601.499
765,364097848,1746103344589,0,0.0011,0.0011149,69.72,BTC-30MAY25-150000-C,96465.03,sell,1.0,1.0,,,,,,1746103344.589
766,364098054,1746103411540,1,0.0011,0.00110785,69.75,BTC-30MAY25-150000-C,96457.76,buy,0.1,0.1,,,,,,1746103411.54
767,364098057,1746103426173,1,0.0011,0.00110909,69.75,BTC-30MAY25-150000-C,96457.94,sell,1.0,1.0,,,,,,1746103426.173
768,364099242,1746104109893,1,0.0011,0.00109532,69.86,BTC-30MAY25-150000-C,96384.92,buy,0.1,0.1,,,,,,1746104109.893
769,364117861,1746108417399,1,0.0011,0.00121671,70.18,BTC-30MAY25-150000-C,96234.27,sell,3.0,3.0,,,,,,1746108417.399
770,364117985,1746108442029,1,0.0011,0.00121526,70.19,BTC-30MAY25-150000-C,96229.61,sell,3.0,3.0,,,,,,1746108442.029
771,364140171,1746114040001,0,0.0012,0.00115054,69.83,BTC-30MAY25-150000-C,97152.21,buy,0.1,0.1,,,,,,1746114040.001
772,364140172,1746114040001,1,0.0012,0.00115054,69.83,BTC-30MAY25-150000-C,97152.21,buy,12.0,12.0,,,,,,1746114040.001
773,364147498,1746117479519,1,0.0012,0.00126655,69.55,BTC-30MAY25-150000-C,97369.79,sell,2.9,2.9,,,,,,1746117479.519
774,364181659,1746143059944,2,0.0011,0.00115262,70.52,BTC-30MAY25-150000-C,96348.25,sell,0.3,0.3,,,,,,1746143059.944
775,364213206,1746162571913,3,0.0011,0.00119639,69.73,BTC-30MAY25-150000-C,97006.64,sell,15.6,15.6,,,,,,1746162571.913
776,364213228,1746162615104,3,0.0011,0.00119243,69.74,BTC-30MAY25-150000-C,97002.13,sell,3.0,3.0,,,,,,1746162615.104
777,364214275,1746163441722,3,0.0011,0.00109772,70.01,BTC-30MAY25-150000-C,96853.81,buy,0.1,0.1,,,,,,1746163441.722
778,364214276,1746163441742,3,0.0011,0.00109772,70.01,BTC-30MAY25-150000-C,96853.81,sell,10.9,10.9,,,,,,1746163441.742
779,364217897,1746166016013,3,0.0011,0.00109813,70.18,BTC-30MAY25-150000-C,96723.59,buy,0.1,0.1,,,,,,1746166016.013
780,364217898,1746166016037,3,0.0011,0.00109813,70.18,BTC-30MAY25-150000-C,96723.59,sell,32.9,32.9,,,,,,1746166016.037
781,364217906,1746166023350,3,0.0011,0.00109853,70.18,BTC-30MAY25-150000-C,96728.76,sell,33.0,33.0,,,,,,1746166023.35
782,364218753,1746166480876,3,0.0011,0.00110563,70.17,BTC-30MAY25-150000-C,96742.27,buy,0.1,0.1,,,,,,1746166480.876
783,364218754,1746166480891,3,0.0011,0.00110563,70.17,BTC-30MAY25-150000-C,96742.27,sell,0.2,0.2,,,,,,1746166480.891
784,364218761,1746166484900,3,0.0011,0.00110615,70.17,BTC-30MAY25-150000-C,96743.21,sell,1.7,1.7,,,,,,1746166484.9
785,364218766,1746166488062,3,0.0011,0.00110625,70.17,BTC-30MAY25-150000-C,96743.42,sell,12.0,12.0,,,,,,1746166488.062
786,364223509,1746169005352,3,0.0011,0.0010942,70.25,BTC-30MAY25-150000-C,96723.04,buy,0.1,0.1,,,,,,1746169005.352
787,364230028,1746170940326,3,0.0011,0.00115795,70.34,BTC-30MAY25-150000-C,96682.54,sell,0.1,0.1,,,,,,1746170940.326
788,364234817,1746171866977,3,0.0011,0.00115903,70.57,BTC-30MAY25-150000-C,96525.03,sell,0.8,0.8,,,,,,1746171866.977
789,364246947,1746175439815,3,0.0011,0.0011102,70.19,BTC-30MAY25-150000-C,96778.6,buy,0.1,0.1,,,,,,1746175439.815
790,364249005,1746176624342,3,0.0011,0.00116992,70.52,BTC-30MAY25-150000-C,96578.56,sell,0.1,0.1,,,,,,1746176624.342
791,364251005,1746177574963,3,0.0011,0.00116507,70.35,BTC-30MAY25-150000-C,96744.1,sell,4.8,4.8,,,,,,1746177574.963
792,364251274,1746177807890,3,0.0011,0.00113254,70.42,BTC-30MAY25-150000-C,96702.91,buy,0.1,0.1,,,,,,1746177807.89
793,364251973,1746178786955,3,0.0011,0.00113944,70.51,BTC-30MAY25-150000-C,96663.69,sell,2.8,2.8,,,,,,1746178786.955
794,364253858,1746180647991,3,0.0011,0.00110415,70.37,BTC-30MAY25-150000-C,96790.94,buy,0.1,0.1,,,,,,1746180647.991
795,364254272,1746181010296,3,0.0011,0.00110789,70.31,BTC-30MAY25-150000-C,96841.44,sell,0.1,0.1,,,,,,1746181010.296
797,364290507,1746197332362,3,0.0011,0.00109343,69.59,BTC-30MAY25-150000-C,97575.22,buy,1.0,1.0,,,,,,1746197332.362
796,364290506,1746197332362,3,0.0011,0.00109343,69.59,BTC-30MAY25-150000-C,97575.22,buy,0.1,0.1,,,,,,1746197332.362
798,364290508,1746197332369,3,0.0011,0.00109343,69.59,BTC-30MAY25-150000-C,97575.22,sell,0.9,0.9,,,,,,1746197332.369
802,364323254,1746208695198,3,0.001,0.00105723,69.14,BTC-30MAY25-150000-C,97449.01,sell,0.1,0.1,,,,,,1746208695.198
800,364323252,1746208695198,3,0.001,0.00105723,69.14,BTC-30MAY25-150000-C,97449.01,sell,33.0,33.0,,,,,,1746208695.198
801,364323253,1746208695198,3,0.001,0.00105723,69.14,BTC-30MAY25-150000-C,97449.01,sell,33.0,33.0,,,,,,1746208695.198
799,364323251,1746208695198,2,0.001,0.00105723,69.14,BTC-30MAY25-150000-C,97449.01,sell,3.0,3.0,,,,,,1746208695.198
803,364353730,1746222060402,3,0.001,0.00096943,70.02,BTC-30MAY25-150000-C,96894.5,buy,0.1,0.1,,,,,,1746222060.402
804,364353731,1746222060404,3,0.001,0.00096943,70.02,BTC-30MAY25-150000-C,96894.5,sell,0.9,0.9,,,,,,1746222060.404
805,364390179,1746253328590,2,0.0009,0.00094218,70.44,BTC-30MAY25-150000-C,96321.79,sell,2.2,2.2,,,,,,1746253328.59
806,364391181,1746255040083,3,0.0009,0.00085675,70.61,BTC-30MAY25-150000-C,96230.95,buy,0.1,0.1,,,,,,1746255040.083
807,364391182,1746255040091,3,0.0009,0.00085675,70.61,BTC-30MAY25-150000-C,96230.95,sell,0.2,0.2,,,,,,1746255040.091
808,364391187,1746255042727,3,0.0009,0.0008552,70.64,BTC-30MAY25-150000-C,96208.55,sell,0.8,0.8,,,,,,1746255042.727
809,364392716,1746256937702,3,0.0009,0.0008717,70.53,BTC-30MAY25-150000-C,96277.71,buy,0.1,0.1,,,,,,1746256937.702
810,364392717,1746256937732,3,0.0009,0.0008717,70.53,BTC-30MAY25-150000-C,96277.71,sell,0.9,0.9,,,,,,1746256937.732
811,364461988,1746276149542,3,0.0009,0.00086104,71.11,BTC-30MAY25-150000-C,96148.62,buy,0.1,0.1,,,,,,1746276149.542
812,364461989,1746276149542,3,0.0009,0.00086104,71.11,BTC-30MAY25-150000-C,96148.62,buy,0.1,0.1,,,,,,1746276149.542
813,364487798,1746290534420,3,0.0009,0.00091641,71.24,BTC-30MAY25-150000-C,96169.26,sell,1.0,1.0,,,,,,1746290534.42
814,364554811,1746326461567,2,0.0008,0.00081429,70.9,BTC-30MAY25-150000-C,96042.66,sell,1.1,1.1,,,,,,1746326461.567
815,364564303,1746338777437,2,0.0007,0.00066064,69.85,BTC-30MAY25-150000-C,96104.58,buy,0.1,0.1,,,,,,1746338777.437
816,364625375,1746376478517,3,0.0007,0.00074135,71.47,BTC-30MAY25-150000-C,95403.28,sell,10.0,10.0,,,,,,1746376478.517
818,364662105,1746400254495,3,0.0007,0.00074126,72.81,BTC-30MAY25-150000-C,94796.99,sell,0.1,0.1,,,,,,1746400254.495
817,364662104,1746400254495,3,0.0007,0.00074126,72.81,BTC-30MAY25-150000-C,94796.99,sell,14.8,14.8,,,,,,1746400254.495
819,364675946,1746405278833,3,0.0007,0.00065198,73.03,BTC-30MAY25-150000-C,94698.04,buy,0.1,0.1,,,,,,1746405278.833
820,364691737,1746412671743,3,0.0007,0.00070382,73.58,BTC-30MAY25-150000-C,94371.26,sell,0.9,0.9,,,,,,1746412671.743
822,364695226,1746416068954,3,0.0006,0.00067788,72.55,BTC-30MAY25-150000-C,94157.13,sell,1.3,1.3,,,,,,1746416068.954
821,364695225,1746416068954,2,0.0006,0.00067788,72.55,BTC-30MAY25-150000-C,94157.13,sell,0.1,0.1,,,,,,1746416068.954
823,364695227,1746416068961,3,0.0006,0.00067788,72.55,BTC-30MAY25-150000-C,94157.13,buy,0.2,0.2,,,,,,1746416068.961
824,364741342,1746452178006,0,0.0007,0.00072766,74.47,BTC-30MAY25-150000-C,94190.6,sell,1.1,1.1,,,,,,1746452178.006
825,364757607,1746455036006,1,0.0007,0.00072333,74.95,BTC-30MAY25-150000-C,93903.52,sell,2.9,2.9,,,,,,1746455036.006
826,364817188,1746496032488,2,0.0006,0.00062927,73.61,BTC-30MAY25-150000-C,94354.72,sell,1.0,1.0,,,,,,1746496032.488
827,364817367,1746496179027,3,0.0006,0.00063265,73.63,BTC-30MAY25-150000-C,94339.04,sell,1.0,1.0,,,,,,1746496179.027
829,364822647,1746499803291,3,0.0006,0.0006588,73.75,BTC-30MAY25-150000-C,94298.67,sell,0.1,0.1,,,,,,1746499803.291
828,364822646,1746499803291,3,0.0006,0.0006588,73.75,BTC-30MAY25-150000-C,94298.67,sell,3.0,3.0,,,,,,1746499803.291
830,364832275,1746513412458,3,0.0006,0.00060565,73.82,BTC-30MAY25-150000-C,94441.37,sell,0.5,0.5,,,,,,1746513412.458
831,364833375,1746515443984,3,0.0006,0.0005963,73.74,BTC-30MAY25-150000-C,94542.19,sell,0.9,0.9,,,,,,1746515443.984
832,364833659,1746516076208,3,0.0006,0.00061132,73.91,BTC-30MAY25-150000-C,94436.34,sell,1.1,1.1,,,,,,1746516076.208
833,364948996,1746574481489,3,0.0006,0.00056874,71.83,BTC-30MAY25-150000-C,96544.02,buy,0.1,0.1,,,,,,1746574481.489
835,364965854,1746580255638,1,0.0007,0.00065304,71.93,BTC-30MAY25-150000-C,97490.24,buy,0.1,0.1,,,,,,1746580255.638
836,364965855,1746580255638,1,0.0007,0.00065304,71.93,BTC-30MAY25-150000-C,97490.24,buy,15.0,15.0,,,,,,1746580255.638
834,364965853,1746580255638,0,0.0007,0.00065304,71.93,BTC-30MAY25-150000-C,97490.24,buy,0.1,0.1,,,,,,1746580255.638
837,364965856,1746580255644,1,0.0007,0.00065304,71.93,BTC-30MAY25-150000-C,97490.24,sell,2.4,2.4,,,,,,1746580255.644
839,364974418,1746584109897,1,0.0007,0.00074,72.76,BTC-30MAY25-150000-C,96952.16,sell,5.0,5.0,,,,,,1746584109.897
838,364974417,1746584109897,1,0.0007,0.00074,72.76,BTC-30MAY25-150000-C,96952.16,sell,0.7,0.7,,,,,,1746584109.897
840,364976689,1746585038207,2,0.0006,0.00065401,71.56,BTC-30MAY25-150000-C,96885.78,sell,0.5,0.5,,,,,,1746585038.207
841,364988136,1746593691902,3,0.0006,0.00065814,72.19,BTC-30MAY25-150000-C,96557.36,sell,4.4,4.4,,,,,,1746593691.902
845,364999352,1746607150221,3,0.0005,0.00060285,70.26,BTC-30MAY25-150000-C,97020.88,sell,3.0,3.0,,,,,,1746607150.221
842,364999349,1746607150221,2,0.0005,0.00060285,70.26,BTC-30MAY25-150000-C,97020.88,sell,1.5,1.5,,,,,,1746607150.221
843,364999350,1746607150221,3,0.0005,0.00060285,70.26,BTC-30MAY25-150000-C,97020.88,sell,0.1,0.1,,,,,,1746607150.221
844,364999351,1746607150221,3,0.0005,0.00060285,70.26,BTC-30MAY25-150000-C,97020.88,sell,3.0,3.0,,,,,,1746607150.221
846,365000163,1746608250661,3,0.0005,0.00051949,70.29,BTC-30MAY25-150000-C,97017.5,buy,0.1,0.1,,,,,,1746608250.661
848,365032090,1746637577514,3,0.0005,0.00058311,71.17,BTC-30MAY25-150000-C,96793.82,sell,2.0,2.0,,,,,,1746637577.514
847,365032089,1746637577514,3,0.0005,0.00058311,71.17,BTC-30MAY25-150000-C,96793.82,sell,0.1,0.1,,,,,,1746637577.514
849,365074247,1746651535033,2,0.0004,0.00044954,69.76,BTC-30MAY25-150000-C,96727.1,sell,0.1,0.1,,,,,,1746651535.033
851,365081390,1746655204183,3,0.0004,0.00039163,69.11,BTC-30MAY25-150000-C,97189.5,buy,0.1,0.1,,,,,,1746655204.183
850,365081389,1746655204183,3,0.0004,0.00039163,69.11,BTC-30MAY25-150000-C,97189.5,buy,0.9,0.9,,,,,,1746655204.183
852,365084672,1746657640704,0,0.0005,0.00044676,70.89,BTC-30MAY25-150000-C,97206.15,buy,0.1,0.1,,,,,,1746657640.704
853,365086255,1746658567001,1,0.0005,0.00050514,70.92,BTC-30MAY25-150000-C,97190.14,sell,0.7,0.7,,,,,,1746658567.001
854,365089873,1746661626198,1,0.0005,0.0004879,71.26,BTC-30MAY25-150000-C,97001.27,sell,0.2,0.2,,,,,,1746661626.198
855,365164239,1746691102792,0,0.0006,0.00049839,70.02,BTC-30MAY25-150000-C,99251.95,buy,1.0,1.0,,,,,,1746691102.792
856,365164253,1746691108977,1,0.0006,0.00049887,70.02,BTC-30MAY25-150000-C,99251.75,buy,14.0,14.0,,,,,,1746691108.977
857,365164254,1746691110611,1,0.0006,0.00050127,70.02,BTC-30MAY25-150000-C,99251.9,sell,0.4,0.4,,,,,,1746691110.611
859,365169499,1746691868458,1,0.0006,0.00066565,69.63,BTC-30MAY25-150000-C,99522.39,sell,10.0,10.0,,,,,,1746691868.458
858,365169498,1746691868458,1,0.0006,0.00066565,69.63,BTC-30MAY25-150000-C,99522.39,sell,0.6,0.6,,,,,,1746691868.458
860,365169562,1746691883428,1,0.0006,0.0006598,69.66,BTC-30MAY25-150000-C,99505.63,buy,4.4,4.4,,,,,,1746691883.428
861,365212178,1746708264334,1,0.0006,0.00063674,70.18,BTC-30MAY25-150000-C,99281.37,sell,0.6,0.6,,,,,,1746708264.334
862,365212179,1746708264334,1,0.0006,0.00063674,70.18,BTC-30MAY25-150000-C,99281.37,sell,5.0,5.0,,,,,,1746708264.334
863,365212405,1746708370235,2,0.0005,0.00063274,68.58,BTC-30MAY25-150000-C,99332.91,sell,0.4,0.4,,,,,,1746708370.235
864,365236871,1746717872864,0,0.0006,0.00059182,68.9,BTC-30MAY25-150000-C,100275.59,buy,0.1,0.1,,,,,,1746717872.864
865,365240007,1746717957240,1,0.0006,0.00064625,68.55,BTC-30MAY25-150000-C,100537.3,sell,4.9,4.9,,,,,,1746717957.24
866,365242096,1746718170244,1,0.0006,0.00057851,68.23,BTC-30MAY25-150000-C,100778.36,buy,10.1,10.1,,,,,,1746718170.244
867,365242097,1746718170244,1,0.0006,0.00057851,68.23,BTC-30MAY25-150000-C,100778.36,buy,0.1,0.1,,,,,,1746718170.244
869,365251010,1746718923403,1,0.0007,0.00067089,68.82,BTC-30MAY25-150000-C,101249.38,buy,15.0,15.0,,,,,,1746718923.403
868,365251009,1746718923403,0,0.0007,0.00067089,68.82,BTC-30MAY25-150000-C,101249.38,buy,0.9,0.9,,,,,,1746718923.403
870,365251011,1746718923426,1,0.0007,0.00067089,68.82,BTC-30MAY25-150000-C,101249.38,sell,6.1,6.1,,,,,,1746718923.426
871,365251132,1746718941954,1,0.0007,0.00068002,68.64,BTC-30MAY25-150000-C,101367.32,buy,0.1,0.1,,,,,,1746718941.954
872,365251133,1746718941970,1,0.0007,0.00068002,68.64,BTC-30MAY25-150000-C,101367.32,sell,1.9,1.9,,,,,,1746718941.97
873,365253237,1746719114495,1,0.0007,0.00067825,68.77,BTC-30MAY25-150000-C,101287.65,sell,1.2,1.2,,,,,,1746719114.495
875,365255196,1746719473598,1,0.0008,0.00073185,69.74,BTC-30MAY25-150000-C,101443.93,buy,0.9,0.9,,,,,,1746719473.598
874,365255195,1746719473598,0,0.0008,0.00073185,69.74,BTC-30MAY25-150000-C,101443.93,buy,0.1,0.1,,,,,,1746719473.598
876,365255296,1746719490773,1,0.0008,0.00072459,69.82,BTC-30MAY25-150000-C,101398.8,buy,1.0,1.0,,,,,,1746719490.773
878,365256962,1746719563624,1,0.0008,0.00068438,70.46,BTC-30MAY25-150000-C,100978.92,buy,1.7,1.7,,,,,,1746719563.624
877,365256961,1746719563624,1,0.0008,0.00068438,70.46,BTC-30MAY25-150000-C,100978.92,buy,0.3,0.3,,,,,,1746719563.624
879,365258978,1746719924053,2,0.0007,0.00071089,69.41,BTC-30MAY25-150000-C,100861.54,sell,1.0,1.0,,,,,,1746719924.053
880,365270028,1746723600895,3,0.0007,0.00069321,68.84,BTC-30MAY25-150000-C,101311.72,buy,0.1,0.1,,,,,,1746723600.895
881,365270029,1746723600897,3,0.0007,0.00069321,68.84,BTC-30MAY25-150000-C,101311.72,sell,0.9,0.9,,,,,,1746723600.897
882,365272653,1746724950811,3,0.0007,0.00066234,68.66,BTC-30MAY25-150000-C,101433.72,buy,0.1,0.1,,,,,,1746724950.811
883,365301777,1746736833554,3,0.0007,0.00074927,67.8,BTC-30MAY25-150000-C,102189.65,buy,0.1,0.1,,,,,,1746736833.554
884,365344278,1746742848359,0,0.0008,0.00076257,68.09,BTC-30MAY25-150000-C,102845.25,buy,10.0,10.0,,,,,,1746742848.359
885,365344279,1746742848359,1,0.0008,0.00076257,68.09,BTC-30MAY25-150000-C,102845.25,buy,0.1,0.1,,,,,,1746742848.359
886,365357951,1746748552428,1,0.0008,0.00076241,67.77,BTC-30MAY25-150000-C,103102.73,buy,0.1,0.1,,,,,,1746748552.428
887,365360551,1746750056520,1,0.0008,0.00085351,67.71,BTC-30MAY25-150000-C,103154.91,sell,1.9,1.9,,,,,,1746750056.52
888,365360666,1746750103314,1,0.0008,0.0008338,67.88,BTC-30MAY25-150000-C,103054.75,buy,0.1,0.1,,,,,,1746750103.314
889,365363988,1746751034809,1,0.0008,0.00079508,68.51,BTC-30MAY25-150000-C,102632.58,sell,0.9,0.9,,,,,,1746751034.809
890,365376784,1746757407332,1,0.0008,0.00077222,68.43,BTC-30MAY25-150000-C,102758.12,buy,0.1,0.1,,,,,,1746757407.332
891,365376785,1746757407350,1,0.0008,0.00077222,68.43,BTC-30MAY25-150000-C,102758.12,sell,0.9,0.9,,,,,,1746757407.35
892,365377905,1746758363205,1,0.0008,0.00079139,68.49,BTC-30MAY25-150000-C,102708.17,buy,0.1,0.1,,,,,,1746758363.205
894,365378552,1746758857193,1,0.0009,0.00079951,69.76,BTC-30MAY25-150000-C,102600.72,buy,0.6,0.6,,,,,,1746758857.193
893,365378551,1746758857193,0,0.0009,0.00079951,69.76,BTC-30MAY25-150000-C,102600.72,buy,0.3,0.3,,,,,,1746758857.193
895,365383219,1746761625974,2,0.0008,0.00076257,68.82,BTC-30MAY25-150000-C,102534.54,buy,0.1,0.1,,,,,,1746761625.974
896,365384020,1746762091532,3,0.0008,0.00078785,68.94,BTC-30MAY25-150000-C,102464.35,sell,0.9,0.9,,,,,,1746762091.532
897,365393839,1746770908384,2,0.0007,0.00074953,67.23,BTC-30MAY25-150000-C,102959.92,sell,4.9,4.9,,,,,,1746770908.384
898,365393840,1746770908384,3,0.0007,0.00074953,67.23,BTC-30MAY25-150000-C,102959.92,sell,0.1,0.1,,,,,,1746770908.384
899,365402165,1746774547833,3,0.0007,0.00077712,66.74,BTC-30MAY25-150000-C,103398.58,sell,0.1,0.1,,,,,,1746774547.833
900,365407410,1746775446233,3,0.0007,0.00077899,66.25,BTC-30MAY25-150000-C,103763.59,sell,1.9,1.9,,,,,,1746775446.233
901,365416417,1746776606058,3,0.0007,0.00077864,66.06,BTC-30MAY25-150000-C,103925.81,sell,3.5,3.5,,,,,,1746776606.058
902,365425209,1746777179834,0,0.0008,0.00073541,67.27,BTC-30MAY25-150000-C,103924.66,buy,0.1,0.1,,,,,,1746777179.834
903,365425210,1746777179834,1,0.0008,0.00073541,67.27,BTC-30MAY25-150000-C,103924.66,buy,4.9,4.9,,,,,,1746777179.834
904,365432344,1746777915034,1,0.0008,0.00077826,67.67,BTC-30MAY25-150000-C,103658.0,sell,2.0,2.0,,,,,,1746777915.034
905,365451273,1746780640329,2,0.0007,0.00070992,67.46,BTC-30MAY25-150000-C,102919.65,sell,0.5,0.5,,,,,,1746780640.329
906,365457387,1746782402492,2,0.0006,0.00070668,66.2,BTC-30MAY25-150000-C,102929.02,sell,4.8,4.8,,,,,,1746782402.492
907,365457388,1746782402492,3,0.0006,0.00070668,66.2,BTC-30MAY25-150000-C,102929.02,sell,1.0,1.0,,,,,,1746782402.492
908,365457389,1746782402492,3,0.0006,0.00070668,66.2,BTC-30MAY25-150000-C,102929.02,sell,2.0,2.0,,,,,,1746782402.492
909,365457400,1746782407856,3,0.0006,0.00070881,66.17,BTC-30MAY25-150000-C,102951.23,buy,0.2,0.2,,,,,,1746782407.856
910,365457401,1746782407856,0,0.0007,0.00070881,67.48,BTC-30MAY25-150000-C,102951.23,buy,0.1,0.1,,,,,,1746782407.856
911,365457521,1746782458067,1,0.0007,0.00070915,67.46,BTC-30MAY25-150000-C,102966.42,sell,0.1,0.1,,,,,,1746782458.067
912,365478562,1746791756565,1,0.0007,0.00072231,67.59,BTC-30MAY25-150000-C,102986.52,sell,0.4,0.4,,,,,,1746791756.565
914,365478610,1746791790227,1,0.0007,0.0007222,67.54,BTC-30MAY25-150000-C,103013.38,sell,1.0,1.0,,,,,,1746791790.227
913,365478609,1746791790227,1,0.0007,0.0007222,67.54,BTC-30MAY25-150000-C,103013.38,sell,0.2,0.2,,,,,,1746791790.227
915,365481361,1746792812235,0,0.0008,0.00071595,68.85,BTC-30MAY25-150000-C,102948.43,buy,0.1,0.1,,,,,,1746792812.235
916,365481518,1746793050626,2,0.0007,0.00071357,67.73,BTC-30MAY25-150000-C,102915.11,sell,1.0,1.0,,,,,,1746793050.626
917,365485678,1746797221406,2,0.0006,0.00062528,66.4,BTC-30MAY25-150000-C,102983.08,sell,0.1,0.1,,,,,,1746797221.406
918,365491385,1746798865485,0,0.0007,0.00064433,66.68,BTC-30MAY25-150000-C,103673.54,buy,2.0,2.0,,,,,,1746798865.485
919,365491386,1746798865485,1,0.0007,0.00064433,66.68,BTC-30MAY25-150000-C,103673.54,buy,0.1,0.1,,,,,,1746798865.485
920,365491387,1746798865485,1,0.0007,0.00064433,66.68,BTC-30MAY25-150000-C,103673.54,buy,15.0,15.0,,,,,,1746798865.485
921,365506630,1746802182321,1,0.0007,0.00071728,67.94,BTC-30MAY25-150000-C,102878.85,buy,0.1,0.1,,,,,,1746802182.321
922,365518802,1746808310200,1,0.0007,0.00072277,68.18,BTC-30MAY25-150000-C,102821.58,sell,0.9,0.9,,,,,,1746808310.2
923,365542128,1746833316764,0,0.0008,0.00069403,69.67,BTC-30MAY25-150000-C,102971.18,buy,1.0,1.0,,,,,,1746833316.764
924,365542129,1746833316764,1,0.0008,0.00069403,69.67,BTC-30MAY25-150000-C,102971.18,buy,0.1,0.1,,,,,,1746833316.764
925,365545775,1746838710960,2,0.0007,0.00074603,68.7,BTC-30MAY25-150000-C,102871.98,sell,1.0,1.0,,,,,,1746838710.96
927,365558498,1746858583664,1,0.0008,0.00073869,69.09,BTC-30MAY25-150000-C,103676.59,buy,0.1,0.1,,,,,,1746858583.664
926,365558497,1746858583664,0,0.0008,0.00073869,69.09,BTC-30MAY25-150000-C,103676.59,buy,0.1,0.1,,,,,,1746858583.664
928,365558499,1746858583664,1,0.0008,0.00073869,69.09,BTC-30MAY25-150000-C,103676.59,buy,15.0,15.0,,,,,,1746858583.664
929,365581705,1746868555907,1,0.0008,0.00078575,69.43,BTC-30MAY25-150000-C,103511.93,buy,0.1,0.1,,,,,,1746868555.907
930,365599588,1746887960146,1,0.0008,0.00084629,69.77,BTC-30MAY25-150000-C,103542.91,sell,1.9,1.9,,,,,,1746887960.146
931,365600498,1746888834337,1,0.0008,0.00080452,69.77,BTC-30MAY25-150000-C,103544.9,buy,0.1,0.1,,,,,,1746888834.337
932,365621625,1746905666274,1,0.0008,0.00073377,70.51,BTC-30MAY25-150000-C,103297.9,buy,50.0,50.0,3.0,BLOCK-197382,BTC-CBUT-30MAY25-110000_130000_150000,,,1746905666.274
933,365624902,1746911586373,2,0.0007,0.00074768,69.54,BTC-30MAY25-150000-C,103229.09,sell,0.1,0.1,,,,,,1746911586.373
934,365624904,1746911591111,3,0.0007,0.00074831,69.54,BTC-30MAY25-150000-C,103231.6,sell,0.1,0.1,,,,,,1746911591.111
935,365624905,1746911595398,3,0.0007,0.00074819,69.54,BTC-30MAY25-150000-C,103231.83,sell,0.1,0.1,,,,,,1746911595.398
936,365675985,1746921752252,0,0.0008,0.00081236,68.4,BTC-30MAY25-150000-C,104868.49,buy,0.1,0.1,,,,,,1746921752.252
937,365687702,1746923989019,1,0.0008,0.0008406,69.57,BTC-30MAY25-150000-C,104162.48,sell,0.9,0.9,,,,,,1746923989.019
939,365693735,1746927425285,1,0.0008,0.0008217,69.24,BTC-30MAY25-150000-C,104420.62,sell,1.0,1.0,,,,,,1746927425.285
938,365693734,1746927425285,1,0.0008,0.0008217,69.24,BTC-30MAY25-150000-C,104420.62,sell,0.1,0.1,,,,,,1746927425.285
940,365705301,1746934084990,1,0.0008,0.00083182,70.05,BTC-30MAY25-150000-C,103969.16,sell,1.1,1.1,,,,,,1746934084.99
941,365722934,1746948610163,2,0.0007,0.00071116,69.58,BTC-30MAY25-150000-C,103692.33,sell,0.8,0.8,,,,,,1746948610.163
942,365723074,1746948725193,3,0.0007,0.000687,69.65,BTC-30MAY25-150000-C,103654.76,buy,0.1,0.1,,,,,,1746948725.193
943,365728843,1746950890080,3,0.0007,0.000738,69.52,BTC-30MAY25-150000-C,103724.66,sell,0.4,0.4,,,,,,1746950890.08
944,365730170,1746951334767,3,0.0007,0.00066951,69.38,BTC-30MAY25-150000-C,103806.42,buy,14.6,14.6,,,,,,1746951334.767
946,365738446,1746956683555,3,0.0007,0.00068592,68.79,BTC-30MAY25-150000-C,104279.69,buy,0.9,0.9,,,,,,1746956683.555
945,365738445,1746956683555,3,0.0007,0.00068592,68.79,BTC-30MAY25-150000-C,104279.69,buy,0.1,0.1,,,,,,1746956683.555
947,365739866,1746957371494,2,0.0006,0.00066098,67.28,BTC-30MAY25-150000-C,104408.79,sell,5.0,5.0,,,,,,1746957371.494
948,365739867,1746957371494,3,0.0006,0.00066098,67.28,BTC-30MAY25-150000-C,104408.79,sell,1.0,1.0,,,,,,1746957371.494
949,365739897,1746957417722,3,0.0006,0.00065119,67.27,BTC-30MAY25-150000-C,104416.91,buy,9.0,9.0,,,,,,1746957417.722
950,365744780,1746961251447,3,0.0006,0.00064396,66.85,BTC-30MAY25-150000-C,104723.85,sell,1.0,1.0,,,,,,1746961251.447
951,365745581,1746961889592,3,0.0006,0.00056425,67.11,BTC-30MAY25-150000-C,104573.84,buy,14.0,14.0,,,,,,1746961889.592
952,365748900,1746965354305,3,0.0006,0.00067381,66.72,BTC-30MAY25-150000-C,104877.68,sell,4.0,4.0,,,,,,1746965354.305
953,365749171,1746965388265,3,0.0006,0.00064639,66.91,BTC-30MAY25-150000-C,104767.68,buy,11.0,11.0,,,,,,1746965388.265
954,365753422,1746969476362,3,0.0006,0.00061414,67.33,BTC-30MAY25-150000-C,104550.01,sell,1.0,1.0,,,,,,1746969476.362
955,365761728,1746975352413,3,0.0006,0.00064502,68.03,BTC-30MAY25-150000-C,104177.88,sell,2.0,2.0,,,,,,1746975352.413
956,365784053,1746990557454,3,0.0006,0.00063538,67.92,BTC-30MAY25-150000-C,104465.96,sell,2.0,2.0,,,,,,1746990557.454
957,365801627,1747004102881,0,0.0007,0.00062431,70.74,BTC-30MAY25-150000-C,103765.38,buy,0.1,0.1,,,,,,1747004102.881
958,365801628,1747004102881,1,0.0007,0.00062431,70.74,BTC-30MAY25-150000-C,103765.38,buy,1.3,1.3,,,,,,1747004102.881
959,365836174,1747021006153,2,0.0006,0.00063041,69.38,BTC-30MAY25-150000-C,103965.69,sell,1.1,1.1,,,,,,1747021006.153
960,365836509,1747021116280,3,0.0006,0.00061411,69.54,BTC-30MAY25-150000-C,103882.2,sell,0.3,0.3,,,,,,1747021116.28
961,365838552,1747023221390,3,0.0006,0.00057927,69.27,BTC-30MAY25-150000-C,104041.51,buy,1.0,1.0,,,,,,1747023221.39
962,365840476,1747024294136,3,0.0006,0.00063019,69.44,BTC-30MAY25-150000-C,103948.57,sell,0.4,0.4,,,,,,1747024294.136
963,365842322,1747026523419,3,0.0006,0.00060094,69.46,BTC-30MAY25-150000-C,104008.8,sell,1.0,1.0,,,,,,1747026523.419
964,365844120,1747028954322,3,0.0006,0.00060074,69.59,BTC-30MAY25-150000-C,103970.07,sell,0.1,0.1,,,,,,1747028954.322
965,365855428,1747033445198,3,0.0006,0.0007204,67.31,BTC-30MAY25-150000-C,105413.7,sell,1.1,1.1,,,,,,1747033445.198
966,365857486,1747033542639,3,0.0006,0.00059206,66.77,BTC-30MAY25-150000-C,105717.65,buy,13.9,13.9,,,,,,1747033542.639
967,365857487,1747033542639,3,0.0006,0.00059206,66.77,BTC-30MAY25-150000-C,105717.65,buy,0.1,0.1,,,,,,1747033542.639
968,365857488,1747033542651,3,0.0006,0.00059206,66.77,BTC-30MAY25-150000-C,105717.65,sell,1.0,1.0,,,,,,1747033542.651
969,365858304,1747033621932,3,0.0006,0.00058803,66.92,BTC-30MAY25-150000-C,105638.71,sell,1.0,1.0,,,,,,1747033621.932
970,365863559,1747034325644,3,0.0006,0.00059783,67.52,BTC-30MAY25-150000-C,105297.68,sell,2.0,2.0,,,,,,1747034325.644
971,365864964,1747034633930,3,0.0006,0.00058704,67.18,BTC-30MAY25-150000-C,105500.77,buy,13.0,13.0,,,,,,1747034633.93
972,365864965,1747034633930,3,0.0006,0.00058704,67.18,BTC-30MAY25-150000-C,105500.77,buy,0.1,0.1,,,,,,1747034633.93
974,365886322,1747037220902,3,0.0006,0.00064912,69.34,BTC-30MAY25-150000-C,104234.18,sell,0.1,0.1,,,,,,1747037220.902
973,365886321,1747037220902,3,0.0006,0.00064912,69.34,BTC-30MAY25-150000-C,104234.18,sell,0.9,0.9,,,,,,1747037220.902
975,365895699,1747042070274,3,0.0006,0.00061213,69.17,BTC-30MAY25-150000-C,104434.13,sell,0.8,0.8,,,,,,1747042070.274
976,365942051,1747059677939,3,0.0006,0.00058268,70.21,BTC-30MAY25-150000-C,104092.74,buy,0.1,0.1,,,,,,1747059677.939
977,365959497,1747061168983,3,0.0006,0.00061861,71.36,BTC-30MAY25-150000-C,103380.0,sell,0.9,0.9,,,,,,1747061168.983
978,365960869,1747061375465,3,0.0006,0.00059366,71.71,BTC-30MAY25-150000-C,103151.49,buy,0.1,0.1,,,,,,1747061375.465
979,365975551,1747064375561,3,0.0006,0.00059482,72.56,BTC-30MAY25-150000-C,102695.62,sell,0.9,0.9,,,,,,1747064375.561
980,365975709,1747064438458,3,0.0006,0.00059615,72.52,BTC-30MAY25-150000-C,102710.13,buy,0.1,0.1,,,,,,1747064438.458
981,365975710,1747064438460,3,0.0006,0.00059615,72.52,BTC-30MAY25-150000-C,102710.13,sell,0.4,0.4,,,,,,1747064438.46
982,366021897,1747077233674,2,0.0005,0.00056324,72.34,BTC-30MAY25-150000-C,101941.36,sell,10.0,10.0,,,,,,1747077233.674
983,366039548,1747084902431,2,0.0004,0.00043839,69.91,BTC-30MAY25-150000-C,102441.88,sell,2.0,2.0,,,,,,1747084902.431
984,366039661,1747085153818,2,0.0003,0.0003946,67.67,BTC-30MAY25-150000-C,102430.02,buy,0.1,0.1,,,,,,1747085153.818
985,366044656,1747090813931,0,0.0004,0.00029289,69.37,BTC-30MAY25-150000-C,102872.9,buy,0.1,0.1,,,,,,1747090813.931
986,366044657,1747090813931,1,0.0004,0.00029289,69.37,BTC-30MAY25-150000-C,102872.9,buy,0.9,0.9,,,,,,1747090813.931
987,366046805,1747092359245,1,0.0004,0.00035554,69.08,BTC-30MAY25-150000-C,103078.02,buy,0.1,0.1,,,,,,1747092359.245
988,366046806,1747092359245,1,0.0004,0.00035554,69.08,BTC-30MAY25-150000-C,103078.02,buy,15.0,15.0,,,,,,1747092359.245
989,366046807,1747092359269,1,0.0004,0.00035554,69.08,BTC-30MAY25-150000-C,103078.02,sell,0.7,0.7,,,,,,1747092359.269
990,366059720,1747101531016,1,0.0004,0.00046757,70.27,BTC-30MAY25-150000-C,102476.15,sell,2.2,2.2,,,,,,1747101531.016
991,366095497,1747118019171,1,0.0004,0.00035434,70.65,BTC-30MAY25-150000-C,102426.27,buy,15.0,15.0,,,,,,1747118019.171
992,366097476,1747120282148,1,0.0004,0.0003859,70.18,BTC-30MAY25-150000-C,102735.89,buy,15.0,15.0,,,,,,1747120282.148
993,366111426,1747128904321,1,0.0004,0.00045503,69.46,BTC-30MAY25-150000-C,103333.1,sell,2.0,2.0,,,,,,1747128904.321
994,366122855,1747138062170,1,0.0004,0.00044856,69.06,BTC-30MAY25-150000-C,103726.37,sell,3.0,3.0,,,,,,1747138062.17
995,366122856,1747138062179,1,0.0004,0.00044856,69.06,BTC-30MAY25-150000-C,103726.37,buy,12.0,12.0,,,,,,1747138062.179
996,366138960,1747141905314,1,0.0004,0.00042014,69.36,BTC-30MAY25-150000-C,103619.23,sell,1.0,1.0,,,,,,1747141905.314
997,366138966,1747141933002,1,0.0004,0.00041908,69.36,BTC-30MAY25-150000-C,103621.58,sell,0.2,0.2,,,,,,1747141933.002
998,366138967,1747141933012,1,0.0004,0.00041908,69.36,BTC-30MAY25-150000-C,103621.58,buy,0.1,0.1,,,,,,1747141933.012
999,366216197,1747179033920,0,0.0005,0.0004851,71.47,BTC-30MAY25-150000-C,104000.55,buy,0.1,0.1,,,,,,1747179033.92
1000,366216215,1747179060238,1,0.0005,0.00048496,71.47,BTC-30MAY25-150000-C,104002.34,sell,0.3,0.3,,,,,,1747179060.238
1002,366361994,1747267770415,3,0.0004,0.00044761,72.77,BTC-30MAY25-150000-C,103566.58,sell,0.6,0.6,,,,,,1747267770.415
1001,366361993,1747267770415,2,0.0004,0.00044761,72.77,BTC-30MAY25-150000-C,103566.58,sell,2.0,2.0,,,,,,1747267770.415
1003,366448892,1747299471529,3,0.0004,0.00039428,75.83,BTC-30MAY25-150000-C,102319.51,buy,0.1,0.1,,,,,,1747299471.529
1006,366448895,1747299476389,1,0.0005,0.00039473,77.86,BTC-30MAY25-150000-C,102320.4,buy,15.0,15.0,,,,,,1747299476.389
1005,366448894,1747299476389,1,0.0005,0.00039473,77.86,BTC-30MAY25-150000-C,102320.4,buy,23.8,23.8,,,,,,1747299476.389
1004,366448893,1747299476389,0,0.0005,0.00039473,77.86,BTC-30MAY25-150000-C,102320.4,buy,0.1,0.1,,,,,,1747299476.389
1007,366448896,1747299476389,1,0.0005,0.00039473,77.86,BTC-30MAY25-150000-C,102320.4,buy,0.1,0.1,,,,,,1747299476.389
1008,366448897,1747299476389,1,0.0005,0.00039473,77.86,BTC-30MAY25-150000-C,102320.4,buy,0.3,0.3,,,,,,1747299476.389
1009,366448898,1747299476392,1,0.0005,0.00039473,77.86,BTC-30MAY25-150000-C,102320.4,sell,0.6,0.6,,,,,,1747299476.392
1010,366468432,1747305433947,1,0.0005,0.00042285,78.99,BTC-30MAY25-150000-C,101753.77,buy,0.5,0.5,,,,,,1747305433.947
1012,366547779,1747317066473,3,0.0004,0.00039151,77.49,BTC-30MAY25-150000-C,101675.58,sell,0.8,0.8,,,,,,1747317066.473
1011,366547778,1747317066473,2,0.0004,0.00039151,77.49,BTC-30MAY25-150000-C,101675.58,sell,0.2,0.2,,,,,,1747317066.473
1013,366547991,1747317076741,3,0.0004,0.00039419,77.45,BTC-30MAY25-150000-C,101695.1,sell,0.1,0.1,,,,,,1747317076.741
1014,366547992,1747317076756,3,0.0004,0.00039419,77.45,BTC-30MAY25-150000-C,101695.1,buy,0.4,0.4,,,,,,1747317076.756
1015,366696436,1747368073663,3,0.0004,0.00045096,74.8,BTC-30MAY25-150000-C,104113.56,sell,1.0,1.0,,,,,,1747368073.663
1016,366698045,1747369897275,3,0.0004,0.0004175,75.12,BTC-30MAY25-150000-C,103964.27,sell,1.0,1.0,,,,,,1747369897.275
1017,366703917,1747376116528,2,0.0003,0.00034924,72.9,BTC-30MAY25-150000-C,103966.76,sell,2.0,2.0,,,,,,1747376116.528
1018,366705954,1747378229007,3,0.0003,0.00029077,72.76,BTC-30MAY25-150000-C,104078.01,sell,0.6,0.6,,,,,,1747378229.007
1020,366705957,1747378235227,1,0.0004,0.00029067,75.2,BTC-30MAY25-150000-C,104073.61,buy,0.4,0.4,,,,,,1747378235.227
1019,366705956,1747378235227,0,0.0004,0.00029067,75.2,BTC-30MAY25-150000-C,104073.61,buy,5.0,5.0,,,,,,1747378235.227
1021,366705958,1747378235227,1,0.0004,0.00029067,75.2,BTC-30MAY25-150000-C,104073.61,buy,0.1,0.1,,,,,,1747378235.227
1022,366705959,1747378235234,1,0.0004,0.00029067,75.2,BTC-30MAY25-150000-C,104073.61,sell,0.5,0.5,,,,,,1747378235.234
1023,366724728,1747383325253,2,0.0003,0.00036308,74.1,BTC-30MAY25-150000-C,103485.99,sell,3.4,3.4,,,,,,1747383325.253
1024,366724729,1747383325253,3,0.0003,0.00036308,74.1,BTC-30MAY25-150000-C,103485.99,sell,5.5,5.5,,,,,,1747383325.253
1025,366784812,1747412374754,2,0.0002,0.00020108,70.51,BTC-30MAY25-150000-C,104174.66,buy,0.1,0.1,,,,,,1747412374.754
1026,366784883,1747412400417,3,0.0002,0.00020174,70.51,BTC-30MAY25-150000-C,104170.5,buy,16.5,16.5,,,,,,1747412400.417
1028,366807641,1747430401007,1,0.0003,0.00018249,74.95,BTC-30MAY25-150000-C,103676.11,buy,5.0,5.0,,,,,,1747430401.007
1027,366807640,1747430401007,0,0.0003,0.00018249,74.95,BTC-30MAY25-150000-C,103676.11,buy,0.1,0.1,,,,,,1747430401.007
1029,366814906,1747431731088,1,0.0003,0.00021237,74.94,BTC-30MAY25-150000-C,103703.55,buy,0.4,0.4,,,,,,1747431731.088
1030,366814982,1747431755684,1,0.0003,0.00021284,74.97,BTC-30MAY25-150000-C,103685.6,buy,0.3,0.3,,,,,,1747431755.684
1031,366824380,1747438406045,2,0.0002,0.00022926,72.2,BTC-30MAY25-150000-C,103607.86,buy,2.0,2.0,,,,,,1747438406.045
1032,366828921,1747442993293,0,0.0003,0.00031328,76.14,BTC-30MAY25-150000-C,103276.65,sell,1.1,1.1,,,,,,1747442993.293
1033,366830369,1747443955137,2,0.0001,0.00022338,68.54,BTC-30MAY25-150000-C,103016.53,sell,1.1,1.1,,,,,,1747443955.137
1034,366830801,1747444291069,3,0.0001,0.00022504,68.48,BTC-30MAY25-150000-C,103049.91,sell,1.4,1.4,,,,,,1747444291.069
1035,366846661,1747463113871,0,0.0002,0.00026425,73.35,BTC-30MAY25-150000-C,103421.86,sell,5.2,5.2,,,,,,1747463113.871
1036,366855312,1747472544285,1,0.0002,0.00018072,73.54,BTC-30MAY25-150000-C,103496.87,buy,0.6,0.6,,,,,,1747472544.285
1037,366855317,1747472550544,1,0.0002,0.00018071,73.54,BTC-30MAY25-150000-C,103496.35,buy,0.5,0.5,,,,,,1747472550.544
1038,366855349,1747472558565,1,0.0002,0.00018077,73.53,BTC-30MAY25-150000-C,103499.67,buy,0.5,0.5,,,,,,1747472558.565
1039,366855365,1747472571343,1,0.0002,0.00018055,73.55,BTC-30MAY25-150000-C,103491.6,buy,0.4,0.4,,,,,,1747472571.343
1040,366855387,1747472580838,1,0.0002,0.00017988,73.57,BTC-30MAY25-150000-C,103482.01,buy,0.4,0.4,,,,,,1747472580.838
1041,366855421,1747472591565,1,0.0002,0.000179,73.6,BTC-30MAY25-150000-C,103466.98,buy,0.1,0.1,,,,,,1747472591.565
1042,366855422,1747472591567,1,0.0002,0.000179,73.6,BTC-30MAY25-150000-C,103466.98,buy,0.2,0.2,,,,,,1747472591.567
1043,366855437,1747472602440,1,0.0002,0.00017955,73.59,BTC-30MAY25-150000-C,103473.58,buy,0.3,0.3,,,,,,1747472602.44
1044,366855453,1747472616695,1,0.0002,0.00017915,73.62,BTC-30MAY25-150000-C,103458.89,buy,0.3,0.3,,,,,,1747472616.695
1045,366855458,1747472622718,1,0.0002,0.00017898,73.61,BTC-30MAY25-150000-C,103462.18,buy,0.2,0.2,,,,,,1747472622.718
1046,366855471,1747472629727,1,0.0002,0.00017898,73.62,BTC-30MAY25-150000-C,103455.72,buy,0.2,0.2,,,,,,1747472629.727
1047,366855474,1747472635469,1,0.0002,0.00017861,73.62,BTC-30MAY25-150000-C,103456.05,buy,0.2,0.2,,,,,,1747472635.469
1048,366855477,1747472641222,1,0.0002,0.000179,73.6,BTC-30MAY25-150000-C,103467.04,buy,0.2,0.2,,,,,,1747472641.222
1049,366855481,1747472649980,1,0.0002,0.0001792,73.61,BTC-30MAY25-150000-C,103460.31,buy,0.2,0.2,,,,,,1747472649.98
1050,366855521,1747472668979,1,0.0002,0.00018006,73.57,BTC-30MAY25-150000-C,103484.78,buy,0.1,0.1,,,,,,1747472668.979
1051,366855523,1747472674730,1,0.0002,0.00018007,73.57,BTC-30MAY25-150000-C,103484.83,buy,0.1,0.1,,,,,,1747472674.73
1052,366855539,1747472685732,1,0.0002,0.00018028,73.56,BTC-30MAY25-150000-C,103489.63,buy,0.1,0.1,,,,,,1747472685.732
1053,366855549,1747472698413,1,0.0002,0.00018009,73.57,BTC-30MAY25-150000-C,103483.96,buy,0.1,0.1,,,,,,1747472698.413
1054,366855599,1747472729491,1,0.0002,0.00017996,73.57,BTC-30MAY25-150000-C,103484.77,buy,0.1,0.1,,,,,,1747472729.491
1055,366855610,1747472736241,1,0.0002,0.00018051,73.55,BTC-30MAY25-150000-C,103497.55,buy,0.1,0.1,,,,,,1747472736.241
1056,366855612,1747472742244,1,0.0002,0.00018061,73.54,BTC-30MAY25-150000-C,103497.72,buy,0.1,0.1,,,,,,1747472742.244
1057,366855639,1747472752998,1,0.0002,0.00018015,73.57,BTC-30MAY25-150000-C,103485.62,buy,0.1,0.1,,,,,,1747472752.998
1058,366855709,1747472763505,1,0.0002,0.00018109,73.47,BTC-30MAY25-150000-C,103540.53,buy,0.1,0.1,,,,,,1747472763.505
1060,366918117,1747535908398,1,0.0002,0.00024494,76.03,BTC-30MAY25-150000-C,103308.35,sell,5.0,5.0,,,,,,1747535908.398
1059,366918116,1747535908398,1,0.0002,0.00024494,76.03,BTC-30MAY25-150000-C,103308.35,sell,2.0,2.0,,,,,,1747535908.398
1061,366918118,1747535908398,1,0.0002,0.00024494,76.03,BTC-30MAY25-150000-C,103308.35,sell,0.8,0.8,,,,,,1747535908.398
1062,366998146,1747577766825,0,0.0003,0.00024454,78.53,BTC-30MAY25-150000-C,104615.72,buy,1.0,1.0,,,,,,1747577766.825
1063,366998147,1747577766825,1,0.0003,0.00024454,78.53,BTC-30MAY25-150000-C,104615.72,buy,5.0,5.0,,,,,,1747577766.825
1064,366998148,1747577766825,1,0.0003,0.00024454,78.53,BTC-30MAY25-150000-C,104615.72,buy,4.0,4.0,,,,,,1747577766.825
1067,367073928,1747597015297,1,0.0003,0.00033718,79.86,BTC-30MAY25-150000-C,104318.85,sell,0.1,0.1,,,,,,1747597015.297
1065,367073926,1747597015297,1,0.0003,0.00033718,79.86,BTC-30MAY25-150000-C,104318.85,sell,5.0,5.0,,,,,,1747597015.297
1066,367073927,1747597015297,1,0.0003,0.00033718,79.86,BTC-30MAY25-150000-C,104318.85,sell,0.8,0.8,,,,,,1747597015.297
1068,367073973,1747597057437,1,0.0003,0.00033309,79.94,BTC-30MAY25-150000-C,104286.45,sell,0.6,0.6,,,,,,1747597057.437
1069,367073974,1747597057437,1,0.0003,0.00033309,79.94,BTC-30MAY25-150000-C,104286.45,sell,0.1,0.1,,,,,,1747597057.437
1070,367151152,1747619154952,1,0.0003,0.00034518,79.45,BTC-30MAY25-150000-C,105008.21,sell,5.0,5.0,,,,,,1747619154.952
1071,367151153,1747619154952,1,0.0003,0.00034518,79.45,BTC-30MAY25-150000-C,105008.21,sell,0.6,0.6,,,,,,1747619154.952
1072,367151154,1747619154952,1,0.0003,0.00034518,79.45,BTC-30MAY25-150000-C,105008.21,sell,0.2,0.2,,,,,,1747619154.952
1073,367151167,1747619171773,1,0.0003,0.0003442,79.44,BTC-30MAY25-150000-C,105017.88,sell,0.5,0.5,,,,,,1747619171.773
1074,367225014,1747635861155,1,0.0003,0.00028176,84.71,BTC-30MAY25-150000-C,102729.03,sell,8.0,8.0,,,,,,1747635861.155
1075,367356910,1747678673037,1,0.0003,0.0002829,81.46,BTC-30MAY25-150000-C,105344.99,buy,0.3,0.3,,,BTC-CSR13-30MAY25-120000_150000,,367356909,1747678673.037
1076,367357543,1747678913790,1,0.0003,0.00027644,81.84,BTC-30MAY25-150000-C,105145.64,buy,0.2,0.2,,,BTC-CSR12-30MAY25-120000_150000,,367357542,1747678913.79
1077,367465252,1747745491592,2,0.0002,0.00028291,82.18,BTC-30MAY25-150000-C,104755.35,sell,0.1,0.1,,,,,,1747745491.592
1078,367465417,1747745586031,0,0.0003,0.00028736,85.71,BTC-30MAY25-150000-C,104841.36,buy,0.1,0.1,,,,,,1747745586.031
1079,367479740,1747752594049,1,0.0003,0.00029091,85.94,BTC-30MAY25-150000-C,104923.75,buy,0.1,0.1,,,,,,1747752594.049
1080,367485148,1747755308462,2,0.0002,0.00029825,81.78,BTC-30MAY25-150000-C,105231.74,sell,0.1,0.1,,,,,,1747755308.462
1081,367530774,1747770590704,0,0.0003,0.00029408,83.11,BTC-30MAY25-150000-C,106793.7,buy,0.1,0.1,,,,,,1747770590.704
1082,367542100,1747773952128,1,0.0003,0.00030182,82.93,BTC-30MAY25-150000-C,106910.63,buy,0.1,0.1,,,,,,1747773952.128
1083,367554799,1747779146553,1,0.0003,0.00030542,84.24,BTC-30MAY25-150000-C,106401.04,sell,0.9,0.9,,,,,,1747779146.553
1084,367556521,1747779985212,1,0.0003,0.00030029,84.79,BTC-30MAY25-150000-C,106125.87,sell,1.0,1.0,,,,,,1747779985.212
1085,367556529,1747779998597,1,0.0003,0.00030294,84.72,BTC-30MAY25-150000-C,106163.08,sell,1.0,1.0,,,,,,1747779998.597
1086,367601835,1747807908115,1,0.0003,0.0003369,83.65,BTC-30MAY25-150000-C,107420.71,sell,5.0,5.0,,,,,,1747807908.115
1087,367609362,1747811610930,1,0.0003,0.00030924,83.49,BTC-30MAY25-150000-C,107577.23,sell,1.0,1.0,,,,,,1747811610.93
1088,367634643,1747823772048,0,0.0004,0.00028983,89.74,BTC-30MAY25-150000-C,106366.97,buy,10.0,10.0,3.0,BLOCK-199864,,4268.0,,1747823772.048
1089,367634932,1747824076410,2,0.0001,0.00028624,77.55,BTC-30MAY25-150000-C,106337.98,sell,10.0,10.0,3.0,BLOCK-199865,,4269.0,,1747824076.41
1090,367723009,1747848627078,0,0.0002,0.00024126,83.47,BTC-30MAY25-150000-C,106787.11,sell,2.8,2.8,,,,,,1747848627.078
1091,367723010,1747848627078,1,0.0002,0.00024126,83.47,BTC-30MAY25-150000-C,106787.11,sell,10.0,10.0,,,,,,1747848627.078
1092,367723011,1747848627078,1,0.0002,0.00024126,83.47,BTC-30MAY25-150000-C,106787.11,sell,5.9,5.9,,,,,,1747848627.078
1093,367723012,1747848627078,1,0.0002,0.00024126,83.47,BTC-30MAY25-150000-C,106787.11,sell,0.7,0.7,,,,,,1747848627.078
1094,367806966,1747869539260,0,0.0003,0.00031012,82.25,BTC-30MAY25-150000-C,109695.56,buy,0.3,0.3,,,,,,1747869539.26
1095,367824790,1747872483904,1,0.0003,0.00033944,82.47,BTC-30MAY25-150000-C,109676.23,sell,9.7,9.7,,,,,,1747872483.904
1096,367824791,1747872483907,1,0.0003,0.00033944,82.47,BTC-30MAY25-150000-C,109676.23,buy,0.3,0.3,,,,,,1747872483.907
1097,367833865,1747874547514,1,0.0003,0.00026942,83.32,BTC-30MAY25-150000-C,109341.91,sell,0.1,0.1,,,,,,1747874547.514
1098,367846167,1747876144450,0,0.0004,0.00030004,83.98,BTC-30MAY25-150000-C,110371.57,buy,1.0,1.0,,,,,,1747876144.45
1099,367868190,1747880528895,2,0.0003,0.00032822,81.73,BTC-30MAY25-150000-C,110261.52,sell,1.0,1.0,,,,,,1747880528.895
1100,367955692,1747894576665,3,0.0003,0.00031049,81.29,BTC-30MAY25-150000-C,110920.77,sell,1.0,1.0,,,,,,1747894576.665
1101,368031709,1747919307706,3,0.0003,0.00033407,81.86,BTC-30MAY25-150000-C,111280.08,sell,2.0,2.0,,,,,,1747919307.706
1102,368101985,1747930473920,0,0.0005,0.00029269,87.31,BTC-30MAY25-150000-C,111522.77,buy,25.0,25.0,2.0,BLOCK-200390,BTC-CDIAG-30MAY25_23MAY25-150000_120000,,,1747930473.92
1103,368102003,1747930490777,1,0.0005,0.00029244,87.31,BTC-30MAY25-150000-C,111524.12,buy,25.0,25.0,2.0,BLOCK-200391,BTC-CDIAG-30MAY25_23MAY25-150000_120000,,,1747930490.777
1104,368103097,1747930609770,2,0.0004,0.00030195,84.22,BTC-30MAY25-150000-C,111827.1,buy,4.0,4.0,,,,,,1747930609.77
1106,368103099,1747930609770,3,0.0004,0.00030195,84.22,BTC-30MAY25-150000-C,111827.1,buy,0.1,0.1,,,,,,1747930609.77
1105,368103098,1747930609770,3,0.0004,0.00030195,84.22,BTC-30MAY25-150000-C,111827.1,buy,1.0,1.0,,,,,,1747930609.77
1107,368107508,1747932631823,3,0.0004,0.00028969,85.35,BTC-30MAY25-150000-C,111385.96,buy,0.1,0.1,,,,,,1747932631.823
1108,368107509,1747932631823,3,0.0004,0.00028969,85.35,BTC-30MAY25-150000-C,111385.96,buy,1.1,1.1,,,,,,1747932631.823
1109,368121499,1747937931316,3,0.0004,0.00035801,84.91,BTC-30MAY25-150000-C,111708.0,buy,5.0,5.0,,,,,,1747937931.316
1111,368121501,1747937938463,1,0.0005,0.00035895,87.31,BTC-30MAY25-150000-C,111707.7,buy,2.5,2.5,,,,,,1747937938.463
1110,368121500,1747937938463,0,0.0005,0.00035895,87.31,BTC-30MAY25-150000-C,111707.7,buy,5.0,5.0,,,,,,1747937938.463
1112,368141338,1747946945813,2,0.0003,0.00039847,83.85,BTC-30MAY25-150000-C,111225.4,sell,1.9,1.9,,,,,,1747946945.813
1113,368141437,1747947012694,3,0.0003,0.00038915,83.98,BTC-30MAY25-150000-C,111166.48,sell,0.4,0.4,,,,,,1747947012.694
1114,368154834,1747959034306,3,0.0003,0.00035082,83.59,BTC-30MAY25-150000-C,111632.03,sell,0.3,0.3,,,,,,1747959034.306
1115,368162239,1747963796038,3,0.0003,0.00034377,84.67,BTC-30MAY25-150000-C,111300.7,sell,4.0,4.0,,,,,,1747963796.038
1116,368162240,1747963796038,3,0.0003,0.00034377,84.67,BTC-30MAY25-150000-C,111300.7,sell,4.0,4.0,,,,,,1747963796.038
1117,368165202,1747966176919,3,0.0003,0.00032284,84.51,BTC-30MAY25-150000-C,111450.76,sell,1.0,1.0,,,,,,1747966176.919
1118,368182467,1747976823427,3,0.0003,0.00028867,86.75,BTC-30MAY25-150000-C,110810.45,buy,0.1,0.1,,,,,,1747976823.427
1119,368207312,1747987957681,2,0.0002,0.00024577,83.86,BTC-30MAY25-150000-C,110755.68,sell,0.1,0.1,,,,,,1747987957.681
1120,368207338,1747987990860,3,0.0002,0.00024595,83.85,BTC-30MAY25-150000-C,110754.52,sell,0.3,0.3,,,,,,1747987990.86
1121,368313240,1748013121191,0,0.0003,0.00023988,93.03,BTC-30MAY25-150000-C,109311.52,buy,3.0,3.0,,,,,,1748013121.191
1122,368317041,1748015106156,2,0.0002,0.0002449,88.67,BTC-30MAY25-150000-C,109482.69,sell,4.6,4.6,,,,,,1748015106.156
1123,368317042,1748015106156,3,0.0002,0.0002449,88.67,BTC-30MAY25-150000-C,109482.69,sell,5.0,5.0,,,,,,1748015106.156
1124,368354584,1748033181347,0,0.0003,0.00017887,96.69,BTC-30MAY25-150000-C,108468.72,buy,0.1,0.1,,,,,,1748033181.347
1125,368410408,1748072556219,2,0.0002,0.00017841,96.93,BTC-30MAY25-150000-C,108130.51,buy,3.9,3.9,,,,,,1748072556.219
1126,368422430,1748076103602,3,0.0002,0.00018331,97.63,BTC-30MAY25-150000-C,107999.04,buy,0.1,0.1,,,,,,1748076103.602
1127,368422441,1748076161532,3,0.0002,0.00018304,97.63,BTC-30MAY25-150000-C,108006.92,buy,0.1,0.1,,,,,,1748076161.532
1128,368422444,1748076169201,3,0.0002,0.00018296,97.63,BTC-30MAY25-150000-C,108006.75,buy,4.8,4.8,,,,,,1748076169.201
1129,368431158,1748082287299,3,0.0002,0.00018091,97.33,BTC-30MAY25-150000-C,108279.64,buy,0.1,0.1,,,,,,1748082287.299
1130,368461093,1748104564441,0,0.0003,0.00018059,102.62,BTC-30MAY25-150000-C,108833.51,buy,0.2,0.2,,,,,,1748104564.441
1131,368569757,1748176761920,2,0.0001,0.00014459,102.54,BTC-30MAY25-150000-C,107560.61,sell,1.0,1.0,,,,,,1748176761.92
1132,368592298,1748196764415,3,0.0001,0.00014404,105.44,BTC-30MAY25-150000-C,107407.62,sell,0.3,0.3,,,,,,1748196764.415
1133,368592304,1748196800193,3,0.0001,0.00014394,105.44,BTC-30MAY25-150000-C,107406.97,sell,1.0,1.0,,,,,,1748196800.193
1138,368640301,1748228648565,3,0.0001,0.00014155,104.61,BTC-30MAY25-150000-C,109372.63,sell,10.0,10.0,,,,,,1748228648.565
1135,368640298,1748228648565,3,0.0001,0.00014155,104.61,BTC-30MAY25-150000-C,109372.63,sell,0.3,0.3,,,,,,1748228648.565
1134,368640297,1748228648565,3,0.0001,0.00014155,104.61,BTC-30MAY25-150000-C,109372.63,sell,28.9,28.9,,,,,,1748228648.565
1141,368640304,1748228648565,3,0.0001,0.00014155,104.61,BTC-30MAY25-150000-C,109372.63,sell,4.9,4.9,,,,,,1748228648.565
1137,368640300,1748228648565,3,0.0001,0.00014155,104.61,BTC-30MAY25-150000-C,109372.63,sell,6.0,6.0,,,,,,1748228648.565
1139,368640302,1748228648565,3,0.0001,0.00014155,104.61,BTC-30MAY25-150000-C,109372.63,sell,5.0,5.0,,,,,,1748228648.565
1136,368640299,1748228648565,3,0.0001,0.00014155,104.61,BTC-30MAY25-150000-C,109372.63,sell,0.1,0.1,,,,,,1748228648.565
1140,368640303,1748228648565,3,0.0001,0.00014155,104.61,BTC-30MAY25-150000-C,109372.63,sell,0.1,0.1,,,,,,1748228648.565
1142,368646144,1748235279530,3,0.0001,0.00013705,104.94,BTC-30MAY25-150000-C,109601.12,buy,0.5,0.5,,,,,,1748235279.53
1143,368646164,1748235285232,3,0.0001,0.00013725,104.92,BTC-30MAY25-150000-C,109606.36,buy,0.5,0.5,,,,,,1748235285.232
1144,368646167,1748235308659,3,0.0001,0.00013728,104.92,BTC-30MAY25-150000-C,109604.8,buy,0.1,0.1,,,,,,1748235308.659
1145,368646172,1748235311183,3,0.0001,0.00013731,104.92,BTC-30MAY25-150000-C,109604.73,buy,0.1,0.1,,,,,,1748235311.183
1146,368646203,1748235313410,3,0.0001,0.00013741,104.91,BTC-30MAY25-150000-C,109609.81,buy,0.1,0.1,,,,,,1748235313.41
1147,368646213,1748235330071,3,0.0001,0.00013775,104.89,BTC-30MAY25-150000-C,109614.73,buy,0.1,0.1,,,,,,1748235330.071
1148,368646216,1748235332367,3,0.0001,0.00013764,104.89,BTC-30MAY25-150000-C,109617.4,buy,0.1,0.1,,,,,,1748235332.367
1149,368648868,1748239319143,3,0.0001,0.00013163,105.36,BTC-30MAY25-150000-C,109682.68,buy,0.1,0.1,,,,,,1748239319.143
1150,368650774,1748241247924,3,0.0001,0.00012834,105.64,BTC-30MAY25-150000-C,109693.23,buy,2.0,2.0,,,,,,1748241247.924
1151,368650868,1748241322709,3,0.0001,0.00012603,105.85,BTC-30MAY25-150000-C,109621.08,buy,2.0,2.0,,,,,,1748241322.709
1152,368676002,1748251441551,3,0.0001,0.00012041,106.32,BTC-30MAY25-150000-C,109989.01,buy,0.1,0.1,,,,,,1748251441.551
1153,368678210,1748254122116,3,0.0001,0.00011025,107.24,BTC-30MAY25-150000-C,109826.77,buy,6.0,6.0,,,,,,1748254122.116
1154,368684805,1748261322414,3,0.0001,9.693e-05,108.58,BTC-30MAY25-150000-C,109755.66,buy,0.1,0.1,,,,,,1748261322.414
1155,368686346,1748262478031,3,0.0001,9.725e-05,108.65,BTC-30MAY25-150000-C,109783.87,buy,0.1,0.1,,,,,,1748262478.031
1156,368686427,1748262539788,3,0.0001,9.704e-05,108.55,BTC-30MAY25-150000-C,109827.77,buy,0.3,0.3,,,,,,1748262539.788
1157,368686429,1748262556619,3,0.0001,9.731e-05,108.55,BTC-30MAY25-150000-C,109828.21,buy,0.1,0.1,,,,,,1748262556.619
1158,368686501,1748262658405,3,0.0001,9.687e-05,108.59,BTC-30MAY25-150000-C,109827.63,buy,0.1,0.1,,,,,,1748262658.405
1159,368686721,1748263050556,3,0.0001,9.533e-05,108.76,BTC-30MAY25-150000-C,109800.11,buy,0.1,0.1,,,,,,1748263050.556
1160,368694069,1748268120596,3,0.0001,8.377e-05,110.1,BTC-30MAY25-150000-C,109613.9,buy,0.1,0.1,,,,,,1748268120.596
1161,368694107,1748268134760,3,0.0001,8.459e-05,110.01,BTC-30MAY25-150000-C,109642.4,buy,1.0,1.0,,,,,,1748268134.76
1162,368702758,1748273714215,3,0.0001,8.998e-05,109.36,BTC-30MAY25-150000-C,110197.41,buy,0.1,0.1,,,,,,1748273714.215
1165,368726082,1748278470765,1,0.0002,6.845e-05,120.35,BTC-30MAY25-150000-C,109461.42,buy,0.1,0.1,,,,,,1748278470.765
1163,368726080,1748278470765,0,0.0002,6.845e-05,120.35,BTC-30MAY25-150000-C,109461.42,buy,7.0,7.0,,,,,,1748278470.765
1164,368726081,1748278470765,1,0.0002,6.845e-05,120.35,BTC-30MAY25-150000-C,109461.42,buy,6.7,6.7,,,,,,1748278470.765
1167,368726084,1748278470765,1,0.0002,6.845e-05,120.35,BTC-30MAY25-150000-C,109461.42,buy,26.7,26.7,,,,,,1748278470.765
1166,368726083,1748278470765,1,0.0002,6.845e-05,120.35,BTC-30MAY25-150000-C,109461.42,buy,0.1,0.1,,,,,,1748278470.765
1168,368726721,1748278895210,1,0.0002,6.772e-05,120.45,BTC-30MAY25-150000-C,109490.32,buy,0.1,0.1,,,,,,1748278895.21
1169,368727418,1748279195241,1,0.0002,6.804e-05,120.42,BTC-30MAY25-150000-C,109530.71,buy,0.1,0.1,,,,,,1748279195.241
1170,368727831,1748279495304,1,0.0002,6.658e-05,120.65,BTC-30MAY25-150000-C,109464.9,buy,0.1,0.1,,,,,,1748279495.304
1171,368728024,1748279795334,1,0.0002,6.701e-05,120.59,BTC-30MAY25-150000-C,109504.63,buy,0.1,0.1,,,,,,1748279795.334
1172,368728195,1748279893031,1,0.0002,6.378e-05,121.11,BTC-30MAY25-150000-C,109343.71,buy,0.8,0.8,,,,,,1748279893.031
1173,368728231,1748279910092,1,0.0002,6.346e-05,121.17,BTC-30MAY25-150000-C,109328.19,buy,0.3,0.3,,,,,,1748279910.092
1174,368728581,1748280095357,1,0.0002,6.593e-05,120.76,BTC-30MAY25-150000-C,109468.87,buy,0.1,0.1,,,,,,1748280095.357
1175,368728778,1748280395396,1,0.0002,6.341e-05,121.16,BTC-30MAY25-150000-C,109365.87,buy,0.1,0.1,,,,,,1748280395.396
1176,368729013,1748280695419,1,0.0002,6.277e-05,121.3,BTC-30MAY25-150000-C,109341.73,buy,0.1,0.1,,,,,,1748280695.419
1177,368729282,1748280995472,1,0.0002,6.211e-05,121.41,BTC-30MAY25-150000-C,109338.76,buy,0.1,0.1,,,,,,1748280995.472
1178,368729577,1748281295528,1,0.0002,6.636e-05,121.57,BTC-30MAY25-150000-C,109299.98,buy,0.1,0.1,,,,,,1748281295.528
1179,368729964,1748281571216,1,0.0002,6.335e-05,122.07,BTC-30MAY25-150000-C,109171.13,buy,8.3,8.3,,,,,,1748281571.216
1180,368729989,1748281585346,1,0.0002,6.342e-05,122.07,BTC-30MAY25-150000-C,109170.43,buy,0.1,0.1,,,,,,1748281585.346
1181,368733783,1748282843397,2,0.0001,6.203e-05,114.0,BTC-30MAY25-150000-C,109206.68,buy,10.0,10.0,,,,,,1748282843.397
1182,368733784,1748282843399,3,0.0001,6.203e-05,114.0,BTC-30MAY25-150000-C,109206.68,sell,1.1,1.1,,,,,,1748282843.399
1183,368796406,1748320461815,3,0.0001,2.778e-05,121.99,BTC-30MAY25-150000-C,109121.64,buy,0.1,0.1,,,,,,1748320461.815
1184,368796407,1748320462448,3,0.0001,2.778e-05,121.99,BTC-30MAY25-150000-C,109121.64,buy,0.1,0.1,,,,,,1748320462.448
1185,368796408,1748320463258,3,0.0001,2.791e-05,121.98,BTC-30MAY25-150000-C,109122.69,buy,0.1,0.1,,,,,,1748320463.258
1186,368796409,1748320464115,3,0.0001,2.791e-05,121.98,BTC-30MAY25-150000-C,109123.03,buy,0.1,0.1,,,,,,1748320464.115
1187,368796410,1748320466474,3,0.0001,2.793e-05,121.98,BTC-30MAY25-150000-C,109122.4,buy,0.1,0.1,,,,,,1748320466.474
1188,368796411,1748320467414,3,0.0001,2.793e-05,121.98,BTC-30MAY25-150000-C,109122.44,buy,0.1,0.1,,,,,,1748320467.414
1189,368796412,1748320468553,3,0.0001,2.793e-05,121.98,BTC-30MAY25-150000-C,109122.48,buy,0.1,0.1,,,,,,1748320468.553
1190,368796414,1748320470094,3,0.0001,2.794e-05,121.98,BTC-30MAY25-150000-C,109120.86,buy,0.1,0.1,,,,,,1748320470.094
1191,368796415,1748320471901,3,0.0001,2.793e-05,121.99,BTC-30MAY25-150000-C,109120.54,buy,0.1,0.1,,,,,,1748320471.901
1192,368796416,1748320474007,3,0.0001,2.792e-05,122.0,BTC-30MAY25-150000-C,109120.28,buy,0.1,0.1,,,,,,1748320474.007
1193,368796500,1748320571270,3,0.0001,2.856e-05,121.81,BTC-30MAY25-150000-C,109181.71,buy,0.1,0.1,,,,,,1748320571.27
1194,368797066,1748320871316,3,0.0001,2.849e-05,121.79,BTC-30MAY25-150000-C,109210.04,buy,0.1,0.1,,,,,,1748320871.316
1201,369035929,1748435894383,3,0.0001,3.3e-07,161.34,BTC-30MAY25-150000-C,109046.63,buy,0.1,0.1,,,,,,1748435894.383
1197,369035925,1748435894383,3,0.0001,3.3e-07,161.34,BTC-30MAY25-150000-C,109046.63,buy,1.0,1.0,,,,,,1748435894.383
1198,369035926,1748435894383,3,0.0001,3.3e-07,161.34,BTC-30MAY25-150000-C,109046.63,buy,10.0,10.0,,,,,,1748435894.383
1199,369035927,1748435894383,3,0.0001,3.3e-07,161.34,BTC-30MAY25-150000-C,109046.63,buy,10.0,10.0,,,,,,1748435894.383
1195,369035923,1748435894383,3,0.0001,3.3e-07,161.34,BTC-30MAY25-150000-C,109046.63,buy,1.0,1.0,,,,,,1748435894.383
1200,369035928,1748435894383,3,0.0001,3.3e-07,161.34,BTC-30MAY25-150000-C,109046.63,buy,5.0,5.0,,,,,,1748435894.383
1196,369035924,1748435894383,3,0.0001,3.3e-07,161.34,BTC-30MAY25-150000-C,109046.63,buy,0.1,0.1,,,,,,1748435894.383
