trade_seq,trade_id,timestamp,tick_direction,price,mark_price,iv,instrument_name,index_price,direction,contracts,amount,combo_trade_id,combo_id,unix_sec
13,364062610,1746093033065,1,0.1265,0.12632994,45.58,BTC-30MAY25-85000-C,95606.96,buy,0.1,0.1,,,1746093033.065
14,364062611,1746093033065,1,0.1265,0.12632994,45.58,BTC-30MAY25-85000-C,95606.96,buy,0.1,0.1,,,1746093033.065
11,364062608,1746093033065,1,0.1265,0.12632994,45.58,BTC-30MAY25-85000-C,95606.96,buy,0.1,0.1,,,1746093033.065
12,364062609,1746093033065,1,0.1265,0.12632994,45.58,BTC-30MAY25-85000-C,95606.96,buy,0.1,0.1,,,1746093033.065
15,364062612,1746093033065,1,0.1265,0.12632994,45.58,BTC-30MAY25-85000-C,95606.96,buy,0.1,0.1,,,1746093033.065
9,364062606,1746093033065,0,0.1265,0.12632994,45.58,BTC-30MAY25-85000-C,95606.96,buy,0.1,0.1,,,1746093033.065
10,364062607,1746093033065,1,0.1265,0.12632994,45.58,BTC-30MAY25-85000-C,95606.96,buy,0.1,0.1,,,1746093033.065
16,365484623,1746796075870,0,0.1805,0.18012078,51.6,BTC-30MAY25-85000-C,103001.51,sell,0.5,0.5,,,1746796075.87
17,365488628,1746798260193,0,0.1825,0.18235611,51.29,BTC-30MAY25-85000-C,103277.95,sell,0.2,0.2,,,1746798260.193
18,365488652,1746798302670,1,0.1825,0.18225627,51.73,BTC-30MAY25-85000-C,103265.75,sell,0.1,0.1,,,1746798302.67
19,365488654,1746798302724,1,0.1825,0.18225627,51.73,BTC-30MAY25-85000-C,103265.75,sell,0.1,0.1,,,1746798302.724
20,365488656,1746798303724,1,0.1825,0.18225091,51.76,BTC-30MAY25-85000-C,103264.63,sell,0.1,0.1,,,1746798303.724
21,365489207,1746798408015,0,0.1845,0.18412306,52.4,BTC-30MAY25-85000-C,103494.65,sell,0.1,0.1,,,1746798408.015
22,365489208,1746798408034,1,0.1845,0.18412306,52.4,BTC-30MAY25-85000-C,103494.65,sell,0.1,0.1,,,1746798408.034
23,365489467,1746798466354,0,0.185,0.18470979,52.2,BTC-30MAY25-85000-C,103571.98,sell,0.3,0.3,,,1746798466.354
24,365491058,1746798803140,0,0.1855,0.18493267,53.62,BTC-30MAY25-85000-C,103595.97,sell,0.5,0.5,,,1746798803.14
25,365491085,1746798809629,1,0.1855,0.18489695,53.83,BTC-30MAY25-85000-C,103589.69,sell,0.5,0.5,,,1746798809.629
26,365507089,1746802324682,2,0.1815,0.18088603,52.73,BTC-30MAY25-85000-C,103080.91,sell,0.1,0.1,,,1746802324.682
27,365507090,1746802324683,3,0.1815,0.18088603,52.73,BTC-30MAY25-85000-C,103080.91,sell,0.4,0.4,,,1746802324.683
28,365511978,1746804472098,2,0.1795,0.17925261,50.75,BTC-30MAY25-85000-C,102912.1,sell,0.2,0.2,,,1746804472.098
29,365512255,1746804631768,2,0.1785,0.17852771,50.52,BTC-30MAY25-85000-C,102798.3,sell,0.2,0.2,,,1746804631.768
30,365512828,1746805116288,0,0.179,0.17911448,50.4,BTC-30MAY25-85000-C,102865.94,sell,0.2,0.2,,,1746805116.288
31,365514448,1746806003203,0,0.18,0.1789493,54.17,BTC-30MAY25-85000-C,102879.47,sell,0.2,0.2,,,1746806003.203
32,365515406,1746806856209,2,0.1775,0.17734924,50.69,BTC-30MAY25-85000-C,102662.47,sell,0.1,0.1,,,1746806856.209
33,365515411,1746806856754,3,0.1775,0.17734453,50.86,BTC-30MAY25-85000-C,102657.37,sell,0.1,0.1,,,1746806856.754
34,365519091,1746808640378,0,0.1805,0.17935905,54.51,BTC-30MAY25-85000-C,102904.66,sell,0.2,0.2,,,1746808640.378
35,365521452,1746809967961,2,0.1775,0.17619198,54.59,BTC-30MAY25-85000-C,102506.03,sell,0.2,0.2,,,1746809967.961
36,365521815,1746810072389,2,0.176,0.17590711,50.48,BTC-30MAY25-85000-C,102458.88,sell,0.1,0.1,,,1746810072.389
37,365521816,1746810072392,3,0.176,0.17590711,50.48,BTC-30MAY25-85000-C,102458.88,sell,0.1,0.1,,,1746810072.392
38,365522151,1746810244706,0,0.177,0.17638722,51.92,BTC-30MAY25-85000-C,102534.41,sell,0.2,0.2,,,1746810244.706
39,365522230,1746810323661,2,0.1765,0.17619948,50.8,BTC-30MAY25-85000-C,102508.71,sell,0.2,0.2,,,1746810323.661
40,365522831,1746810545788,0,0.179,0.17831177,52.49,BTC-30MAY25-85000-C,102774.26,sell,0.2,0.2,,,1746810545.788
41,365523626,1746811274215,0,0.1805,0.18019729,51.45,BTC-30MAY25-85000-C,103018.7,sell,0.1,0.1,,,1746811274.215
42,365523627,1746811276279,1,0.1805,0.18015922,51.52,BTC-30MAY25-85000-C,103016.64,sell,0.1,0.1,,,1746811276.279
43,365524111,1746811407272,0,0.181,0.18041385,52.46,BTC-30MAY25-85000-C,103051.78,sell,0.2,0.2,,,1746811407.272
44,365524357,1746811567303,1,0.181,0.18025753,53.24,BTC-30MAY25-85000-C,103028.74,sell,0.2,0.2,,,1746811567.303
45,365525339,1746812320569,0,0.182,0.18152878,52.35,BTC-30MAY25-85000-C,103191.69,sell,0.5,0.5,,,1746812320.569
46,365526033,1746812932955,1,0.182,0.18168574,51.95,BTC-30MAY25-85000-C,103203.18,sell,0.4,0.4,,,1746812932.955
47,365526038,1746812933088,1,0.182,0.18168574,51.95,BTC-30MAY25-85000-C,103203.18,sell,0.1,0.1,,,1746812933.088
48,365526547,1746813418102,1,0.182,0.18132069,53.73,BTC-30MAY25-85000-C,103162.11,sell,0.5,0.5,,,1746813418.102
49,365527556,1746814157289,2,0.181,0.18074068,51.93,BTC-30MAY25-85000-C,103087.32,sell,0.5,0.5,,,1746814157.289
50,365529309,1746816013947,0,0.1825,0.18212536,52.48,BTC-30MAY25-85000-C,103273.91,sell,0.2,0.2,,,1746816013.947
51,365529491,1746816197354,0,0.183,0.18260619,52.76,BTC-30MAY25-85000-C,103337.68,sell,0.2,0.2,,,1746816197.354
52,365529510,1746816223305,1,0.183,0.18256582,52.91,BTC-30MAY25-85000-C,103332.46,sell,0.2,0.2,,,1746816223.305
53,365529710,1746816560592,0,0.1835,0.18288846,53.66,BTC-30MAY25-85000-C,103368.46,sell,0.2,0.2,,,1746816560.592
54,365529789,1746816713263,2,0.183,0.18253734,53.26,BTC-30MAY25-85000-C,103322.55,sell,0.2,0.2,,,1746816713.263
55,365530332,1746817585574,2,0.1825,0.1819234,53.66,BTC-30MAY25-85000-C,103237.69,sell,0.2,0.2,,,1746817585.574
56,365531658,1746819041555,2,0.18,0.17977829,52.02,BTC-30MAY25-85000-C,102962.06,sell,0.2,0.2,,,1746819041.555
57,365531884,1746819287475,0,0.181,0.18052114,52.99,BTC-30MAY25-85000-C,103055.36,sell,0.2,0.2,,,1746819287.475
58,365531885,1746819324367,1,0.181,0.18061127,52.69,BTC-30MAY25-85000-C,103066.12,sell,0.2,0.2,,,1746819324.367
59,365532423,1746820322963,0,0.1815,0.1809917,53.15,BTC-30MAY25-85000-C,103133.88,sell,0.2,0.2,,,1746820322.963
60,365533308,1746821167611,0,0.1825,0.182018,53.09,BTC-30MAY25-85000-C,103260.28,sell,0.1,0.1,,,1746821167.611
61,365533309,1746821167612,1,0.1825,0.182018,53.09,BTC-30MAY25-85000-C,103260.28,sell,0.1,0.1,,,1746821167.612
62,365533869,1746821587506,0,0.183,0.18287179,52.36,BTC-30MAY25-85000-C,103365.34,sell,0.5,0.5,,,1746821587.506
63,365536984,1746825659832,2,0.1795,0.17937544,51.64,BTC-30MAY25-85000-C,102909.1,sell,0.5,0.5,,,1746825659.832
64,365539413,1746828182473,0,0.1805,0.18037035,51.57,BTC-30MAY25-85000-C,103041.51,sell,0.2,0.2,,,1746828182.473
65,365539417,1746828198790,1,0.1805,0.18029253,51.67,BTC-30MAY25-85000-C,103039.55,sell,0.3,0.3,,,1746828198.79
66,365539424,1746828211264,1,0.1805,0.18010712,52.4,BTC-30MAY25-85000-C,103018.11,sell,0.5,0.5,,,1746828211.264
67,365540313,1746830560314,2,0.1795,0.17926777,51.8,BTC-30MAY25-85000-C,102935.31,sell,0.5,0.5,,,1746830560.314
68,365541434,1746831870187,2,0.179,0.17841774,52.78,BTC-30MAY25-85000-C,102817.5,sell,0.5,0.5,,,1746831870.187
69,365541708,1746832522661,0,0.1795,0.17882092,53.15,BTC-30MAY25-85000-C,102868.53,sell,0.5,0.5,,,1746832522.661
70,365542094,1746833268810,0,0.18,0.17948906,52.3,BTC-30MAY25-85000-C,102962.06,sell,0.3,0.3,,,1746833268.81
71,365542098,1746833271695,1,0.18,0.17965204,52.1,BTC-30MAY25-85000-C,102968.03,sell,0.2,0.2,,,1746833271.695
72,365544551,1746836685747,1,0.18,0.17976204,52.0,BTC-30MAY25-85000-C,102977.98,sell,0.1,0.1,,,1746836685.747
73,365544560,1746836707438,1,0.18,0.17974665,52.09,BTC-30MAY25-85000-C,102976.22,sell,0.1,0.1,,,1746836707.438
74,365544561,1746836707452,1,0.18,0.17974665,52.09,BTC-30MAY25-85000-C,102976.22,sell,0.1,0.1,,,1746836707.452
75,365544562,1746836707464,1,0.18,0.17974665,52.09,BTC-30MAY25-85000-C,102976.22,sell,0.1,0.1,,,1746836707.464
76,365544563,1746836707527,1,0.18,0.17974665,52.09,BTC-30MAY25-85000-C,102976.22,sell,0.1,0.1,,,1746836707.527
77,365545576,1746838261557,1,0.18,0.17963729,52.29,BTC-30MAY25-85000-C,102944.36,sell,0.5,0.5,,,1746838261.557
79,366239351,1747195864105,1,0.1835,0.18328565,54.48,BTC-30MAY25-85000-C,103499.09,sell,0.5,0.5,,,1747195864.105
78,366239350,1747195864105,0,0.1835,0.18328565,54.48,BTC-30MAY25-85000-C,103499.09,sell,1.5,1.5,,,1747195864.105
80,368139676,1747946301753,0,0.2361,0.23586013,86.61,BTC-30MAY25-85000-C,110924.81,sell,0.1,0.1,368139674,BTC-CDIAG-26SEP25_30MAY25-90000_85000,1747946301.753
81,368139891,1747946357508,0,0.2368,0.23654675,87.59,BTC-30MAY25-85000-C,111020.36,sell,0.9,0.9,368139889,BTC-CDIAG-26SEP25_30MAY25-90000_85000,1747946357.508
82,368143756,1747948538373,2,0.236,0.23575268,86.59,BTC-30MAY25-85000-C,110960.2,sell,0.5,0.5,368143755,BTC-CDIAG-26SEP25_30MAY25-90000_85000,1747948538.373
83,368321335,1748016444320,2,0.2196,0.21930056,86.12,BTC-30MAY25-85000-C,108617.65,sell,0.5,0.5,368321333,BTC-CDIAG-26SEP25_30MAY25-90000_85000,1748016444.32
84,368691840,1748266440522,0,0.2287,0.22862194,108.25,BTC-30MAY25-85000-C,109971.26,sell,1.0,1.0,368691838,BTC-CDIAG-26SEP25_30MAY25-90000_85000,1748266440.522
85,368815597,1748333157214,2,0.2255,0.22548926,115.46,BTC-30MAY25-85000-C,109639.24,buy,0.2,0.2,,,1748333157.214
86,368816050,1748333231679,0,0.226,0.2257866,123.99,BTC-30MAY25-85000-C,109675.45,buy,2.0,2.0,,,1748333231.679
87,368816676,1748333318488,1,0.226,0.22590056,119.31,BTC-30MAY25-85000-C,109680.82,buy,0.1,0.1,,,1748333318.488
88,368816782,1748333360963,0,0.2265,0.22632842,119.01,BTC-30MAY25-85000-C,109740.95,buy,0.3,0.3,,,1748333360.963
89,368816783,1748333360967,1,0.2265,0.22632842,119.01,BTC-30MAY25-85000-C,109740.95,buy,0.4,0.4,,,1748333360.967
90,368816785,1748333360976,1,0.2265,0.22632842,119.01,BTC-30MAY25-85000-C,109740.95,buy,0.3,0.3,,,1748333360.976
91,368816786,1748333360981,1,0.2265,0.22632842,119.01,BTC-30MAY25-85000-C,109740.95,buy,0.5,0.5,,,1748333360.981
92,368816788,1748333360987,1,0.2265,0.22632842,119.01,BTC-30MAY25-85000-C,109740.95,buy,0.2,0.2,,,1748333360.987
93,368816789,1748333360991,1,0.2265,0.22632842,119.01,BTC-30MAY25-85000-C,109740.95,buy,0.3,0.3,,,1748333360.991
94,368817301,1748333600303,2,0.226,0.22579854,120.3,BTC-30MAY25-85000-C,109706.13,buy,0.2,0.2,,,1748333600.303
95,368817302,1748333600320,3,0.226,0.22579854,120.3,BTC-30MAY25-85000-C,109706.13,buy,0.2,0.2,,,1748333600.32
96,368817304,1748333600357,3,0.226,0.22579854,120.3,BTC-30MAY25-85000-C,109706.13,buy,0.2,0.2,,,1748333600.357
97,368817306,1748333600486,3,0.226,0.22579854,120.3,BTC-30MAY25-85000-C,109706.13,buy,0.5,0.5,,,1748333600.486
98,368817307,1748333600496,3,0.226,0.22579854,120.3,BTC-30MAY25-85000-C,109706.13,buy,0.4,0.4,,,1748333600.496
99,368817308,1748333600505,3,0.226,0.22579854,120.3,BTC-30MAY25-85000-C,109706.13,buy,0.1,0.1,,,1748333600.505
100,368817309,1748333601145,3,0.226,0.22579854,120.3,BTC-30MAY25-85000-C,109706.13,buy,0.4,0.4,,,1748333601.145
101,368817342,1748333645864,3,0.226,0.22592078,118.97,BTC-30MAY25-85000-C,109703.74,buy,0.2,0.2,,,1748333645.864
102,368817348,1748333658641,3,0.226,0.22589571,119.38,BTC-30MAY25-85000-C,109702.66,buy,0.2,0.2,,,1748333658.641
103,368817973,1748333839901,3,0.226,0.2259228,115.86,BTC-30MAY25-85000-C,109705.68,buy,2.0,2.0,,,1748333839.901
104,368818109,1748333892495,3,0.226,0.22595585,114.99,BTC-30MAY25-85000-C,109713.74,buy,2.0,2.0,,,1748333892.495
105,368818174,1748333961636,3,0.226,0.22583775,122.16,BTC-30MAY25-85000-C,109693.57,buy,0.2,0.2,,,1748333961.636
106,368818175,1748333961641,3,0.226,0.22583775,122.16,BTC-30MAY25-85000-C,109693.57,buy,0.4,0.4,,,1748333961.641
107,368818176,1748333961642,3,0.226,0.22583775,122.16,BTC-30MAY25-85000-C,109693.57,buy,0.7,0.7,,,1748333961.642
108,368818177,1748333961644,3,0.226,0.22583775,122.16,BTC-30MAY25-85000-C,109693.57,buy,0.2,0.2,,,1748333961.644
109,368818178,1748333961648,3,0.226,0.22583775,122.16,BTC-30MAY25-85000-C,109693.57,buy,0.4,0.4,,,1748333961.648
110,368818179,1748333961648,3,0.226,0.22583775,122.16,BTC-30MAY25-85000-C,109693.57,buy,0.1,0.1,,,1748333961.648
111,368818852,1748334325533,3,0.226,0.22589144,116.28,BTC-30MAY25-85000-C,109714.32,buy,0.8,0.8,,,1748334325.533
112,368818853,1748334325546,3,0.226,0.22589144,116.28,BTC-30MAY25-85000-C,109714.32,buy,0.2,0.2,,,1748334325.546
113,368818885,1748334369564,3,0.226,0.22599519,115.62,BTC-30MAY25-85000-C,109714.69,buy,2.0,2.0,,,1748334369.564
114,368819245,1748334609207,3,0.226,0.22588764,117.67,BTC-30MAY25-85000-C,109707.97,buy,0.5,0.5,,,1748334609.207
115,368819246,1748334609217,3,0.226,0.22588764,117.67,BTC-30MAY25-85000-C,109707.97,buy,0.1,0.1,,,1748334609.217
116,368819399,1748334625353,3,0.226,0.22602195,117.75,BTC-30MAY25-85000-C,109706.1,buy,1.4,1.4,,,1748334625.353
117,368819689,1748334754079,2,0.2255,0.22518292,122.69,BTC-30MAY25-85000-C,109621.81,buy,0.1,0.1,,,1748334754.079
118,368819690,1748334754099,3,0.2255,0.22518292,122.69,BTC-30MAY25-85000-C,109621.81,buy,0.2,0.2,,,1748334754.099
119,368819691,1748334754237,3,0.2255,0.22518292,122.69,BTC-30MAY25-85000-C,109621.81,buy,0.1,0.1,,,1748334754.237
120,368819692,1748334754262,3,0.2255,0.22518292,122.69,BTC-30MAY25-85000-C,109621.81,buy,1.6,1.6,,,1748334754.262
121,368821924,1748335890639,3,0.2255,0.22542247,118.12,BTC-30MAY25-85000-C,109629.48,buy,0.7,0.7,,,1748335890.639
122,368821925,1748335890660,3,0.2255,0.22542247,118.12,BTC-30MAY25-85000-C,109629.48,buy,0.1,0.1,,,1748335890.66
123,368821926,1748335890666,3,0.2255,0.22542247,118.12,BTC-30MAY25-85000-C,109629.48,buy,1.1,1.1,,,1748335890.666
124,368821929,1748335890691,3,0.2255,0.22542247,118.12,BTC-30MAY25-85000-C,109629.48,buy,0.1,0.1,,,1748335890.691
125,368822065,1748336037732,0,0.226,0.22584783,114.83,BTC-30MAY25-85000-C,109695.05,buy,0.8,0.8,,,1748336037.732
126,368822722,1748336741721,0,0.2265,0.22642077,116.89,BTC-30MAY25-85000-C,109767.74,buy,2.0,2.0,,,1748336741.721
127,368822859,1748336843323,1,0.2265,0.22637727,121.19,BTC-30MAY25-85000-C,109756.35,buy,1.3,1.3,,,1748336843.323
128,368822869,1748336845846,1,0.2265,0.22637644,114.48,BTC-30MAY25-85000-C,109771.5,buy,0.7,0.7,,,1748336845.846
129,368823005,1748337019743,1,0.2265,0.22628062,119.96,BTC-30MAY25-85000-C,109754.53,buy,1.1,1.1,,,1748337019.743
130,368823320,1748337448737,2,0.226,0.2259501,112.26,BTC-30MAY25-85000-C,109702.74,buy,0.8,0.8,,,1748337448.737
131,368824829,1748339080391,2,0.225,0.22494034,121.53,BTC-30MAY25-85000-C,109542.18,buy,2.0,2.0,,,1748339080.391
132,368825096,1748339149723,0,0.2265,0.22632459,120.73,BTC-30MAY25-85000-C,109737.33,buy,2.0,2.0,,,1748339149.723
133,368825390,1748339390783,2,0.226,0.2259539,117.13,BTC-30MAY25-85000-C,109707.32,buy,0.9,0.9,,,1748339390.783
134,368826000,1748339646340,0,0.2265,0.22633132,124.26,BTC-30MAY25-85000-C,109752.57,buy,2.0,2.0,,,1748339646.34
135,368826696,1748339695720,0,0.2275,0.22746716,112.28,BTC-30MAY25-85000-C,109913.5,buy,2.0,2.0,,,1748339695.72
136,368827558,1748340176107,2,0.227,0.22701269,115.39,BTC-30MAY25-85000-C,109854.37,buy,2.0,2.0,,,1748340176.107
137,368828235,1748340900346,3,0.227,0.22687414,119.29,BTC-30MAY25-85000-C,109824.92,buy,0.2,0.2,,,1748340900.346
138,368828797,1748341693724,3,0.227,0.22688099,118.51,BTC-30MAY25-85000-C,109822.51,buy,2.0,2.0,,,1748341693.724
139,368828834,1748341799939,3,0.227,0.22696707,117.4,BTC-30MAY25-85000-C,109821.08,buy,0.2,0.2,,,1748341799.939
140,368829409,1748342257282,2,0.2265,0.22645577,114.01,BTC-30MAY25-85000-C,109767.42,buy,1.4,1.4,,,1748342257.282
141,368830151,1748343027735,3,0.2265,0.22638987,118.1,BTC-30MAY25-85000-C,109746.47,buy,1.6,1.6,,,1748343027.735
142,368833377,1748346934489,2,0.2255,0.22538105,118.57,BTC-30MAY25-85000-C,109608.77,buy,2.0,2.0,,,1748346934.489
143,368835034,1748347717057,0,0.2265,0.22644754,115.61,BTC-30MAY25-85000-C,109751.17,buy,2.0,2.0,,,1748347717.057
144,368835970,1748348156730,1,0.2265,0.22641209,116.09,BTC-30MAY25-85000-C,109756.02,buy,1.3,1.3,,,1748348156.73
