trade_seq,trade_id,timestamp,tick_direction,price,mark_price,iv,instrument_name,index_price,direction,contracts,amount,combo_trade_id,combo_id,block_trade_leg_count,block_trade_id,block_rfq_id,unix_sec
435,364038194,1746062634932,2,0.0125,0.01246068,44.79,BTC-30MAY25-85000-P,94623.01,sell,0.2,0.2,,,,,,1746062634.932
436,364040101,1746065296562,3,0.0125,0.01228482,45.3,BTC-30MAY25-85000-P,94796.42,sell,0.1,0.1,,,,,,1746065296.562
437,364041049,1746066067133,3,0.0125,0.01244834,45.27,BTC-30MAY25-85000-P,94782.94,sell,0.2,0.2,,,,,,1746066067.133
438,364046026,1746072343886,2,0.0119,0.01216342,44.6,BTC-30MAY25-85000-P,94840.89,sell,0.2,0.2,364046025,BTC-PCAL-30MAY25_9MAY25-85000,,,,1746072343.886
439,364058943,1746090204927,2,0.0115,0.01151422,45.24,BTC-30MAY25-85000-P,95183.55,sell,0.1,0.1,,,,,,1746090204.927
440,364069735,1746094801037,2,0.0105,0.01022995,46.62,BTC-30MAY25-85000-P,96216.83,sell,0.1,0.1,,,,,,1746094801.037
441,364072016,1746095119535,3,0.0105,0.01028994,46.83,BTC-30MAY25-85000-P,96308.12,sell,1.5,1.5,,,,,,1746095119.535
442,364075303,1746096396980,3,0.0105,0.01088918,46.18,BTC-30MAY25-85000-P,96062.83,sell,0.1,0.1,,,,,,1746096396.98
443,364107368,1746106650105,3,0.0105,0.01030189,47.37,BTC-30MAY25-85000-P,96465.49,sell,0.1,0.1,,,,,,1746106650.105
444,364107792,1746106768799,0,0.011,0.01078918,47.4,BTC-30MAY25-85000-P,96223.39,buy,0.4,0.4,,,,,,1746106768.799
445,364108263,1746106885879,1,0.011,0.01091769,47.22,BTC-30MAY25-85000-P,96128.03,sell,0.2,0.2,,,,,,1746106885.879
447,364109182,1746107024466,1,0.0115,0.01106415,47.74,BTC-30MAY25-85000-P,96034.99,buy,0.1,0.1,,,,,,1746107024.466
446,364109181,1746107024466,0,0.0115,0.01106415,47.74,BTC-30MAY25-85000-P,96034.99,buy,0.1,0.1,,,,,,1746107024.466
448,364110140,1746107141916,2,0.011,0.01087305,47.3,BTC-30MAY25-85000-P,96159.87,sell,0.3,0.3,,,,,,1746107141.916
449,364111223,1746107279124,3,0.011,0.01084318,47.34,BTC-30MAY25-85000-P,96181.09,buy,0.2,0.2,,,,,,1746107279.124
450,364112012,1746107453597,2,0.0105,0.01085096,46.61,BTC-30MAY25-85000-P,96193.6,sell,1.0,1.0,,,,,,1746107453.597
451,364114431,1746107817300,0,0.0115,0.01117778,47.51,BTC-30MAY25-85000-P,95959.25,buy,0.3,0.3,,,,,,1746107817.3
452,364116134,1746108005821,2,0.011,0.01122347,46.61,BTC-30MAY25-85000-P,95906.61,sell,0.1,0.1,,,,,,1746108005.821
453,364118094,1746108471432,3,0.011,0.0108682,47.26,BTC-30MAY25-85000-P,96172.22,sell,0.1,0.1,,,,,,1746108471.432
454,364119204,1746108941371,3,0.011,0.01049243,47.72,BTC-30MAY25-85000-P,96340.25,buy,0.3,0.3,,,,,,1746108941.371
455,364120595,1746109326726,3,0.011,0.0104876,47.83,BTC-30MAY25-85000-P,96393.17,buy,0.2,0.2,,,,,,1746109326.726
456,364120871,1746109477672,3,0.011,0.01048188,47.86,BTC-30MAY25-85000-P,96406.08,buy,0.5,0.5,,,,,,1746109477.672
457,364121505,1746109849205,2,0.0105,0.01031535,47.43,BTC-30MAY25-85000-P,96527.13,sell,0.4,0.4,,,,,,1746109849.205
458,364125032,1746111406406,2,0.0095,0.00990887,46.37,BTC-30MAY25-85000-P,96740.59,sell,0.3,0.3,,,,,,1746111406.406
459,364144343,1746115829261,2,0.0089,0.00917781,46.44,BTC-30MAY25-85000-P,97152.47,sell,12.5,12.5,,BTC-PSR12-30MAY25-85000_78000,2.0,BLOCK-195509,,1746115829.261
461,364147509,1746117490372,1,0.009,0.00894328,47.13,BTC-30MAY25-85000-P,97369.33,sell,0.1,0.1,,,,,,1746117490.372
460,364147508,1746117490372,0,0.009,0.00894328,47.13,BTC-30MAY25-85000-P,97369.33,sell,0.1,0.1,,,,,,1746117490.372
462,364159457,1746123699061,0,0.0095,0.00961936,46.22,BTC-30MAY25-85000-P,96621.06,sell,0.1,0.1,,,,,,1746123699.061
463,364161327,1746124958753,1,0.0095,0.00944759,46.43,BTC-30MAY25-85000-P,96714.3,sell,5.0,5.0,,,,,,1746124958.753
464,364169154,1746129928298,0,0.01,0.00983292,46.45,BTC-30MAY25-85000-P,96418.88,buy,0.3,0.3,,,,,,1746129928.298
465,364172928,1746132106087,2,0.009,0.00947244,45.66,BTC-30MAY25-85000-P,96724.74,sell,0.1,0.1,,,,,,1746132106.087
466,364181025,1746142399224,0,0.01,0.0098692,46.27,BTC-30MAY25-85000-P,96277.02,buy,0.1,0.1,,,,,,1746142399.224
467,364194816,1746151422234,2,0.0095,0.00920745,46.96,BTC-30MAY25-85000-P,96795.42,buy,0.1,0.1,,,,,,1746151422.234
468,364194919,1746151495634,3,0.0095,0.00914613,47.06,BTC-30MAY25-85000-P,96829.84,buy,0.1,0.1,,,,,,1746151495.634
469,364197721,1746153663197,2,0.009,0.00902425,46.6,BTC-30MAY25-85000-P,96974.4,buy,0.1,0.1,,,,,,1746153663.197
470,364198056,1746154004213,3,0.009,0.00904755,46.71,BTC-30MAY25-85000-P,97002.81,sell,2.0,2.0,,,,,,1746154004.213
471,364198088,1746154025867,2,0.0085,0.00902924,45.89,BTC-30MAY25-85000-P,97015.21,sell,0.1,0.1,,,,,,1746154025.867
472,364198113,1746154037921,0,0.009,0.00901053,46.77,BTC-30MAY25-85000-P,97025.03,buy,0.1,0.1,,,,,,1746154037.921
473,364198151,1746154115572,2,0.0085,0.00900501,45.92,BTC-30MAY25-85000-P,97027.56,sell,1.2,1.2,,,,,,1746154115.572
474,364198152,1746154115572,3,0.0085,0.00900501,45.92,BTC-30MAY25-85000-P,97027.56,sell,0.8,0.8,,,,,,1746154115.572
475,364198166,1746154210402,3,0.0085,0.00901226,45.9,BTC-30MAY25-85000-P,97023.7,sell,0.5,0.5,,,,,,1746154210.402
476,364198167,1746154210402,3,0.0085,0.00901226,45.9,BTC-30MAY25-85000-P,97023.7,sell,1.5,1.5,,,,,,1746154210.402
477,364198203,1746154266021,0,0.009,0.00902988,46.76,BTC-30MAY25-85000-P,97027.67,sell,2.0,2.0,,,,,,1746154266.021
478,364198213,1746154326936,2,0.0085,0.009027,45.9,BTC-30MAY25-85000-P,97025.66,sell,2.0,2.0,,,,,,1746154326.936
479,364198298,1746154396283,3,0.0085,0.00900508,45.94,BTC-30MAY25-85000-P,97041.72,sell,2.0,2.0,,,,,,1746154396.283
480,364198299,1746154450533,3,0.0085,0.0090118,45.92,BTC-30MAY25-85000-P,97032.88,sell,2.0,2.0,,,,,,1746154450.533
481,364198311,1746154510678,3,0.0085,0.00901523,45.91,BTC-30MAY25-85000-P,97030.52,sell,2.0,2.0,,,,,,1746154510.678
482,364198326,1746154577621,3,0.0085,0.00900827,45.92,BTC-30MAY25-85000-P,97029.57,sell,2.0,2.0,,,,,,1746154577.621
483,364198350,1746154632909,3,0.0085,0.00900948,45.92,BTC-30MAY25-85000-P,97028.98,sell,0.2,0.2,,,,,,1746154632.909
484,364198351,1746154632909,3,0.0085,0.00900948,45.92,BTC-30MAY25-85000-P,97028.98,sell,1.8,1.8,,,,,,1746154632.909
485,364198360,1746154693997,3,0.0085,0.00900182,45.91,BTC-30MAY25-85000-P,97025.31,sell,2.0,2.0,,,,,,1746154693.997
486,364198380,1746154706336,0,0.009,0.00899709,46.76,BTC-30MAY25-85000-P,97023.92,buy,5.0,5.0,,,,,,1746154706.336
487,364198381,1746154706336,1,0.009,0.00899709,46.76,BTC-30MAY25-85000-P,97023.92,buy,0.1,0.1,,,,,,1746154706.336
488,364198468,1746154754473,1,0.009,0.00905206,46.68,BTC-30MAY25-85000-P,97000.0,sell,2.0,2.0,,,,,,1746154754.473
489,364198600,1746154810249,1,0.009,0.00899452,46.84,BTC-30MAY25-85000-P,97059.81,sell,2.0,2.0,,,,,,1746154810.249
490,364198664,1746154877952,1,0.009,0.0089413,46.96,BTC-30MAY25-85000-P,97089.93,sell,1.0,1.0,,,,,,1746154877.952
491,364198678,1746154889887,2,0.0085,0.00895345,46.07,BTC-30MAY25-85000-P,97084.83,sell,1.0,1.0,,,,,,1746154889.887
492,364198723,1746154932103,3,0.0085,0.00901215,45.96,BTC-30MAY25-85000-P,97051.61,sell,2.0,2.0,,,,,,1746154932.103
493,364198729,1746154992151,3,0.0085,0.00900308,45.97,BTC-30MAY25-85000-P,97054.96,sell,2.0,2.0,,,,,,1746154992.151
494,364198776,1746155053355,3,0.0085,0.00895592,46.06,BTC-30MAY25-85000-P,97083.83,sell,2.0,2.0,,,,,,1746155053.355
495,364198828,1746155114413,3,0.0085,0.00894467,46.08,BTC-30MAY25-85000-P,97094.95,sell,2.0,2.0,,,,,,1746155114.413
496,364198891,1746155178433,3,0.0085,0.00892429,46.13,BTC-30MAY25-85000-P,97109.22,sell,2.0,2.0,,,,,,1746155178.433
497,364198946,1746155234158,3,0.0085,0.00895637,46.09,BTC-30MAY25-85000-P,97096.35,sell,1.0,1.0,,,,,,1746155234.158
498,364198947,1746155234158,3,0.0085,0.00895637,46.09,BTC-30MAY25-85000-P,97096.35,sell,1.0,1.0,,,,,,1746155234.158
501,364199082,1746155303117,3,0.0085,0.00900737,46.0,BTC-30MAY25-85000-P,97064.11,sell,0.1,0.1,,,,,,1746155303.117
499,364199080,1746155303117,3,0.0085,0.00900737,46.0,BTC-30MAY25-85000-P,97064.11,sell,1.0,1.0,,,,,,1746155303.117
500,364199081,1746155303117,3,0.0085,0.00900737,46.0,BTC-30MAY25-85000-P,97064.11,sell,0.9,0.9,,,,,,1746155303.117
502,364199109,1746155356756,3,0.0085,0.00896371,46.08,BTC-30MAY25-85000-P,97088.37,sell,2.0,2.0,,,,,,1746155356.756
503,364199146,1746155419898,3,0.0085,0.00895117,46.11,BTC-30MAY25-85000-P,97099.79,sell,2.0,2.0,,,,,,1746155419.898
504,364199221,1746155483511,3,0.0085,0.00891065,46.19,BTC-30MAY25-85000-P,97127.31,sell,2.0,2.0,,,,,,1746155483.511
505,364199338,1746155542351,3,0.0085,0.00891741,46.19,BTC-30MAY25-85000-P,97130.83,sell,2.0,2.0,,,,,,1746155542.351
506,364199495,1746155596163,3,0.0085,0.0089673,46.12,BTC-30MAY25-85000-P,97105.93,sell,2.0,2.0,,,,,,1746155596.163
507,364199542,1746155659003,3,0.0085,0.00892406,46.2,BTC-30MAY25-85000-P,97139.74,sell,2.0,2.0,,,,,,1746155659.003
508,364199736,1746155722168,3,0.0085,0.00885383,46.31,BTC-30MAY25-85000-P,97182.11,sell,0.5,0.5,,,,,,1746155722.168
509,364199737,1746155722168,3,0.0085,0.00885383,46.31,BTC-30MAY25-85000-P,97182.11,sell,1.5,1.5,,,,,,1746155722.168
510,364199841,1746155791818,3,0.0085,0.00901774,46.06,BTC-30MAY25-85000-P,97086.81,sell,2.0,2.0,,,,,,1746155791.818
511,364199931,1746155843145,3,0.0085,0.00902342,46.05,BTC-30MAY25-85000-P,97083.93,sell,2.0,2.0,,,,,,1746155843.145
512,364200011,1746155903938,3,0.0085,0.00899666,46.08,BTC-30MAY25-85000-P,97098.32,sell,2.0,2.0,,,,,,1746155903.938
513,364200116,1746155963562,3,0.0085,0.00903234,46.02,BTC-30MAY25-85000-P,97073.35,sell,2.0,2.0,,,,,,1746155963.562
514,364200159,1746156023658,3,0.0085,0.00901975,46.03,BTC-30MAY25-85000-P,97079.15,sell,2.0,2.0,,,,,,1746156023.658
515,364200255,1746156085584,3,0.0085,0.00904275,45.99,BTC-30MAY25-85000-P,97059.71,sell,1.1,1.1,,,,,,1746156085.584
516,364200256,1746156085584,3,0.0085,0.00904275,45.99,BTC-30MAY25-85000-P,97059.71,sell,0.9,0.9,,,,,,1746156085.584
517,364200308,1746156146896,3,0.0085,0.00907394,45.92,BTC-30MAY25-85000-P,97040.54,sell,2.0,2.0,,,,,,1746156146.896
518,364200317,1746156200573,3,0.0085,0.00907046,45.92,BTC-30MAY25-85000-P,97035.1,sell,2.0,2.0,,,,,,1746156200.573
519,364200370,1746156260153,3,0.0085,0.00905138,45.93,BTC-30MAY25-85000-P,97043.78,sell,2.0,2.0,,,,,,1746156260.153
520,364200434,1746156321638,3,0.0085,0.00900046,46.01,BTC-30MAY25-85000-P,97066.51,sell,2.0,2.0,,,,,,1746156321.638
521,364200480,1746156384179,3,0.0085,0.00896696,46.08,BTC-30MAY25-85000-P,97092.71,sell,2.0,2.0,,,,,,1746156384.179
522,364200516,1746156443869,3,0.0085,0.00899225,46.03,BTC-30MAY25-85000-P,97071.81,sell,2.0,2.0,,,,,,1746156443.869
523,364200557,1746156497440,3,0.0085,0.00902767,45.97,BTC-30MAY25-85000-P,97046.35,sell,2.0,2.0,,,,,,1746156497.44
524,364200571,1746156564330,3,0.0085,0.00900117,46.0,BTC-30MAY25-85000-P,97060.19,sell,1.0,1.0,,,,,,1746156564.33
525,364200572,1746156564330,3,0.0085,0.00900117,46.0,BTC-30MAY25-85000-P,97060.19,sell,1.0,1.0,,,,,,1746156564.33
526,364200824,1746156620670,3,0.0085,0.00895368,46.09,BTC-30MAY25-85000-P,97091.14,sell,2.0,2.0,,,,,,1746156620.67
527,364201025,1746156681887,3,0.0085,0.00885618,46.24,BTC-30MAY25-85000-P,97149.81,sell,2.0,2.0,,,,,,1746156681.887
528,364201121,1746156742251,3,0.0085,0.00887544,46.19,BTC-30MAY25-85000-P,97129.75,sell,2.0,2.0,,,,,,1746156742.251
529,364201238,1746156799803,3,0.0085,0.00878883,46.33,BTC-30MAY25-85000-P,97190.6,sell,2.0,2.0,,,,,,1746156799.803
530,364201257,1746156859186,3,0.0085,0.00879427,46.31,BTC-30MAY25-85000-P,97191.32,sell,1.0,1.0,,,,,,1746156859.186
531,364201258,1746156859186,3,0.0085,0.00879427,46.31,BTC-30MAY25-85000-P,97191.32,sell,1.0,1.0,,,,,,1746156859.186
532,364201390,1746156923032,3,0.0085,0.00882817,46.24,BTC-30MAY25-85000-P,97160.6,sell,2.0,2.0,,,,,,1746156923.032
533,364201470,1746156986075,3,0.0085,0.00878098,46.3,BTC-30MAY25-85000-P,97185.04,sell,2.0,2.0,,,,,,1746156986.075
534,364201483,1746157007786,3,0.0085,0.00877776,46.3,BTC-30MAY25-85000-P,97186.9,sell,0.1,0.1,,,,,,1746157007.786
535,364201488,1746157019851,3,0.0085,0.00877652,46.3,BTC-30MAY25-85000-P,97189.45,sell,2.0,2.0,,,,,,1746157019.851
536,364201538,1746157072654,3,0.0085,0.0086984,46.41,BTC-30MAY25-85000-P,97225.36,buy,0.1,0.1,,,,,,1746157072.654
537,364202019,1746157362031,3,0.0085,0.00866149,46.44,BTC-30MAY25-85000-P,97237.39,buy,0.1,0.1,,,,,,1746157362.031
538,364202023,1746157368371,3,0.0085,0.00865829,46.44,BTC-30MAY25-85000-P,97238.89,buy,0.1,0.1,,,,,,1746157368.371
539,364202031,1746157380628,3,0.0085,0.00866277,46.42,BTC-30MAY25-85000-P,97231.37,buy,0.1,0.1,,,,,,1746157380.628
540,364202517,1746157574083,2,0.008,0.00858489,45.57,BTC-30MAY25-85000-P,97245.93,sell,0.1,0.1,,,,,,1746157574.083
541,364203380,1746157753233,0,0.0087,0.00858146,46.76,BTC-30MAY25-85000-P,97232.63,buy,50.0,50.0,,,4.0,BLOCK-195567,2708.0,1746157753.233
542,364207573,1746160116612,0,0.009,0.00897058,47.19,BTC-30MAY25-85000-P,97148.97,buy,1.0,1.0,,,,,,1746160116.612
543,364207574,1746160126265,1,0.009,0.00897723,47.18,BTC-30MAY25-85000-P,97145.32,buy,1.0,1.0,,,,,,1746160126.265
544,364209967,1746161581191,1,0.009,0.00908778,46.77,BTC-30MAY25-85000-P,96958.34,buy,1.4,1.4,,,,,,1746161581.191
545,364212982,1746162272367,1,0.009,0.00895902,46.87,BTC-30MAY25-85000-P,96991.25,buy,55.0,55.0,,,4.0,BLOCK-195577,2715.0,1746162272.367
546,364214201,1746163295816,0,0.0092,0.00916973,46.79,BTC-30MAY25-85000-P,96855.82,buy,55.0,55.0,,,4.0,BLOCK-195584,2717.0,1746163295.816
547,364221464,1746167684636,2,0.009,0.00903561,46.7,BTC-30MAY25-85000-P,96899.66,sell,1.0,1.0,364221463,BTC-PS-30MAY25-88000_85000,,,,1746167684.636
548,364221617,1746167707620,3,0.009,0.00906071,46.65,BTC-30MAY25-85000-P,96876.34,buy,0.2,0.2,,,,,,1746167707.62
549,364221621,1746167707655,3,0.009,0.00906071,46.65,BTC-30MAY25-85000-P,96876.34,buy,0.7,0.7,,,,,,1746167707.655
550,364221657,1746167707936,3,0.009,0.00906071,46.65,BTC-30MAY25-85000-P,96876.34,buy,0.1,0.1,,,,,,1746167707.936
551,364244431,1746174481347,0,0.0094,0.00924498,46.83,BTC-30MAY25-85000-P,96634.54,sell,12.5,12.5,,BTC-PSR12-30MAY25-85000_80000,2.0,BLOCK-195632,,1746174481.347
552,364246889,1746175387139,2,0.0092,0.00913047,46.94,BTC-30MAY25-85000-P,96795.76,sell,12.5,12.5,,BTC-ICOND-30MAY25-76000_85000_125000_200000,4.0,BLOCK-195644,,1746175387.139
553,364247838,1746176073744,0,0.0094,0.00912677,47.04,BTC-30MAY25-85000-P,96700.06,buy,50.0,50.0,,BTC-IBUT-30MAY25-85000_98000_115000,4.0,BLOCK-195650,2741.0,1746176073.744
554,364248555,1746176417500,0,0.0096,0.00927978,46.97,BTC-30MAY25-85000-P,96547.48,buy,50.0,50.0,,BTC-IBUT-30MAY25-85000_98000_115000,4.0,BLOCK-195651,2742.0,1746176417.5
555,364250406,1746177068726,2,0.0092,0.00902587,46.87,BTC-30MAY25-85000-P,96788.71,sell,3.0,3.0,364250405,BTC-STRG-30MAY25-85000_115000,,,,1746177068.726
556,364251846,1746178448924,0,0.0095,0.00931679,47.01,BTC-30MAY25-85000-P,96682.1,buy,0.1,0.1,,,,,,1746178448.924
558,364284237,1746196240793,3,0.008,0.0080196,45.74,BTC-30MAY25-85000-P,97208.96,sell,0.1,0.1,,,,,,1746196240.793
557,364284236,1746196240793,2,0.008,0.0080196,45.74,BTC-30MAY25-85000-P,97208.96,sell,0.1,0.1,,,,,,1746196240.793
559,364290532,1746197338644,2,0.0077,0.00767931,46.07,BTC-30MAY25-85000-P,97580.96,sell,12.5,12.5,,BTC-PSR12-30MAY25-85000_78000,2.0,BLOCK-195681,,1746197338.644
560,364320142,1746207885877,0,0.008,0.00766293,45.97,BTC-30MAY25-85000-P,97309.48,buy,1.0,1.0,,,,,,1746207885.877
561,364330477,1746209781002,2,0.007,0.00722014,44.72,BTC-30MAY25-85000-P,97589.1,sell,3.0,3.0,,,,,,1746209781.002
562,364350329,1746217278872,0,0.0075,0.00747054,44.44,BTC-30MAY25-85000-P,97011.19,buy,0.1,0.1,,,,,,1746217278.872
563,364372722,1746238430431,1,0.0075,0.00772818,43.84,BTC-30MAY25-85000-P,96678.63,sell,6.8,6.8,,,,,,1746238430.431
566,364372725,1746238431199,1,0.0075,0.00772818,43.84,BTC-30MAY25-85000-P,96678.63,sell,1.0,1.0,,,,,,1746238431.199
564,364372723,1746238431199,1,0.0075,0.00772818,43.84,BTC-30MAY25-85000-P,96678.63,sell,0.1,0.1,,,,,,1746238431.199
565,364372724,1746238431199,1,0.0075,0.00772818,43.84,BTC-30MAY25-85000-P,96678.63,sell,0.9,0.9,,,,,,1746238431.199
568,364372727,1746238431199,1,0.0075,0.00772818,43.84,BTC-30MAY25-85000-P,96678.63,sell,0.5,0.5,,,,,,1746238431.199
567,364372726,1746238431199,1,0.0075,0.00772818,43.84,BTC-30MAY25-85000-P,96678.63,sell,0.1,0.1,,,,,,1746238431.199
569,364483969,1746287344273,1,0.0075,0.00745707,43.44,BTC-30MAY25-85000-P,96444.09,buy,1.0,1.0,,,,,,1746287344.273
570,364512609,1746307578285,0,0.0085,0.00786597,45.45,BTC-30MAY25-85000-P,96401.29,buy,0.1,0.1,,,,,,1746307578.285
571,364616840,1746365881478,0,0.0095,0.00909103,44.91,BTC-30MAY25-85000-P,95409.45,buy,0.5,0.5,,,,,,1746365881.478
572,364624799,1746375806457,1,0.0095,0.00903652,45.38,BTC-30MAY25-85000-P,95501.62,buy,0.2,0.2,,,,,,1746375806.457
573,364632544,1746385967334,2,0.009,0.00902964,44.57,BTC-30MAY25-85000-P,95454.76,sell,0.1,0.1,,,,,,1746385967.334
574,364632545,1746385969760,3,0.009,0.00902998,44.57,BTC-30MAY25-85000-P,95454.76,sell,0.1,0.1,,,,,,1746385969.76
575,364632549,1746385995486,3,0.009,0.0090331,44.57,BTC-30MAY25-85000-P,95455.41,sell,0.2,0.2,,,,,,1746385995.486
576,364632579,1746386071873,3,0.009,0.00907559,44.51,BTC-30MAY25-85000-P,95439.94,sell,0.3,0.3,,,,,,1746386071.873
577,364632896,1746386393271,3,0.009,0.00906644,44.51,BTC-30MAY25-85000-P,95435.52,sell,0.1,0.1,,,,,,1746386393.271
578,364633562,1746386465807,3,0.009,0.00904315,44.55,BTC-30MAY25-85000-P,95447.86,sell,0.1,0.1,,,,,,1746386465.807
579,364634219,1746386899688,3,0.009,0.00899755,44.64,BTC-30MAY25-85000-P,95492.77,buy,0.3,0.3,,,,,,1746386899.688
580,364660878,1746399965579,0,0.01,0.01016091,44.34,BTC-30MAY25-85000-P,94817.94,buy,0.1,0.1,,,,,,1746399965.579
581,364660879,1746399965579,1,0.01,0.01016091,44.34,BTC-30MAY25-85000-P,94817.94,buy,0.1,0.1,,,,,,1746399965.579
582,364671269,1746402754641,0,0.0115,0.01097568,45.35,BTC-30MAY25-85000-P,94334.49,buy,0.2,0.2,,,,,,1746402754.641
583,364671270,1746402754715,1,0.0115,0.01097568,45.35,BTC-30MAY25-85000-P,94334.49,buy,0.2,0.2,,,,,,1746402754.715
584,364671271,1746402754790,1,0.0115,0.01097568,45.35,BTC-30MAY25-85000-P,94334.49,buy,0.4,0.4,,,,,,1746402754.79
585,364671272,1746402754863,1,0.0115,0.01097568,45.35,BTC-30MAY25-85000-P,94334.49,buy,0.1,0.1,,,,,,1746402754.863
586,364671273,1746402754936,1,0.0115,0.01097555,45.35,BTC-30MAY25-85000-P,94334.04,buy,0.2,0.2,,,,,,1746402754.936
587,364671274,1746402755009,1,0.0115,0.01097555,45.35,BTC-30MAY25-85000-P,94334.04,buy,0.1,0.1,,,,,,1746402755.009
588,364671275,1746402755087,1,0.0115,0.01097555,45.35,BTC-30MAY25-85000-P,94334.04,buy,0.2,0.2,,,,,,1746402755.087
589,364677637,1746407313286,2,0.01,0.01052273,43.56,BTC-30MAY25-85000-P,94475.72,sell,0.1,0.1,,,,,,1746407313.286
590,364678007,1746407510993,0,0.0105,0.0105976,44.19,BTC-30MAY25-85000-P,94424.57,buy,0.2,0.2,,,,,,1746407510.993
591,364680082,1746408658742,0,0.011,0.01113179,44.19,BTC-30MAY25-85000-P,94162.88,buy,0.1,0.1,,,,,,1746408658.742
592,364681987,1746408789039,0,0.0115,0.0117151,44.0,BTC-30MAY25-85000-P,93844.82,buy,0.1,0.1,,,,,,1746408789.039
593,364684554,1746409413437,0,0.012,0.01165907,44.93,BTC-30MAY25-85000-P,93916.92,buy,0.1,0.1,,,,,,1746409413.437
594,364684555,1746409413529,1,0.012,0.01165907,44.93,BTC-30MAY25-85000-P,93916.92,buy,0.2,0.2,,,,,,1746409413.529
595,364684556,1746409413622,1,0.012,0.01165907,44.93,BTC-30MAY25-85000-P,93916.92,buy,2.5,2.5,,,,,,1746409413.622
596,364684557,1746409413712,1,0.012,0.01163843,44.94,BTC-30MAY25-85000-P,93917.67,buy,0.4,0.4,,,,,,1746409413.712
597,364684558,1746409413804,1,0.012,0.01163843,44.94,BTC-30MAY25-85000-P,93917.67,buy,1.0,1.0,,,,,,1746409413.804
598,364684559,1746409413895,1,0.012,0.01163843,44.94,BTC-30MAY25-85000-P,93917.67,buy,0.7,0.7,,,,,,1746409413.895
599,364684560,1746409413985,1,0.012,0.01163843,44.94,BTC-30MAY25-85000-P,93917.67,buy,15.5,15.5,,,,,,1746409413.985
600,364684561,1746409414077,1,0.012,0.01163843,44.94,BTC-30MAY25-85000-P,93917.67,buy,0.2,0.2,,,,,,1746409414.077
601,364684562,1746409414166,1,0.012,0.01163843,44.94,BTC-30MAY25-85000-P,93917.67,buy,0.6,0.6,,,,,,1746409414.166
602,364684563,1746409414257,1,0.012,0.01163843,44.94,BTC-30MAY25-85000-P,93917.67,buy,0.6,0.6,,,,,,1746409414.257
603,364684564,1746409414353,1,0.012,0.01163843,44.94,BTC-30MAY25-85000-P,93917.67,buy,0.1,0.1,,,,,,1746409414.353
604,364688337,1746411078420,1,0.012,0.01169709,44.86,BTC-30MAY25-85000-P,93874.01,sell,0.1,0.1,,,,,,1746411078.42
605,364688344,1746411078669,1,0.012,0.01169709,44.86,BTC-30MAY25-85000-P,93874.01,sell,0.1,0.1,,,,,,1746411078.669
606,364688351,1746411079152,1,0.012,0.01169709,44.86,BTC-30MAY25-85000-P,93874.01,sell,0.3,0.3,,,,,,1746411079.152
607,364690895,1746411903457,2,0.0115,0.01127196,45.14,BTC-30MAY25-85000-P,94210.84,buy,0.2,0.2,,,,,,1746411903.457
608,364690932,1746411948437,3,0.0115,0.01131089,45.1,BTC-30MAY25-85000-P,94196.28,buy,0.1,0.1,,,,,,1746411948.437
609,364692519,1746413590255,2,0.0105,0.01098593,44.21,BTC-30MAY25-85000-P,94365.28,sell,0.1,0.1,,,,,,1746413590.255
610,364713650,1746430104346,2,0.01,0.01042876,44.2,BTC-30MAY25-85000-P,94576.14,sell,0.1,0.1,,,,,,1746430104.346
611,364717798,1746432146709,3,0.01,0.00998862,44.62,BTC-30MAY25-85000-P,94731.36,buy,0.1,0.1,,,,,,1746432146.709
612,364719518,1746433506527,2,0.0095,0.01008975,43.41,BTC-30MAY25-85000-P,94607.43,sell,0.1,0.1,,,,,,1746433506.527
613,364722390,1746437729279,0,0.01,0.01012244,44.25,BTC-30MAY25-85000-P,94618.54,sell,0.1,0.1,,,,,,1746437729.279
614,364722391,1746437729279,1,0.01,0.01012244,44.25,BTC-30MAY25-85000-P,94618.54,sell,0.9,0.9,,,,,,1746437729.279
615,364727340,1746442414033,0,0.011,0.01100258,44.4,BTC-30MAY25-85000-P,94092.8,sell,0.2,0.2,,,,,,1746442414.033
616,364727464,1746442483624,1,0.011,0.01097652,44.49,BTC-30MAY25-85000-P,94119.7,sell,0.5,0.5,,,,,,1746442483.624
617,364727467,1746442484417,1,0.011,0.01097617,44.49,BTC-30MAY25-85000-P,94119.58,sell,0.1,0.1,,,,,,1746442484.417
618,364727723,1746442776402,1,0.011,0.01109946,44.51,BTC-30MAY25-85000-P,94126.83,sell,0.5,0.5,,,,,,1746442776.402
620,364727725,1746442776402,1,0.011,0.01109946,44.51,BTC-30MAY25-85000-P,94126.83,sell,2.5,2.5,,,,,,1746442776.402
623,364727728,1746442776402,1,0.011,0.01109946,44.51,BTC-30MAY25-85000-P,94126.83,sell,0.6,0.6,,,,,,1746442776.402
621,364727726,1746442776402,1,0.011,0.01109946,44.51,BTC-30MAY25-85000-P,94126.83,sell,0.2,0.2,,,,,,1746442776.402
622,364727727,1746442776402,1,0.011,0.01109946,44.51,BTC-30MAY25-85000-P,94126.83,sell,0.1,0.1,,,,,,1746442776.402
619,364727724,1746442776402,1,0.011,0.01109946,44.51,BTC-30MAY25-85000-P,94126.83,sell,1.0,1.0,,,,,,1746442776.402
624,364727729,1746442776402,1,0.011,0.01109946,44.51,BTC-30MAY25-85000-P,94126.83,sell,0.4,0.4,,,,,,1746442776.402
625,364727730,1746442776402,1,0.011,0.01109946,44.51,BTC-30MAY25-85000-P,94126.83,sell,0.1,0.1,,,,,,1746442776.402
626,364727731,1746442776402,1,0.011,0.01109946,44.51,BTC-30MAY25-85000-P,94126.83,sell,7.8,7.8,,,,,,1746442776.402
627,364727733,1746442776770,1,0.011,0.01109946,44.51,BTC-30MAY25-85000-P,94126.83,sell,6.7,6.7,,,,,,1746442776.77
629,364727735,1746442776775,1,0.011,0.01109946,44.51,BTC-30MAY25-85000-P,94126.83,sell,0.2,0.2,,,,,,1746442776.775
628,364727734,1746442776775,1,0.011,0.01109946,44.51,BTC-30MAY25-85000-P,94126.83,sell,1.0,1.0,,,,,,1746442776.775
632,364730197,1746444542512,1,0.011,0.01132302,44.1,BTC-30MAY25-85000-P,94002.62,sell,0.9,0.9,,,,,,1746444542.512
631,364730196,1746444542512,1,0.011,0.01132302,44.1,BTC-30MAY25-85000-P,94002.62,sell,1.0,1.0,,,,,,1746444542.512
630,364730195,1746444542512,1,0.011,0.01132302,44.1,BTC-30MAY25-85000-P,94002.62,sell,0.1,0.1,,,,,,1746444542.512
634,364747231,1746453379015,1,0.0115,0.01164842,44.83,BTC-30MAY25-85000-P,93897.49,sell,0.1,0.1,,,,,,1746453379.015
633,364747230,1746453379015,0,0.0115,0.01164842,44.83,BTC-30MAY25-85000-P,93897.49,sell,0.1,0.1,,,,,,1746453379.015
635,364760685,1746456299332,1,0.0115,0.01110893,45.34,BTC-30MAY25-85000-P,94078.17,buy,0.1,0.1,,,,,,1746456299.332
636,364765163,1746458064130,1,0.0115,0.01157514,44.35,BTC-30MAY25-85000-P,93724.89,sell,0.1,0.1,,,,,,1746458064.13
637,364765164,1746458064130,1,0.0115,0.01157514,44.35,BTC-30MAY25-85000-P,93724.89,sell,1.0,1.0,,,,,,1746458064.13
638,364766151,1746458412447,1,0.0115,0.01134311,44.75,BTC-30MAY25-85000-P,93872.9,sell,0.1,0.1,,,,,,1746458412.447
639,364767753,1746459477942,0,0.0116,0.01150038,44.82,BTC-30MAY25-85000-P,93839.93,buy,50.0,50.0,,BTC-PS-30MAY25-85000_70000,2.0,BLOCK-195912,,1746459477.942
640,364769222,1746460511220,2,0.0115,0.01156263,44.38,BTC-30MAY25-85000-P,93729.83,sell,0.1,0.1,,,,,,1746460511.22
641,364777702,1746465891142,2,0.0105,0.01043109,44.66,BTC-30MAY25-85000-P,94323.48,sell,0.1,0.1,,,,,,1746465891.142
642,364784541,1746468421485,2,0.01,0.00986066,44.7,BTC-30MAY25-85000-P,94605.33,sell,0.1,0.1,,,,,,1746468421.485
643,364785784,1746468820309,3,0.01,0.00992413,44.72,BTC-30MAY25-85000-P,94608.33,sell,0.1,0.1,,,,,,1746468820.309
644,364788779,1746470109875,2,0.0095,0.00982344,44.24,BTC-30MAY25-85000-P,94723.21,sell,0.5,0.5,,,,,,1746470109.875
645,364789644,1746470213586,0,0.01,0.00977285,45.15,BTC-30MAY25-85000-P,94751.49,buy,0.1,0.1,,,,,,1746470213.586
646,364792578,1746472179523,2,0.0095,0.00947129,44.48,BTC-30MAY25-85000-P,94808.32,sell,0.1,0.1,,,,,,1746472179.523
647,364792579,1746472179523,3,0.0095,0.00947129,44.48,BTC-30MAY25-85000-P,94808.32,sell,0.1,0.1,,,,,,1746472179.523
648,364792936,1746472755188,3,0.0095,0.00954885,44.41,BTC-30MAY25-85000-P,94790.53,sell,0.1,0.1,,,,,,1746472755.188
649,364794480,1746474544746,0,0.01,0.00978387,44.27,BTC-30MAY25-85000-P,94431.66,buy,0.1,0.1,,,,,,1746474544.746
650,364794868,1746474804433,1,0.01,0.00980479,44.22,BTC-30MAY25-85000-P,94414.31,buy,0.3,0.3,,,,,,1746474804.433
651,364794869,1746474804433,1,0.01,0.00980479,44.22,BTC-30MAY25-85000-P,94414.31,buy,0.2,0.2,,,,,,1746474804.433
652,364802835,1746480502581,2,0.0094,0.00935062,43.86,BTC-30MAY25-85000-P,94630.57,sell,0.3,0.3,364802833,BTC-RR-30MAY25-85000_110000,,,,1746480502.581
653,364803532,1746481050512,0,0.01,0.0095069,44.48,BTC-30MAY25-85000-P,94491.11,buy,0.1,0.1,,,,,,1746481050.512
654,364805933,1746482914894,2,0.009,0.00903156,43.63,BTC-30MAY25-85000-P,94787.61,sell,0.1,0.1,,,,,,1746482914.894
655,364808673,1746484925250,2,0.0085,0.00846102,43.93,BTC-30MAY25-85000-P,95177.19,sell,0.2,0.2,,,,,,1746484925.25
656,364808684,1746484937258,3,0.0085,0.00844772,43.95,BTC-30MAY25-85000-P,95184.36,sell,0.3,0.3,,,,,,1746484937.258
657,364816967,1746495867556,0,0.009,0.00937419,42.72,BTC-30MAY25-85000-P,94392.08,sell,0.1,0.1,,,,,,1746495867.556
658,364819627,1746497917115,0,0.0095,0.00958502,43.0,BTC-30MAY25-85000-P,94174.63,buy,0.4,0.4,,,,,,1746497917.115
659,364819629,1746497921401,1,0.0095,0.00958322,43.0,BTC-30MAY25-85000-P,94175.0,buy,0.1,0.1,,,,,,1746497921.401
660,364819995,1746498035656,0,0.01,0.00967943,43.64,BTC-30MAY25-85000-P,94110.41,buy,1.0,1.0,,,,,,1746498035.656
661,364819996,1746498035656,1,0.01,0.00967943,43.64,BTC-30MAY25-85000-P,94110.41,buy,1.3,1.3,,,,,,1746498035.656
662,364819997,1746498035656,1,0.01,0.00967943,43.64,BTC-30MAY25-85000-P,94110.41,buy,0.5,0.5,,,,,,1746498035.656
663,364827046,1746505529104,2,0.0095,0.00960957,43.99,BTC-30MAY25-85000-P,94523.34,sell,2.0,2.0,,,,,,1746505529.104
664,364831299,1746511150791,3,0.0095,0.00959419,43.35,BTC-30MAY25-85000-P,94303.68,buy,0.1,0.1,,,,,,1746511150.791
665,364831329,1746511162406,3,0.0095,0.00958644,43.36,BTC-30MAY25-85000-P,94315.42,buy,0.1,0.1,,,,,,1746511162.406
666,364849286,1746527867937,3,0.0095,0.00953956,43.28,BTC-30MAY25-85000-P,94216.11,sell,0.1,0.1,,,,,,1746527867.937
667,364855032,1746532398266,0,0.0105,0.01038566,43.48,BTC-30MAY25-85000-P,93731.74,buy,0.1,0.1,,,,,,1746532398.266
668,364862041,1746538198430,1,0.0105,0.01043847,43.52,BTC-30MAY25-85000-P,93736.1,buy,0.4,0.4,,,,,,1746538198.43
670,364862043,1746538198430,1,0.0105,0.01043847,43.52,BTC-30MAY25-85000-P,93736.1,buy,0.2,0.2,,,,,,1746538198.43
669,364862042,1746538198430,1,0.0105,0.01043847,43.52,BTC-30MAY25-85000-P,93736.1,buy,0.1,0.1,,,,,,1746538198.43
671,364876514,1746541088412,1,0.0105,0.01000533,45.13,BTC-30MAY25-85000-P,94265.07,buy,0.1,0.1,,,,,,1746541088.412
672,364877163,1746541198601,2,0.01,0.00987428,44.58,BTC-30MAY25-85000-P,94358.66,sell,0.3,0.3,,,,,,1746541198.601
673,364879650,1746541605059,3,0.01,0.00989153,44.59,BTC-30MAY25-85000-P,94376.91,sell,0.1,0.1,,,,,,1746541605.059
674,364880718,1746542071076,3,0.01,0.00989227,44.54,BTC-30MAY25-85000-P,94349.23,buy,0.1,0.1,,,,,,1746542071.076
675,364881061,1746542221778,3,0.01,0.00989178,44.49,BTC-30MAY25-85000-P,94339.79,sell,0.4,0.4,,,,,,1746542221.778
676,364881354,1746542497032,3,0.01,0.00999967,44.36,BTC-30MAY25-85000-P,94288.35,sell,0.1,0.1,,,,,,1746542497.032
677,364881977,1746542897241,0,0.0105,0.00992248,45.25,BTC-30MAY25-85000-P,94298.48,buy,0.2,0.2,,,,,,1746542897.241
678,364883190,1746543297138,1,0.0105,0.01007496,44.8,BTC-30MAY25-85000-P,94152.93,buy,0.2,0.2,,,,,,1746543297.138
679,364883449,1746543428363,1,0.0105,0.01013805,44.64,BTC-30MAY25-85000-P,94100.78,buy,0.1,0.1,,,,,,1746543428.363
680,364883705,1746543549627,1,0.0105,0.01006383,44.73,BTC-30MAY25-85000-P,94121.39,buy,0.3,0.3,,,,,,1746543549.627
681,364906975,1746558130954,2,0.0085,0.00870396,44.43,BTC-30MAY25-85000-P,95089.34,sell,0.9,0.9,,,,,,1746558130.954
682,364906976,1746558130954,3,0.0085,0.00870396,44.43,BTC-30MAY25-85000-P,95089.34,sell,0.1,0.1,,,,,,1746558130.954
684,364919734,1746566796950,1,0.0095,0.00920913,44.76,BTC-30MAY25-85000-P,94577.69,buy,2.4,2.4,,,,,,1746566796.95
685,364919735,1746566796950,1,0.0095,0.00920913,44.76,BTC-30MAY25-85000-P,94577.69,buy,5.0,5.0,,,,,,1746566796.95
683,364919733,1746566796950,0,0.0095,0.00920913,44.76,BTC-30MAY25-85000-P,94577.69,buy,0.5,0.5,,,,,,1746566796.95
686,364919736,1746566796952,1,0.0095,0.00920913,44.76,BTC-30MAY25-85000-P,94577.69,sell,2.4,2.4,,,,,,1746566796.952
687,364919737,1746566796958,1,0.0095,0.00920913,44.76,BTC-30MAY25-85000-P,94577.69,sell,1.0,1.0,,,,,,1746566796.958
688,364919738,1746566796960,1,0.0095,0.00920913,44.76,BTC-30MAY25-85000-P,94577.69,sell,8.7,8.7,,,,,,1746566796.96
689,364920338,1746567836271,1,0.0095,0.00912944,44.99,BTC-30MAY25-85000-P,94651.95,buy,0.2,0.2,,,,,,1746567836.271
690,364931092,1746570958899,2,0.0085,0.00779962,46.46,BTC-30MAY25-85000-P,95766.11,buy,0.5,0.5,,,,,,1746570958.899
691,364938574,1746572191586,2,0.0075,0.00763531,45.68,BTC-30MAY25-85000-P,96147.71,sell,0.2,0.2,,,,,,1746572191.586
692,364938743,1746572243460,3,0.0075,0.00763582,45.71,BTC-30MAY25-85000-P,96156.83,sell,0.2,0.2,,,,,,1746572243.46
693,364954020,1746576445490,2,0.007,0.00700117,46.8,BTC-30MAY25-85000-P,96985.72,sell,0.1,0.1,,,,,,1746576445.49
694,364964506,1746579953961,2,0.0067,0.00666244,47.72,BTC-30MAY25-85000-P,97547.54,sell,25.0,25.0,,BTC-PSR12-30MAY25-85000_78000,2.0,BLOCK-196106,2964.0,1746579953.961
695,364966917,1746580754739,0,0.0068,0.0068816,47.61,BTC-30MAY25-85000-P,97427.76,sell,25.0,25.0,,BTC-PSR12-30MAY25-85000_78000,2.0,BLOCK-196111,2972.0,1746580754.739
696,364990727,1746598547022,0,0.007,0.00693377,46.05,BTC-30MAY25-85000-P,96627.66,sell,0.1,0.1,,,,,,1746598547.022
697,364992265,1746600778679,1,0.007,0.006971,45.84,BTC-30MAY25-85000-P,96521.92,sell,0.1,0.1,,,,,,1746600778.679
698,364997677,1746605096775,2,0.0065,0.00669295,45.8,BTC-30MAY25-85000-P,96908.33,sell,0.2,0.2,,,,,,1746605096.775
699,365001535,1746609630081,0,0.007,0.00659431,46.89,BTC-30MAY25-85000-P,96896.4,buy,1.0,1.0,,,,,,1746609630.081
701,365010890,1746620859915,3,0.0065,0.00635505,46.3,BTC-30MAY25-85000-P,97022.15,buy,1.4,1.4,,,,,,1746620859.915
700,365010889,1746620859915,2,0.0065,0.00635505,46.3,BTC-30MAY25-85000-P,97022.15,buy,0.2,0.2,,,,,,1746620859.915
702,365011854,1746622437927,2,0.0064,0.00645421,45.98,BTC-30MAY25-85000-P,96967.11,buy,50.0,50.0,,BTC-PCAL-27JUN25_30MAY25-85000,2.0,BLOCK-196262,,1746622437.927
703,365012860,1746624477964,0,0.0065,0.00655529,45.63,BTC-30MAY25-85000-P,96744.86,buy,0.1,0.1,,,,,,1746624477.964
704,365042863,1746641574944,0,0.0071,0.00712225,45.16,BTC-30MAY25-85000-P,96037.95,sell,12.5,12.5,,BTC-PDIAG-30MAY25_16MAY25-85000_91000,2.0,BLOCK-196302,,1746641574.944
705,365052067,1746644677569,2,0.007,0.00667059,46.03,BTC-30MAY25-85000-P,96459.07,buy,1.6,1.6,,,,,,1746644677.569
706,365087642,1746659347211,2,0.0055,0.00564938,45.52,BTC-30MAY25-85000-P,97383.43,sell,0.1,0.1,,,,,,1746659347.211
707,365092254,1746664559443,3,0.0055,0.00588186,44.48,BTC-30MAY25-85000-P,96982.01,sell,0.2,0.2,,,,,,1746664559.443
708,365092327,1746664600891,3,0.0055,0.00591337,44.39,BTC-30MAY25-85000-P,96945.43,sell,0.1,0.1,,,,,,1746664600.891
709,365094658,1746665858594,3,0.0055,0.00536837,45.77,BTC-30MAY25-85000-P,97495.32,sell,0.1,0.1,,,,,,1746665858.594
711,365094681,1746665859236,3,0.0055,0.00535947,45.83,BTC-30MAY25-85000-P,97511.34,sell,0.1,0.1,,,,,,1746665859.236
710,365094680,1746665859236,3,0.0055,0.00535947,45.83,BTC-30MAY25-85000-P,97511.34,sell,0.1,0.1,,,,,,1746665859.236
712,365094688,1746665859280,3,0.0055,0.00535947,45.83,BTC-30MAY25-85000-P,97511.34,sell,0.1,0.1,,,,,,1746665859.28
713,365094712,1746665859725,3,0.0055,0.00535947,45.83,BTC-30MAY25-85000-P,97511.34,sell,0.2,0.2,,,,,,1746665859.725
714,365094714,1746665859814,3,0.0055,0.00536062,45.84,BTC-30MAY25-85000-P,97517.11,sell,0.3,0.3,,,,,,1746665859.814
715,365094715,1746665859838,3,0.0055,0.00536062,45.84,BTC-30MAY25-85000-P,97517.11,sell,0.1,0.1,,,,,,1746665859.838
716,365094727,1746665860573,3,0.0055,0.00536062,45.84,BTC-30MAY25-85000-P,97517.11,sell,0.1,0.1,,,,,,1746665860.573
717,365094733,1746665861249,3,0.0055,0.00534439,45.88,BTC-30MAY25-85000-P,97529.68,sell,0.1,0.1,,,,,,1746665861.249
718,365094746,1746665861361,3,0.0055,0.00534439,45.88,BTC-30MAY25-85000-P,97529.68,sell,0.1,0.1,,,,,,1746665861.361
719,365094751,1746665861422,3,0.0055,0.00534439,45.88,BTC-30MAY25-85000-P,97529.68,sell,0.2,0.2,,,,,,1746665861.422
720,365094905,1746665869866,3,0.0055,0.0053309,45.92,BTC-30MAY25-85000-P,97546.57,sell,0.1,0.1,,,,,,1746665869.866
721,365094906,1746665869904,3,0.0055,0.0053309,45.92,BTC-30MAY25-85000-P,97546.57,sell,0.2,0.2,,,,,,1746665869.904
722,365094907,1746665869986,3,0.0055,0.0053309,45.92,BTC-30MAY25-85000-P,97546.57,sell,0.4,0.4,,,,,,1746665869.986
723,365094912,1746665870130,3,0.0055,0.0053309,45.92,BTC-30MAY25-85000-P,97546.57,sell,0.1,0.1,,,,,,1746665870.13
724,365094918,1746665870526,3,0.0055,0.0053309,45.92,BTC-30MAY25-85000-P,97546.57,sell,0.1,0.1,,,,,,1746665870.526
725,365094949,1746665872440,3,0.0055,0.0053303,45.94,BTC-30MAY25-85000-P,97564.23,sell,0.1,0.1,,,,,,1746665872.44
726,365094951,1746665872443,3,0.0055,0.0053303,45.94,BTC-30MAY25-85000-P,97564.23,sell,8.8,8.8,,,,,,1746665872.443
728,365103382,1746666951388,3,0.005,0.00543594,44.99,BTC-30MAY25-85000-P,97651.54,sell,1.0,1.0,,,,,,1746666951.388
727,365103381,1746666951388,2,0.005,0.00543594,44.99,BTC-30MAY25-85000-P,97651.54,sell,0.1,0.1,,,,,,1746666951.388
729,365103383,1746666951391,3,0.005,0.00543594,44.99,BTC-30MAY25-85000-P,97651.54,buy,0.9,0.9,,,,,,1746666951.391
730,365108358,1746668419114,2,0.0049,0.00520834,45.56,BTC-30MAY25-85000-P,97943.12,sell,25.0,25.0,,,2.0,BLOCK-196352,3047.0,1746668419.114
731,365112565,1746670282001,3,0.0049,0.0048522,45.79,BTC-30MAY25-85000-P,98005.98,buy,0.1,0.1,,,,,,1746670282.001
732,365113558,1746670717435,2,0.0047,0.00465722,45.66,BTC-30MAY25-85000-P,98175.81,sell,1.0,1.0,,,,,,1746670717.435
733,365129768,1746675710971,2,0.0039,0.00395829,45.44,BTC-30MAY25-85000-P,98928.52,buy,0.1,0.1,,,,,,1746675710.971
735,365137319,1746677189775,1,0.004,0.00374934,46.71,BTC-30MAY25-85000-P,99354.71,buy,2.0,2.0,,,,,,1746677189.775
734,365137318,1746677189775,0,0.004,0.00374934,46.71,BTC-30MAY25-85000-P,99354.71,buy,0.7,0.7,,,,,,1746677189.775
736,365137320,1746677189777,1,0.004,0.00374934,46.71,BTC-30MAY25-85000-P,99354.71,sell,1.1,1.1,,,,,,1746677189.777
737,365137321,1746677190535,1,0.004,0.00374589,46.72,BTC-30MAY25-85000-P,99354.15,sell,0.1,0.1,,,,,,1746677190.535
738,365137326,1746677191187,1,0.004,0.00374589,46.72,BTC-30MAY25-85000-P,99354.15,sell,0.1,0.1,,,,,,1746677191.187
739,365137337,1746677191238,1,0.004,0.00374589,46.72,BTC-30MAY25-85000-P,99354.15,sell,0.1,0.1,,,,,,1746677191.238
740,365137338,1746677191250,1,0.004,0.00374589,46.72,BTC-30MAY25-85000-P,99354.15,sell,0.2,0.2,,,,,,1746677191.25
741,365137339,1746677191289,1,0.004,0.00374589,46.72,BTC-30MAY25-85000-P,99354.15,sell,0.1,0.1,,,,,,1746677191.289
742,365137340,1746677191320,1,0.004,0.00374589,46.72,BTC-30MAY25-85000-P,99354.15,sell,0.3,0.3,,,,,,1746677191.32
743,365137345,1746677191512,1,0.004,0.00374855,46.72,BTC-30MAY25-85000-P,99354.86,sell,0.1,0.1,,,,,,1746677191.512
744,365137346,1746677191537,1,0.004,0.00374855,46.72,BTC-30MAY25-85000-P,99354.86,sell,0.1,0.1,,,,,,1746677191.537
745,365137361,1746677193420,1,0.004,0.00375971,46.73,BTC-30MAY25-85000-P,99366.01,sell,0.2,0.2,,,,,,1746677193.42
746,365137362,1746677193477,1,0.004,0.00375971,46.73,BTC-30MAY25-85000-P,99366.01,sell,0.1,0.1,,,,,,1746677193.477
747,365137379,1746677193596,1,0.004,0.00375971,46.73,BTC-30MAY25-85000-P,99366.01,sell,0.1,0.1,,,,,,1746677193.596
748,365137390,1746677193614,1,0.004,0.00375971,46.73,BTC-30MAY25-85000-P,99366.01,sell,0.1,0.1,,,,,,1746677193.614
749,365137398,1746677193723,1,0.004,0.00375971,46.73,BTC-30MAY25-85000-P,99366.01,sell,0.1,0.1,,,,,,1746677193.723
750,365137408,1746677195810,1,0.004,0.00376247,46.76,BTC-30MAY25-85000-P,99372.55,sell,1.9,1.9,,,,,,1746677195.81
751,365137665,1746677275415,0,0.0041,0.0039293,47.04,BTC-30MAY25-85000-P,99373.43,buy,1.0,1.0,,,,,,1746677275.415
752,365137666,1746677275415,1,0.0041,0.0039293,47.04,BTC-30MAY25-85000-P,99373.43,buy,2.4,2.4,,,,,,1746677275.415
753,365137667,1746677275418,1,0.0041,0.0039293,47.04,BTC-30MAY25-85000-P,99373.43,sell,1.9,1.9,,,,,,1746677275.418
754,365137668,1746677275423,1,0.0041,0.0039293,47.04,BTC-30MAY25-85000-P,99373.43,sell,2.3,2.3,,,,,,1746677275.423
755,365141048,1746678105826,2,0.0039,0.00378835,46.48,BTC-30MAY25-85000-P,99378.38,buy,50.0,50.0,,BTC-PS-30MAY25-90000_85000,2.0,BLOCK-196420,,1746678105.826
756,365156605,1746689201242,2,0.0035,0.00365335,45.02,BTC-30MAY25-85000-P,99259.34,sell,25.0,25.0,,BTC-PSR12-30MAY25-85000_80000,2.0,BLOCK-196457,,1746689201.242
757,365156657,1746689243622,2,0.0034,0.00366807,44.67,BTC-30MAY25-85000-P,99239.73,sell,25.0,25.0,,BTC-PSR12-30MAY25-85000_80000,2.0,BLOCK-196458,,1746689243.622
758,365176315,1746693941553,0,0.0036,0.00351499,46.29,BTC-30MAY25-85000-P,99622.84,buy,0.1,0.1,,,,,,1746693941.553
759,365176356,1746693947989,1,0.0036,0.00351755,46.29,BTC-30MAY25-85000-P,99624.54,sell,0.4,0.4,,,,,,1746693947.989
760,365176364,1746693949306,1,0.0036,0.00351795,46.28,BTC-30MAY25-85000-P,99624.82,sell,0.1,0.1,,,,,,1746693949.306
761,365176365,1746693949361,1,0.0036,0.00351795,46.28,BTC-30MAY25-85000-P,99624.82,sell,0.2,0.2,,,,,,1746693949.361
762,365176386,1746693950642,1,0.0036,0.00351809,46.28,BTC-30MAY25-85000-P,99628.1,sell,0.2,0.2,,,,,,1746693950.642
763,365185292,1746694494037,2,0.0035,0.00349211,46.34,BTC-30MAY25-85000-P,99755.42,sell,1.0,1.0,,,,,,1746694494.037
764,365197258,1746697354924,0,0.0038,0.00361237,47.03,BTC-30MAY25-85000-P,99608.33,buy,0.3,0.3,365197256,BTC-PSR13-30MAY25-94000_85000,,,,1746697354.924
765,365200754,1746699417604,2,0.0035,0.00355213,46.46,BTC-30MAY25-85000-P,99744.58,sell,1.0,1.0,,,,,,1746699417.604
766,365202310,1746700441144,3,0.0035,0.00352709,46.57,BTC-30MAY25-85000-P,99808.17,sell,1.0,1.0,,,,,,1746700441.144
767,365207856,1746705233631,0,0.0038,0.0036285,46.89,BTC-30MAY25-85000-P,99512.49,buy,10.0,10.0,,,,,,1746705233.631
768,365214603,1746709750985,2,0.0037,0.00384568,46.04,BTC-30MAY25-85000-P,99277.82,sell,0.1,0.1,,,,,,1746709750.985
769,365216003,1746710733397,3,0.0037,0.00373453,46.36,BTC-30MAY25-85000-P,99403.34,sell,0.9,0.9,,,,,,1746710733.397
770,365222524,1746713577115,2,0.0035,0.0037984,45.37,BTC-30MAY25-85000-P,99232.79,sell,0.2,0.2,,,,,,1746713577.115
771,365222536,1746713580416,3,0.0035,0.00380245,45.34,BTC-30MAY25-85000-P,99221.53,sell,0.2,0.2,,,,,,1746713580.416
772,365239632,1746717928378,2,0.0034,0.00313799,47.84,BTC-30MAY25-85000-P,100445.18,buy,25.0,25.0,,BTC-PS-30MAY25-88000_85000,2.0,BLOCK-196616,,1746717928.378
773,365244356,1746718446157,0,0.0035,0.00326206,48.59,BTC-30MAY25-85000-P,100668.72,buy,25.0,25.0,,BTC-PS-30MAY25-88000_85000,2.0,BLOCK-196628,,1746718446.157
774,365257813,1746719670963,0,0.0038,0.00357262,50.13,BTC-30MAY25-85000-P,100907.3,buy,25.0,25.0,,BTC-PSR12-30MAY25-92000_85000,2.0,BLOCK-196650,,1746719670.963
775,365260750,1746720248510,2,0.0036,0.00374327,49.01,BTC-30MAY25-85000-P,100674.35,sell,0.6,0.6,,,,,,1746720248.51
776,365260751,1746720248515,3,0.0036,0.00374327,49.01,BTC-30MAY25-85000-P,100674.35,buy,0.1,0.1,,,,,,1746720248.515
777,365264517,1746721354789,2,0.0035,0.00366899,49.29,BTC-30MAY25-85000-P,100945.95,sell,0.3,0.3,,,,,,1746721354.789
778,365270357,1746723677910,3,0.0035,0.00360686,49.86,BTC-30MAY25-85000-P,101218.56,sell,1.1,1.1,,,,,,1746723677.91
779,365270358,1746723677938,3,0.0035,0.00360686,49.86,BTC-30MAY25-85000-P,101218.56,sell,0.1,0.1,,,,,,1746723677.938
780,365271150,1746724024448,3,0.0035,0.00350833,50.05,BTC-30MAY25-85000-P,101266.66,sell,0.5,0.5,,,,,,1746724024.448
781,365275153,1746725529650,3,0.0035,0.00330016,50.62,BTC-30MAY25-85000-P,101525.39,buy,50.0,50.0,,BTC-PS-30MAY25-85000_84000,2.0,BLOCK-196708,,1746725529.65
782,365293717,1746734475820,3,0.0035,0.00332203,50.48,BTC-30MAY25-85000-P,101403.84,sell,0.2,0.2,,,,,,1746734475.82
783,365296207,1746734943619,2,0.0032,0.00324841,49.99,BTC-30MAY25-85000-P,101655.33,sell,1.0,1.0,,,,,,1746734943.619
784,365299246,1746736460795,0,0.0033,0.00316176,50.84,BTC-30MAY25-85000-P,101870.3,buy,12.5,12.5,,BTC-PS-30MAY25-92000_85000,2.0,BLOCK-196784,3194.0,1746736460.795
785,365313919,1746739088371,2,0.0028,0.00282348,51.26,BTC-30MAY25-85000-P,102906.7,sell,1.0,1.0,,,,,,1746739088.371
787,365327413,1746739947942,1,0.0032,0.00288152,54.26,BTC-30MAY25-85000-P,103589.6,buy,1.0,1.0,,,,,,1746739947.942
786,365327412,1746739947942,0,0.0032,0.00288152,54.26,BTC-30MAY25-85000-P,103589.6,buy,1.0,1.0,,,,,,1746739947.942
789,365370551,1746753358648,1,0.0033,0.0030931,53.35,BTC-30MAY25-85000-P,102867.49,buy,0.4,0.4,,,,,,1746753358.648
788,365370550,1746753358648,0,0.0033,0.0030931,53.35,BTC-30MAY25-85000-P,102867.49,buy,0.1,0.1,,,,,,1746753358.648
790,365372823,1746754449550,2,0.003,0.00309907,51.85,BTC-30MAY25-85000-P,102700.1,buy,0.1,0.1,,,,,,1746754449.55
791,365372829,1746754453551,3,0.003,0.0031032,51.84,BTC-30MAY25-85000-P,102697.73,buy,0.1,0.1,,,,,,1746754453.551
792,365375120,1746756332890,2,0.0029,0.00292127,52.04,BTC-30MAY25-85000-P,102946.22,buy,3.0,3.0,,,,,,1746756332.89
793,365402768,1746774609044,0,0.003,0.0028529,53.48,BTC-30MAY25-85000-P,103434.68,buy,25.0,25.0,,BTC-PS-30MAY25-92000_85000,2.0,BLOCK-197062,,1746774609.044
795,365403721,1746774893701,1,0.0031,0.00286253,53.95,BTC-30MAY25-85000-P,103497.23,buy,0.6,0.6,,,,,,1746774893.701
796,365403722,1746774893701,1,0.0031,0.00286253,53.95,BTC-30MAY25-85000-P,103497.23,buy,0.5,0.5,,,,,,1746774893.701
794,365403720,1746774893701,0,0.0031,0.00286253,53.95,BTC-30MAY25-85000-P,103497.23,buy,1.4,1.4,,,,,,1746774893.701
797,365411493,1746776002143,2,0.0028,0.00286608,52.86,BTC-30MAY25-85000-P,103549.18,buy,0.2,0.2,,,,,,1746776002.143
798,365411495,1746776002250,3,0.0028,0.00286608,52.86,BTC-30MAY25-85000-P,103549.18,buy,0.6,0.6,,,,,,1746776002.25
799,365411569,1746776022624,3,0.0028,0.00287802,52.82,BTC-30MAY25-85000-P,103546.13,buy,0.1,0.1,,,,,,1746776022.624
800,365436745,1746778568013,3,0.0028,0.0028737,53.04,BTC-30MAY25-85000-P,103585.68,sell,0.3,0.3,,,,,,1746778568.013
801,365453735,1746781660494,2,0.0026,0.00259299,51.48,BTC-30MAY25-85000-P,103127.25,sell,1.0,1.0,,,,,,1746781660.494
802,365457690,1746782504963,2,0.0025,0.00251208,50.62,BTC-30MAY25-85000-P,102935.94,sell,0.1,0.1,,,,,,1746782504.963
803,365457691,1746782504963,3,0.0025,0.00251208,50.62,BTC-30MAY25-85000-P,102935.94,sell,1.0,1.0,,,,,,1746782504.963
804,365463077,1746784784974,2,0.0023,0.00232161,49.83,BTC-30MAY25-85000-P,102908.25,buy,0.1,0.1,,,,,,1746784784.974
805,365499084,1746800707445,0,0.0025,0.00246137,50.8,BTC-30MAY25-85000-P,102871.03,buy,0.1,0.1,,,,,,1746800707.445
807,365513370,1746805664656,3,0.0024,0.00233267,50.16,BTC-30MAY25-85000-P,102771.93,buy,0.3,0.3,,,,,,1746805664.656
806,365513369,1746805664656,2,0.0024,0.00233267,50.16,BTC-30MAY25-85000-P,102771.93,buy,1.0,1.0,,,,,,1746805664.656
808,365542099,1746833272384,0,0.0026,0.00233509,51.79,BTC-30MAY25-85000-P,102968.03,buy,0.3,0.3,,,,,,1746833272.384
809,365545693,1746838565571,2,0.0022,0.00238502,49.89,BTC-30MAY25-85000-P,102848.49,sell,0.1,0.1,,,,,,1746838565.571
810,365545771,1746838682321,0,0.0024,0.00237832,50.87,BTC-30MAY25-85000-P,102883.65,buy,0.1,0.1,,,,,,1746838682.321
811,365546248,1746839805321,0,0.0026,0.00239395,52.04,BTC-30MAY25-85000-P,103020.6,buy,0.1,0.1,,,,,,1746839805.321
812,365551818,1746852308149,2,0.0023,0.00242666,51.17,BTC-30MAY25-85000-P,103168.04,buy,5.0,5.0,,,,,,1746852308.149
813,365598852,1746886743774,2,0.0022,0.00220812,51.98,BTC-30MAY25-85000-P,103465.75,sell,0.1,0.1,,,,,,1746886743.774
814,365602686,1746891468658,3,0.0022,0.00219965,51.85,BTC-30MAY25-85000-P,103347.94,sell,0.2,0.2,,,,,,1746891468.658
816,365629233,1746913384397,3,0.0019,0.0020251,50.53,BTC-30MAY25-85000-P,103285.77,sell,0.2,0.2,,,,,,1746913384.397
815,365629232,1746913384397,2,0.0019,0.0020251,50.53,BTC-30MAY25-85000-P,103285.77,sell,0.1,0.1,,,,,,1746913384.397
817,365642421,1746916106101,3,0.0019,0.00203564,51.27,BTC-30MAY25-85000-P,103653.62,sell,0.1,0.1,,,,,,1746916106.101
818,365663946,1746919812681,2,0.0018,0.00187821,53.26,BTC-30MAY25-85000-P,104846.36,buy,0.1,0.1,,,,,,1746919812.681
819,365663974,1746919816883,3,0.0018,0.00187876,53.25,BTC-30MAY25-85000-P,104838.29,buy,0.4,0.4,,,,,,1746919816.883
820,365665724,1746919966333,3,0.0018,0.00201405,52.37,BTC-30MAY25-85000-P,104398.96,buy,0.1,0.1,,,,,,1746919966.333
821,365665736,1746919970376,3,0.0018,0.00202436,52.42,BTC-30MAY25-85000-P,104422.57,buy,0.2,0.2,,,,,,1746919970.376
822,365665739,1746919971647,3,0.0018,0.00202091,52.42,BTC-30MAY25-85000-P,104422.89,buy,0.2,0.2,,,,,,1746919971.647
823,365667196,1746920202131,0,0.0019,0.00191144,53.14,BTC-30MAY25-85000-P,104516.46,buy,0.1,0.1,,,,,,1746920202.131
825,365667329,1746920220996,1,0.002,0.00190634,53.66,BTC-30MAY25-85000-P,104505.75,buy,0.3,0.3,,,,,,1746920220.996
824,365667328,1746920220996,0,0.002,0.00190634,53.66,BTC-30MAY25-85000-P,104505.75,buy,2.0,2.0,,,,,,1746920220.996
826,365668992,1746920508233,1,0.002,0.00197213,53.64,BTC-30MAY25-85000-P,104512.36,sell,0.1,0.1,,,,,,1746920508.233
827,365668993,1746920508292,1,0.002,0.00197213,53.64,BTC-30MAY25-85000-P,104512.36,sell,0.1,0.1,,,,,,1746920508.292
828,365669002,1746920508650,1,0.002,0.00197213,53.64,BTC-30MAY25-85000-P,104512.36,sell,0.1,0.1,,,,,,1746920508.65
829,365669003,1746920508739,1,0.002,0.00197213,53.64,BTC-30MAY25-85000-P,104512.36,sell,0.2,0.2,,,,,,1746920508.739
830,365670886,1746920920246,1,0.002,0.00197451,53.81,BTC-30MAY25-85000-P,104584.11,sell,0.2,0.2,,,,,,1746920920.246
831,365670896,1746920920561,1,0.002,0.00197519,53.84,BTC-30MAY25-85000-P,104602.25,sell,0.1,0.1,,,,,,1746920920.561
832,365670901,1746920920675,1,0.002,0.00197519,53.84,BTC-30MAY25-85000-P,104602.25,sell,0.2,0.2,,,,,,1746920920.675
833,365671015,1746920928554,1,0.002,0.0019504,53.94,BTC-30MAY25-85000-P,104647.07,sell,0.4,0.4,,,,,,1746920928.554
834,365671548,1746921045110,1,0.002,0.00195301,53.98,BTC-30MAY25-85000-P,104662.71,sell,0.5,0.5,,,,,,1746921045.11
835,365674032,1746921490830,0,0.0021,0.00197466,54.53,BTC-30MAY25-85000-P,104670.75,buy,0.4,0.4,,,,,,1746921490.83
836,365685347,1746923210067,1,0.0021,0.00203892,54.02,BTC-30MAY25-85000-P,104409.75,buy,0.1,0.1,,,,,,1746923210.067
837,365688505,1746924306368,2,0.002,0.00195546,53.54,BTC-30MAY25-85000-P,104446.6,sell,0.3,0.3,,,,,,1746924306.368
838,365689648,1746924872481,3,0.002,0.00198089,53.54,BTC-30MAY25-85000-P,104438.3,sell,0.4,0.4,,,,,,1746924872.481
839,365718957,1746946595553,2,0.0019,0.00183226,52.13,BTC-30MAY25-85000-P,103803.03,buy,0.1,0.1,,,,,,1746946595.553
840,365718958,1746946595553,3,0.0019,0.00183226,52.13,BTC-30MAY25-85000-P,103803.03,buy,0.1,0.1,,,,,,1746946595.553
841,365766012,1746977903217,0,0.002,0.00180623,54.3,BTC-30MAY25-85000-P,104366.72,buy,50.0,50.0,,BTC-PS-30MAY25-85000_84000,2.0,BLOCK-197446,,1746977903.217
842,365777604,1746986699498,2,0.0018,0.0018079,52.55,BTC-30MAY25-85000-P,103989.9,buy,0.1,0.1,365777603,BTC-PS-30MAY25-90000_85000,,,,1746986699.498
843,365815885,1747012028125,2,0.0017,0.00164718,54.34,BTC-30MAY25-85000-P,104936.75,sell,0.1,0.1,,,,,,1747012028.125
844,365815886,1747012028129,3,0.0017,0.00164718,54.34,BTC-30MAY25-85000-P,104936.75,buy,0.1,0.1,,,,,,1747012028.129
845,365873133,1747035586046,3,0.0017,0.00164333,55.3,BTC-30MAY25-85000-P,105181.75,buy,37.5,37.5,,BTC-PS-30MAY25-85000_76000,2.0,BLOCK-197571,,1747035586.046
846,365903174,1747044735174,2,0.0015,0.00157149,52.31,BTC-30MAY25-85000-P,104317.21,sell,0.1,0.1,,,,,,1747044735.174
847,365903196,1747044752267,3,0.0015,0.00156297,52.36,BTC-30MAY25-85000-P,104339.16,sell,0.1,0.1,,,,,,1747044752.267
848,365903214,1747044776672,2,0.0014,0.00157688,51.63,BTC-30MAY25-85000-P,104298.65,sell,0.1,0.1,,,,,,1747044776.672
849,365920310,1747053266773,0,0.0017,0.0015645,53.1,BTC-30MAY25-85000-P,104022.83,buy,0.1,0.1,,,,,,1747053266.773
850,365922409,1747054404672,0,0.0018,0.00163702,53.74,BTC-30MAY25-85000-P,104053.09,buy,0.1,0.1,,,,,,1747054404.672
851,365939596,1747058915182,2,0.0015,0.00153073,52.41,BTC-30MAY25-85000-P,104257.83,sell,0.1,0.1,,,,,,1747058915.182
852,365973597,1747063420722,0,0.0016,0.00171652,50.56,BTC-30MAY25-85000-P,103070.89,sell,1.0,1.0,,,,,,1747063420.722
853,365974266,1747063706044,2,0.0015,0.0016798,50.08,BTC-30MAY25-85000-P,103122.84,sell,0.4,0.4,,,,,,1747063706.044
854,365974267,1747063706046,3,0.0015,0.0016798,50.08,BTC-30MAY25-85000-P,103122.84,buy,0.6,0.6,,,,,,1747063706.046
855,365974455,1747063791189,3,0.0015,0.00174015,49.69,BTC-30MAY25-85000-P,102943.72,sell,1.0,1.0,,,,,,1747063791.189
856,365986518,1747068237666,0,0.0018,0.00167243,51.52,BTC-30MAY25-85000-P,102932.7,buy,0.1,0.1,,,,,,1747068237.666
857,366007893,1747074730972,0,0.002,0.00202338,49.78,BTC-30MAY25-85000-P,101546.12,buy,1.4,1.4,,,,,,1747074730.972
858,366008777,1747074762175,1,0.002,0.00207765,49.43,BTC-30MAY25-85000-P,101379.36,buy,2.6,2.6,,,,,,1747074762.175
859,366012318,1747075400202,0,0.0021,0.00211815,49.51,BTC-30MAY25-85000-P,101198.04,buy,0.1,0.1,,,,,,1747075400.202
860,366023297,1747077792511,2,0.0019,0.00193728,50.14,BTC-30MAY25-85000-P,101903.02,buy,0.5,0.5,,,,,,1747077792.511
861,366069311,1747104252090,3,0.0019,0.00187946,50.61,BTC-30MAY25-85000-P,101983.83,buy,0.1,0.1,,,,,,1747104252.09
862,366070245,1747104636747,2,0.0017,0.00191873,49.26,BTC-30MAY25-85000-P,101848.31,sell,0.2,0.2,,,,,,1747104636.747
863,366086482,1747111468157,2,0.0016,0.00177876,50.41,BTC-30MAY25-85000-P,102534.11,sell,1.0,1.0,,,,,,1747111468.157
864,366108575,1747127910991,2,0.0011,0.00141009,48.49,BTC-30MAY25-85000-P,103074.79,sell,12.5,12.5,,BTC-RR-30MAY25-85000_110000,2.0,BLOCK-197960,,1747127910.991
867,366118251,1747134020317,1,0.0017,0.00152908,53.59,BTC-30MAY25-85000-P,103568.97,buy,1.6,1.6,,,,,,1747134020.317
866,366118250,1747134020317,0,0.0017,0.00152908,53.59,BTC-30MAY25-85000-P,103568.97,buy,0.3,0.3,,,,,,1747134020.317
865,366118249,1747134020317,0,0.0016,0.00152908,52.99,BTC-30MAY25-85000-P,103568.97,buy,0.1,0.1,,,,,,1747134020.317
868,366142404,1747143108987,2,0.0016,0.00135566,53.75,BTC-30MAY25-85000-P,103861.49,buy,12.5,12.5,,BTC-PS-30MAY25-92000_85000,2.0,BLOCK-198012,,1747143108.987
869,366144617,1747143978885,3,0.0016,0.00143729,52.99,BTC-30MAY25-85000-P,103503.71,buy,12.5,12.5,,BTC-PDIAG-30MAY25_23MAY25-85000_95000,2.0,BLOCK-198027,,1747143978.885
870,366150800,1747145816402,3,0.0016,0.00153577,51.81,BTC-30MAY25-85000-P,102926.47,buy,0.1,0.1,,,,,,1747145816.402
871,366150803,1747145816679,2,0.0015,0.00153577,51.2,BTC-30MAY25-85000-P,102926.47,sell,1.0,1.0,,,,,,1747145816.679
872,366168580,1747153195909,3,0.0015,0.0013805,54.12,BTC-30MAY25-85000-P,104234.09,buy,25.0,25.0,,BTC-PS-30MAY25-85000_82000,2.0,BLOCK-198086,,1747153195.909
873,366184613,1747159885491,2,0.0014,0.00126523,53.92,BTC-30MAY25-85000-P,104413.16,buy,50.0,50.0,,BTC-PS-30MAY25-85000_82000,2.0,BLOCK-198113,,1747159885.491
874,366186844,1747161600508,2,0.0012,0.00129406,52.13,BTC-30MAY25-85000-P,104227.14,sell,27.0,27.0,,BTC-PS-30MAY25-86000_85000,2.0,BLOCK-198123,,1747161600.508
875,366187023,1747161757167,0,0.0014,0.00131077,53.52,BTC-30MAY25-85000-P,104202.33,buy,0.1,0.1,,,,,,1747161757.167
876,366227407,1747186334808,1,0.0014,0.001249,53.67,BTC-30MAY25-85000-P,104006.68,buy,0.5,0.5,366227406,BTC-PS-30MAY25-92000_85000,,,,1747186334.808
877,366268938,1747210220682,2,0.0012,0.00129628,51.48,BTC-30MAY25-85000-P,103517.69,sell,50.0,50.0,,BTC-PS-30MAY25-88000_85000,2.0,BLOCK-198266,,1747210220.682
878,366291495,1747220960863,3,0.0012,0.00125096,52.58,BTC-30MAY25-85000-P,103896.45,sell,0.5,0.5,,,,,,1747220960.863
879,366357256,1747261637256,3,0.0012,0.00134324,52.5,BTC-30MAY25-85000-P,103516.73,sell,0.1,0.1,,,,,,1747261637.256
880,366373044,1747270941807,0,0.0013,0.00134379,53.97,BTC-30MAY25-85000-P,103802.26,sell,0.1,0.1,,,,,,1747270941.807
881,366406051,1747287930273,1,0.0013,0.00131768,51.44,BTC-30MAY25-85000-P,102476.23,buy,0.4,0.4,,,,,,1747287930.273
882,366417557,1747293855726,0,0.0015,0.00146101,51.82,BTC-30MAY25-85000-P,102040.52,buy,0.1,0.1,,,,,,1747293855.726
883,366450170,1747300513323,1,0.0015,0.00143945,51.89,BTC-30MAY25-85000-P,102033.87,buy,0.1,0.1,,,,,,1747300513.323
884,366618463,1747330131657,2,0.0012,0.00117114,54.78,BTC-30MAY25-85000-P,103990.64,sell,0.1,0.1,,,,,,1747330131.657
885,366627660,1747333770315,0,0.0013,0.00131218,54.58,BTC-30MAY25-85000-P,103533.89,buy,0.1,0.1,,,,,,1747333770.315
886,366673130,1747355574120,2,0.0011,0.00120243,54.48,BTC-30MAY25-85000-P,103974.41,sell,0.1,0.1,,,,,,1747355574.12
887,366673278,1747355613534,3,0.0011,0.00121036,54.44,BTC-30MAY25-85000-P,103952.77,sell,0.1,0.1,,,,,,1747355613.534
888,366673303,1747355621078,3,0.0011,0.00121444,54.41,BTC-30MAY25-85000-P,103945.71,sell,0.1,0.1,,,,,,1747355621.078
889,366673327,1747355628853,3,0.0011,0.00121331,54.43,BTC-30MAY25-85000-P,103952.09,sell,0.3,0.3,,,,,,1747355628.853
890,366705423,1747377586696,2,0.001,0.00096121,54.16,BTC-30MAY25-85000-P,103991.74,sell,0.1,0.1,,,,,,1747377586.696
891,366709519,1747380251769,3,0.001,0.00096332,54.44,BTC-30MAY25-85000-P,104090.0,buy,0.1,0.1,,,,,,1747380251.769
892,366709738,1747380490867,2,0.0009,0.00095792,53.52,BTC-30MAY25-85000-P,104096.53,sell,0.3,0.3,,,,,,1747380490.867
893,366709739,1747380490869,3,0.0009,0.00095792,53.52,BTC-30MAY25-85000-P,104096.53,buy,17.0,17.0,,,,,,1747380490.869
894,366709740,1747380490875,3,0.0009,0.00095792,53.52,BTC-30MAY25-85000-P,104096.53,buy,0.1,0.1,,,,,,1747380490.875
895,366709789,1747380516846,3,0.0009,0.00094753,53.57,BTC-30MAY25-85000-P,104112.31,buy,0.4,0.4,,,,,,1747380516.846
896,366710676,1747380732314,3,0.0009,0.00086847,53.2,BTC-30MAY25-85000-P,103966.68,buy,0.1,0.1,,,,,,1747380732.314
897,366711001,1747380784152,3,0.0009,0.00085692,53.21,BTC-30MAY25-85000-P,103980.29,buy,0.1,0.1,,,,,,1747380784.152
898,366711403,1747380886906,3,0.0009,0.00085598,53.1,BTC-30MAY25-85000-P,103945.48,buy,0.1,0.1,,,,,,1747380886.906
899,366716666,1747382184386,3,0.0009,0.00082008,52.61,BTC-30MAY25-85000-P,103773.49,buy,6.9,6.9,,,,,,1747382184.386
900,366733379,1747384710376,0,0.001,0.00087598,52.54,BTC-30MAY25-85000-P,103252.98,buy,0.1,0.1,,,,,,1747384710.376
901,366733380,1747384710379,1,0.001,0.00087598,52.54,BTC-30MAY25-85000-P,103252.98,sell,0.9,0.9,,,,,,1747384710.379
902,366753452,1747399111628,2,0.0007,0.00084026,50.96,BTC-30MAY25-85000-P,103662.44,sell,24.0,24.0,,BTC-PS-30MAY25-88000_85000,2.0,BLOCK-199033,,1747399111.628
903,366794288,1747418378689,0,0.0009,0.0008327,53.96,BTC-30MAY25-85000-P,103898.72,buy,0.1,0.1,,,,,,1747418378.689
904,366794314,1747418414676,0,0.001,0.00083897,54.86,BTC-30MAY25-85000-P,103880.91,buy,0.4,0.4,,,,,,1747418414.676
905,366801421,1747426764694,2,0.0009,0.00084785,54.09,BTC-30MAY25-85000-P,103901.38,buy,0.1,0.1,,,,,,1747426764.694
906,366801440,1747426847569,0,0.001,0.00085001,55.07,BTC-30MAY25-85000-P,103907.31,buy,1.5,1.5,,,,,,1747426847.569
907,366801441,1747426847569,1,0.001,0.00085001,55.07,BTC-30MAY25-85000-P,103907.31,buy,4.4,4.4,,,,,,1747426847.569
908,366822507,1747435333125,2,0.0007,0.00084386,51.42,BTC-30MAY25-85000-P,103480.75,sell,0.5,0.5,,,,,,1747435333.125
909,366830484,1747444017209,3,0.0007,0.00089573,50.53,BTC-30MAY25-85000-P,103006.06,sell,0.3,0.3,,,,,,1747444017.209
910,366830595,1747444107014,3,0.0007,0.00088517,50.56,BTC-30MAY25-85000-P,103020.47,sell,0.4,0.4,,,,,,1747444107.014
911,366876471,1747488041799,0,0.0008,0.00075587,52.58,BTC-30MAY25-85000-P,103056.61,buy,0.3,0.3,,,,,,1747488041.799
912,366909438,1747520482475,2,0.0007,0.00076849,52.23,BTC-30MAY25-85000-P,103004.99,sell,0.6,0.6,,,,,,1747520482.475
913,366909464,1747520549683,3,0.0007,0.00076327,52.27,BTC-30MAY25-85000-P,103017.53,sell,0.1,0.1,,,,,,1747520549.683
914,366909465,1747520558881,3,0.0007,0.00076411,52.26,BTC-30MAY25-85000-P,103012.92,sell,0.2,0.2,,,,,,1747520558.881
915,366957344,1747557425489,3,0.0007,0.00075254,55.41,BTC-30MAY25-85000-P,103973.91,sell,0.1,0.1,,,,,,1747557425.489
916,366988686,1747574521439,3,0.0007,0.0007488,55.87,BTC-30MAY25-85000-P,103949.5,sell,2.8,2.8,,,,,,1747574521.439
917,367072241,1747596651795,0,0.0008,0.00075243,58.87,BTC-30MAY25-85000-P,104469.25,buy,1.7,1.7,,,,,,1747596651.795
918,367098289,1747605148893,1,0.0008,0.00084346,58.39,BTC-30MAY25-85000-P,104194.47,buy,0.1,0.1,,,,,,1747605148.893
919,367108444,1747608631133,2,0.0007,0.00068399,60.14,BTC-30MAY25-85000-P,105411.32,sell,0.2,0.2,,,,,,1747608631.133
920,367108683,1747608677491,3,0.0007,0.00066757,60.37,BTC-30MAY25-85000-P,105504.05,buy,0.2,0.2,,,,,,1747608677.491
921,367110636,1747609002119,3,0.0007,0.00063169,61.09,BTC-30MAY25-85000-P,105804.54,buy,0.1,0.1,,,,,,1747609002.119
923,367231980,1747636761430,1,0.001,0.00089004,56.59,BTC-30MAY25-85000-P,102296.8,buy,0.9,0.9,,,,,,1747636761.43
922,367231979,1747636761430,0,0.001,0.00089004,56.59,BTC-30MAY25-85000-P,102296.8,buy,0.1,0.1,,,,,,1747636761.43
924,367238753,1747637912406,1,0.001,0.00096368,56.51,BTC-30MAY25-85000-P,102257.35,buy,0.1,0.1,,,,,,1747637912.406
925,367304856,1747661713478,2,0.0007,0.00073457,55.09,BTC-30MAY25-85000-P,102678.32,buy,0.2,0.2,,,,,,1747661713.478
926,367308536,1747662728203,2,0.0006,0.00071817,54.93,BTC-30MAY25-85000-P,103157.86,sell,0.2,0.2,,,,,,1747662728.203
927,367329591,1747667382933,3,0.0006,0.00065171,58.44,BTC-30MAY25-85000-P,104553.39,sell,0.2,0.2,,,,,,1747667382.933
928,367329592,1747667382933,3,0.0006,0.00065171,58.44,BTC-30MAY25-85000-P,104553.39,sell,4.8,4.8,,,,,,1747667382.933
929,367336563,1747669573597,3,0.0006,0.00063109,59.53,BTC-30MAY25-85000-P,104954.48,sell,2.0,2.0,,,,,,1747669573.597
930,367336567,1747669577842,3,0.0006,0.00063124,59.53,BTC-30MAY25-85000-P,104956.62,sell,3.2,3.2,,,,,,1747669577.842
931,367336568,1747669577842,3,0.0006,0.00063124,59.53,BTC-30MAY25-85000-P,104956.62,sell,0.8,0.8,,,,,,1747669577.842
932,367348340,1747674333531,2,0.0005,0.00055214,59.34,BTC-30MAY25-85000-P,105486.36,sell,50.0,50.0,,BTC-PS-30MAY25-90000_85000,2.0,BLOCK-199513,,1747674333.531
933,367353170,1747675921267,0,0.0006,0.00060018,60.13,BTC-30MAY25-85000-P,105137.63,buy,0.1,0.1,,,,,,1747675921.267
934,367359296,1747679571552,1,0.0006,0.00063402,59.55,BTC-30MAY25-85000-P,104828.81,buy,2.1,2.1,,,,,,1747679571.552
935,367361778,1747681412409,1,0.0006,0.00062199,59.2,BTC-30MAY25-85000-P,104676.77,buy,3.0,3.0,,,,,,1747681412.409
936,367371596,1747687035595,2,0.0005,0.00064758,59.76,BTC-30MAY25-85000-P,105525.3,sell,12.5,12.5,,BTC-PS-30MAY25-90000_85000,2.0,BLOCK-199545,4164.0,1747687035.595
937,367431872,1747727250520,0,0.0006,0.00055578,61.81,BTC-30MAY25-85000-P,105108.69,buy,0.1,0.1,,,,,,1747727250.52
938,367432425,1747727346929,0,0.0007,0.00057938,62.95,BTC-30MAY25-85000-P,104994.23,buy,0.9,0.9,,,,,,1747727346.929
939,367433289,1747727421505,1,0.0007,0.00056458,63.13,BTC-30MAY25-85000-P,105059.0,buy,2.0,2.0,,,,,,1747727421.505
940,367451172,1747734171381,2,0.0004,0.00042747,59.21,BTC-30MAY25-85000-P,105390.51,sell,12.5,12.5,,BTC-PS-30MAY25-90000_85000,2.0,BLOCK-199628,,1747734171.381
941,367470607,1747748528567,0,0.0005,0.00047164,59.21,BTC-30MAY25-85000-P,104381.06,buy,0.1,0.1,,,,,,1747748528.567
942,367470608,1747748528567,1,0.0005,0.00047164,59.21,BTC-30MAY25-85000-P,104381.06,buy,0.1,0.1,,,,,,1747748528.567
943,367473111,1747749370220,1,0.0005,0.00046356,59.7,BTC-30MAY25-85000-P,104583.77,buy,0.1,0.1,,,,,,1747749370.22
944,367473260,1747749548782,1,0.0005,0.00048868,59.37,BTC-30MAY25-85000-P,104459.41,buy,2.2,2.2,,,,,,1747749548.782
945,367473711,1747749670274,1,0.0005,0.00049479,59.19,BTC-30MAY25-85000-P,104383.05,buy,0.1,0.1,,,,,,1747749670.274
949,367499997,1747758832069,3,0.0003,0.00039104,57.63,BTC-30MAY25-85000-P,105337.94,sell,2.0,2.0,,,,,,1747758832.069
948,367499996,1747758832069,3,0.0003,0.00039104,57.63,BTC-30MAY25-85000-P,105337.94,sell,1.4,1.4,,,,,,1747758832.069
946,367499994,1747758832069,2,0.0003,0.00039104,57.63,BTC-30MAY25-85000-P,105337.94,sell,0.9,0.9,,,,,,1747758832.069
947,367499995,1747758832069,3,0.0003,0.00039104,57.63,BTC-30MAY25-85000-P,105337.94,sell,1.0,1.0,,,,,,1747758832.069
951,367499999,1747758832072,3,0.0003,0.00039104,57.63,BTC-30MAY25-85000-P,105337.94,buy,17.0,17.0,,,,,,1747758832.072
950,367499998,1747758832072,3,0.0003,0.00039104,57.63,BTC-30MAY25-85000-P,105337.94,buy,2.7,2.7,,,,,,1747758832.072
952,367500000,1747758832075,3,0.0003,0.00039104,57.63,BTC-30MAY25-85000-P,105337.94,buy,5.0,5.0,,,,,,1747758832.075
953,367511165,1747762039550,3,0.0003,0.00030559,59.72,BTC-30MAY25-85000-P,106194.7,sell,12.5,12.5,,BTC-PS-30MAY25-90000_85000,2.0,BLOCK-199700,,1747762039.55
954,367540045,1747772472866,0,0.0004,0.00037205,63.97,BTC-30MAY25-85000-P,106838.78,sell,2.2,2.2,,,,,,1747772472.866
955,367540051,1747772475588,1,0.0004,0.00037336,63.96,BTC-30MAY25-85000-P,106833.62,sell,2.2,2.2,,,,,,1747772475.588
956,367551341,1747776674125,0,0.0005,0.00048799,64.85,BTC-30MAY25-85000-P,106271.06,buy,0.1,0.1,,,,,,1747776674.125
957,367552819,1747777260248,1,0.0005,0.00044785,65.28,BTC-30MAY25-85000-P,106449.4,buy,0.1,0.1,,,,,,1747777260.248
958,367555299,1747779438505,1,0.0005,0.00050781,64.76,BTC-30MAY25-85000-P,106207.76,buy,0.1,0.1,,,,,,1747779438.505
959,367569093,1747787599777,2,0.0004,0.00038708,64.71,BTC-30MAY25-85000-P,106865.34,sell,0.1,0.1,,,,,,1747787599.777
960,367575628,1747793532129,2,0.0003,0.00039635,61.4,BTC-30MAY25-85000-P,106390.6,sell,0.1,0.1,,,,,,1747793532.129
962,367607405,1747809984769,1,0.0005,0.00038131,70.25,BTC-30MAY25-85000-P,107954.21,buy,0.9,0.9,,,,,,1747809984.769
961,367607404,1747809984769,0,0.0005,0.00038131,70.25,BTC-30MAY25-85000-P,107954.21,buy,0.1,0.1,,,,,,1747809984.769
964,367626214,1747817801067,3,0.0004,0.00037345,64.83,BTC-30MAY25-85000-P,106432.35,buy,0.1,0.1,,,,,,1747817801.067
963,367626213,1747817801067,2,0.0004,0.00037345,64.83,BTC-30MAY25-85000-P,106432.35,buy,0.1,0.1,,,,,,1747817801.067
965,367626215,1747817801067,3,0.0004,0.00037345,64.83,BTC-30MAY25-85000-P,106432.35,buy,0.1,0.1,,,,,,1747817801.067
966,367626373,1747818101089,3,0.0004,0.00039002,64.86,BTC-30MAY25-85000-P,106439.42,buy,0.1,0.1,,,,,,1747818101.089
967,367626395,1747818135842,3,0.0004,0.00039219,64.81,BTC-30MAY25-85000-P,106426.4,buy,0.1,0.1,,,,,,1747818135.842
968,367626396,1747818136010,3,0.0004,0.00039219,64.81,BTC-30MAY25-85000-P,106426.4,buy,0.1,0.1,,,,,,1747818136.01
969,367626404,1747818147152,3,0.0004,0.0003923,64.81,BTC-30MAY25-85000-P,106426.27,buy,0.1,0.1,,,,,,1747818147.152
970,367626406,1747818147309,3,0.0004,0.0003923,64.81,BTC-30MAY25-85000-P,106426.27,buy,0.1,0.1,,,,,,1747818147.309
971,367639208,1747828994899,3,0.0004,0.00038515,65.59,BTC-30MAY25-85000-P,106578.77,buy,0.1,0.1,,,,,,1747828994.899
972,367639209,1747828994899,3,0.0004,0.00038515,65.59,BTC-30MAY25-85000-P,106578.77,buy,0.1,0.1,,,,,,1747828994.899
973,367656362,1747838025275,3,0.0004,0.00034619,67.55,BTC-30MAY25-85000-P,107240.58,buy,0.1,0.1,,,,,,1747838025.275
974,367667024,1747839554318,3,0.0004,0.00037191,71.57,BTC-30MAY25-85000-P,108913.76,buy,0.1,0.1,,,,,,1747839554.318
977,367672002,1747839836255,1,0.0005,0.00040748,74.82,BTC-30MAY25-85000-P,109310.47,buy,0.1,0.1,,,,,,1747839836.255
978,367672003,1747839836255,0,0.0006,0.00040748,76.77,BTC-30MAY25-85000-P,109310.47,buy,9.6,9.6,,,,,,1747839836.255
975,367672000,1747839836255,0,0.0005,0.00040748,74.82,BTC-30MAY25-85000-P,109310.47,buy,0.1,0.1,,,,,,1747839836.255
976,367672001,1747839836255,1,0.0005,0.00040748,74.82,BTC-30MAY25-85000-P,109310.47,buy,0.1,0.1,,,,,,1747839836.255
979,367677224,1747840244433,2,0.0004,0.00040379,72.49,BTC-30MAY25-85000-P,109256.74,buy,0.1,0.1,,,,,,1747840244.433
980,367677305,1747840249892,3,0.0004,0.00040879,72.34,BTC-30MAY25-85000-P,109204.63,buy,0.1,0.1,,,,,,1747840249.892
981,367696371,1747843560085,3,0.0004,0.00033801,71.68,BTC-30MAY25-85000-P,108854.82,buy,0.1,0.1,,,,,,1747843560.085
982,367699883,1747844874936,3,0.0004,0.00036622,72.56,BTC-30MAY25-85000-P,109195.67,buy,0.1,0.1,,,,,,1747844874.936
983,367699926,1747844890699,2,0.0002,0.00036922,66.52,BTC-30MAY25-85000-P,109171.23,sell,0.1,0.1,,,,,,1747844890.699
984,367715813,1747848319723,0,0.0004,0.00041225,69.26,BTC-30MAY25-85000-P,107712.83,buy,0.1,0.1,,,,,,1747848319.723
985,367734836,1747849265778,0,0.0005,0.00042387,70.36,BTC-30MAY25-85000-P,107270.3,buy,0.1,0.1,,,,,,1747849265.778
986,367745355,1747849943301,0,0.0006,0.00056592,70.79,BTC-30MAY25-85000-P,106735.05,buy,0.1,0.1,,,,,,1747849943.301
987,367746087,1747850037768,0,0.0008,0.00059695,73.76,BTC-30MAY25-85000-P,106663.74,buy,1.9,1.9,,,,,,1747850037.768
988,367746088,1747850037768,1,0.0008,0.00059695,73.76,BTC-30MAY25-85000-P,106663.74,buy,1.9,1.9,,,,,,1747850037.768
989,367790143,1747861542352,2,0.0005,0.00050334,73.24,BTC-30MAY25-85000-P,108234.0,sell,0.9,0.9,,,,,,1747861542.352
990,367857708,1747878418969,3,0.0005,0.00043201,78.56,BTC-30MAY25-85000-P,109962.57,buy,0.1,0.1,,,,,,1747878418.969
991,367858680,1747878561330,3,0.0005,0.00046343,78.08,BTC-30MAY25-85000-P,109762.38,buy,0.1,0.1,,,,,,1747878561.33
992,367871409,1747881189269,3,0.0005,0.00040762,80.54,BTC-30MAY25-85000-P,110738.18,buy,0.1,0.1,,,,,,1747881189.269
993,367876925,1747881783176,3,0.0005,0.00057466,80.04,BTC-30MAY25-85000-P,110519.62,buy,0.1,0.1,,,,,,1747881783.176
994,367880916,1747882251613,3,0.0005,0.00050684,79.76,BTC-30MAY25-85000-P,110407.8,buy,0.1,0.1,,,,,,1747882251.613
995,367882853,1747882596678,3,0.0005,0.00048632,80.24,BTC-30MAY25-85000-P,110614.35,buy,0.1,0.1,,,,,,1747882596.678
996,367883462,1747882899361,3,0.0005,0.00052132,79.82,BTC-30MAY25-85000-P,110452.52,buy,0.1,0.1,,,,,,1747882899.361
997,367885468,1747883199401,3,0.0005,0.00048796,80.4,BTC-30MAY25-85000-P,110666.38,buy,0.1,0.1,,,,,,1747883199.401
998,367886849,1747883499413,3,0.0005,0.00049757,80.23,BTC-30MAY25-85000-P,110602.6,buy,0.1,0.1,,,,,,1747883499.413
999,367888603,1747883891449,3,0.0005,0.00050132,79.98,BTC-30MAY25-85000-P,110490.62,buy,0.1,0.1,,,,,,1747883891.449
1000,367890710,1747884263774,3,0.0005,0.00048164,80.73,BTC-30MAY25-85000-P,110778.18,buy,0.1,0.1,,,,,,1747884263.774
1001,367892978,1747884754217,3,0.0005,0.0004735,80.71,BTC-30MAY25-85000-P,110751.94,buy,0.1,0.1,,,,,,1747884754.217
1002,367895073,1747885092932,3,0.0005,0.00055197,80.82,BTC-30MAY25-85000-P,110793.06,buy,0.1,0.1,,,,,,1747885092.932
1003,367906729,1747886066727,3,0.0005,0.00046838,82.82,BTC-30MAY25-85000-P,111619.05,buy,0.1,0.1,,,,,,1747886066.727
1004,367970005,1747897091346,3,0.0005,0.00048284,80.73,BTC-30MAY25-85000-P,110494.68,buy,0.1,0.1,,,,,,1747897091.346
1005,367977960,1747898950098,3,0.0005,0.00045436,81.25,BTC-30MAY25-85000-P,110660.22,buy,0.1,0.1,,,,,,1747898950.098
1006,367991624,1747901900317,3,0.0005,0.0004077,82.56,BTC-30MAY25-85000-P,111099.09,buy,0.1,0.1,,,,,,1747901900.317
1007,367993148,1747902537065,3,0.0005,0.00049099,81.85,BTC-30MAY25-85000-P,110806.42,buy,0.1,0.1,,,,,,1747902537.065
1008,367997166,1747903982264,3,0.0005,0.00046206,80.88,BTC-30MAY25-85000-P,110388.44,buy,0.1,0.1,,,,,,1747903982.264
1009,367998595,1747904435916,3,0.0005,0.0004438,80.95,BTC-30MAY25-85000-P,110398.23,buy,0.1,0.1,,,,,,1747904435.916
1010,367999827,1747904805433,3,0.0005,0.00046739,80.78,BTC-30MAY25-85000-P,110322.1,buy,0.1,0.1,,,,,,1747904805.433
1011,368006885,1747908871835,2,0.0004,0.00039084,79.58,BTC-30MAY25-85000-P,110728.9,buy,0.1,0.1,,,,,,1747908871.835
1012,368009585,1747910720320,3,0.0004,0.00037181,80.15,BTC-30MAY25-85000-P,110885.86,buy,0.1,0.1,,,,,,1747910720.32
1013,368010306,1747911128045,3,0.0004,0.00038131,80.04,BTC-30MAY25-85000-P,110806.33,buy,0.1,0.1,,,,,,1747911128.045
1014,368012037,1747912403473,3,0.0004,0.0003859,79.87,BTC-30MAY25-85000-P,110732.47,buy,0.1,0.1,,,,,,1747912403.473
1015,368012644,1747912760021,3,0.0004,0.00038298,80.0,BTC-30MAY25-85000-P,110772.3,buy,0.1,0.1,,,,,,1747912760.021
1016,368013454,1747913188007,3,0.0004,0.00039607,79.69,BTC-30MAY25-85000-P,110646.91,buy,0.1,0.1,,,,,,1747913188.007
1017,368013835,1747913559521,3,0.0004,0.00039795,79.45,BTC-30MAY25-85000-P,110523.62,buy,0.1,0.1,,,,,,1747913559.521
1018,368014378,1747913992635,3,0.0004,0.00038556,79.76,BTC-30MAY25-85000-P,110632.53,buy,0.1,0.1,,,,,,1747913992.635
1019,368014626,1747914293522,3,0.0004,0.0003859,79.82,BTC-30MAY25-85000-P,110666.32,buy,0.1,0.1,,,,,,1747914293.522
1020,368020259,1747915747853,3,0.0004,0.00037559,81.1,BTC-30MAY25-85000-P,111150.17,buy,0.1,0.1,,,,,,1747915747.853
1021,368041429,1747920983822,3,0.0004,0.00037976,81.49,BTC-30MAY25-85000-P,111206.78,buy,0.1,0.1,,,,,,1747920983.822
1022,368044969,1747921301930,3,0.0004,0.00036641,82.01,BTC-30MAY25-85000-P,111414.36,buy,0.1,0.1,,,,,,1747921301.93
1023,368046515,1747921459324,0,0.0005,0.00037679,84.42,BTC-30MAY25-85000-P,111400.93,buy,0.1,0.1,,,,,,1747921459.324
1024,368083019,1747925868650,2,0.0004,0.00040404,80.32,BTC-30MAY25-85000-P,110599.28,buy,0.1,0.1,,,,,,1747925868.65
1026,368097623,1747928709637,3,0.0003,0.00033031,79.87,BTC-30MAY25-85000-P,111556.57,sell,2.1,2.1,,,,,,1747928709.637
1025,368097622,1747928709637,2,0.0003,0.00033031,79.87,BTC-30MAY25-85000-P,111556.57,sell,0.1,0.1,,,,,,1747928709.637
1027,368097624,1747928709646,3,0.0003,0.00033031,79.87,BTC-30MAY25-85000-P,111556.57,buy,2.8,2.8,,,,,,1747928709.646
1031,368108120,1747933060948,3,0.0002,0.00029863,75.43,BTC-30MAY25-85000-P,111168.1,sell,0.9,0.9,,,,,,1747933060.948
1030,368108119,1747933060948,3,0.0002,0.00029863,75.43,BTC-30MAY25-85000-P,111168.1,sell,0.1,0.1,,,,,,1747933060.948
1029,368108118,1747933060948,3,0.0002,0.00029863,75.43,BTC-30MAY25-85000-P,111168.1,sell,0.1,0.1,,,,,,1747933060.948
1028,368108117,1747933060948,2,0.0002,0.00029863,75.43,BTC-30MAY25-85000-P,111168.1,sell,0.9,0.9,,,,,,1747933060.948
1032,368116478,1747935589218,0,0.0004,0.00029954,84.15,BTC-30MAY25-85000-P,111885.51,sell,0.1,0.1,368116477,BTC-PS-30MAY25-92000_85000,,,,1747935589.218
1033,368116526,1747935623488,2,0.0003,0.00029923,81.12,BTC-30MAY25-85000-P,111872.29,sell,1.0,1.0,368116525,BTC-PS-30MAY25-92000_85000,,,,1747935623.488
1034,368165104,1747966107858,3,0.0003,0.0002174,81.93,BTC-30MAY25-85000-P,111435.86,buy,0.1,0.1,,,,,,1747966107.858
1035,368165223,1747966218643,3,0.0003,0.00023261,81.89,BTC-30MAY25-85000-P,111416.81,sell,0.9,0.9,,,,,,1747966218.643
1036,368168232,1747968057002,3,0.0003,0.00022894,81.98,BTC-30MAY25-85000-P,111395.76,buy,0.1,0.1,,,,,,1747968057.002
1037,368173483,1747971814039,2,0.0002,0.00022041,77.67,BTC-30MAY25-85000-P,111162.17,sell,0.1,0.1,,,,,,1747971814.039
1038,368173484,1747971814039,3,0.0002,0.00022041,77.67,BTC-30MAY25-85000-P,111162.17,sell,0.1,0.1,,,,,,1747971814.039
1039,368175558,1747973962718,0,0.0003,0.00022582,81.16,BTC-30MAY25-85000-P,110918.48,buy,0.1,0.1,,,,,,1747973962.718
1040,368186989,1747981090743,1,0.0003,0.0003308,80.49,BTC-30MAY25-85000-P,110456.59,sell,2.0,2.0,,,,,,1747981090.743
1041,368243878,1748001239110,0,0.0004,0.00034364,82.27,BTC-30MAY25-85000-P,109484.85,buy,0.1,0.1,,,,,,1748001239.11
1042,368243879,1748001239116,1,0.0004,0.00034364,82.27,BTC-30MAY25-85000-P,109484.85,sell,3.5,3.5,,,,,,1748001239.116
1043,368252153,1748001684361,1,0.0004,0.00036766,79.93,BTC-30MAY25-85000-P,108578.03,buy,0.1,0.1,,,,,,1748001684.361
1044,368263451,1748002570274,1,0.0004,0.00035592,77.44,BTC-30MAY25-85000-P,107600.89,buy,0.1,0.1,,,,,,1748002570.274
1045,368267021,1748002692638,1,0.0004,0.00035569,78.64,BTC-30MAY25-85000-P,108067.83,sell,2.9,2.9,,,,,,1748002692.638
1046,368284872,1748005799776,2,0.0003,0.00029854,76.57,BTC-30MAY25-85000-P,108271.29,sell,0.1,0.1,,,,,,1748005799.776
1047,368294230,1748007767406,3,0.0003,0.00029099,78.78,BTC-30MAY25-85000-P,109096.47,sell,0.1,0.1,,,,,,1748007767.406
1048,368306019,1748010476932,3,0.0003,0.00023701,80.93,BTC-30MAY25-85000-P,109864.63,buy,1.9,1.9,,,,,,1748010476.932
1049,368376370,1748044111613,0,0.0004,0.00031979,78.25,BTC-30MAY25-85000-P,106961.6,buy,0.1,0.1,,,,,,1748044111.613
1050,368391546,1748052006675,2,0.0003,0.00032287,77.39,BTC-30MAY25-85000-P,107459.16,sell,1.5,1.5,,,,,,1748052006.675
1053,368401664,1748064677149,3,0.0002,0.00024424,77.12,BTC-30MAY25-85000-P,108440.0,sell,0.1,0.1,,,,,,1748064677.149
1052,368401663,1748064677149,3,0.0002,0.00024424,77.12,BTC-30MAY25-85000-P,108440.0,sell,0.1,0.1,,,,,,1748064677.149
1051,368401662,1748064677149,2,0.0002,0.00024424,77.12,BTC-30MAY25-85000-P,108440.0,sell,2.1,2.1,,,,,,1748064677.149
1054,368410258,1748072514196,0,0.0003,0.00022375,80.63,BTC-30MAY25-85000-P,108136.62,buy,0.1,0.1,,,,,,1748072514.196
1055,368411557,1748072814225,1,0.0003,0.00026858,80.18,BTC-30MAY25-85000-P,107981.32,buy,0.1,0.1,,,,,,1748072814.225
1056,368432240,1748082762166,1,0.0003,0.00026772,82.92,BTC-30MAY25-85000-P,108608.59,buy,0.1,0.1,,,,,,1748082762.166
1057,368714602,1748276435229,1,0.0003,0.00026917,108.93,BTC-30MAY25-85000-P,109642.45,buy,0.1,0.1,,,,,,1748276435.229
1058,368714603,1748276435229,1,0.0003,0.00026917,108.93,BTC-30MAY25-85000-P,109642.45,buy,0.1,0.1,,,,,,1748276435.229
1059,368720247,1748276735382,1,0.0003,0.00029851,107.98,BTC-30MAY25-85000-P,109330.53,buy,0.1,0.1,,,,,,1748276735.382
1060,368722739,1748277061096,1,0.0003,0.00029572,107.75,BTC-30MAY25-85000-P,109242.65,buy,0.1,0.1,,,,,,1748277061.096
1061,368807944,1748330139161,2,0.0002,0.0002401,111.62,BTC-30MAY25-85000-P,109124.52,sell,24.0,24.0,,,,,,1748330139.161
1062,368808178,1748330517468,3,0.0002,0.00022217,112.02,BTC-30MAY25-85000-P,109207.35,sell,1.0,1.0,,,,,,1748330517.468
1063,368836646,1748348482198,3,0.0002,0.00013765,118.54,BTC-30MAY25-85000-P,109821.99,buy,0.1,0.1,,,,,,1748348482.198
1064,368837284,1748349301634,3,0.0002,0.00014801,118.5,BTC-30MAY25-85000-P,109772.67,buy,0.1,0.1,,,,,,1748349301.634
1065,368907997,1748370473743,2,0.0001,0.00013066,116.42,BTC-30MAY25-85000-P,110178.86,sell,1.5,1.5,,,,,,1748370473.743
1066,368908529,1748370917271,3,0.0001,0.00013161,116.34,BTC-30MAY25-85000-P,110127.97,sell,0.1,0.1,,,,,,1748370917.271
1067,368908730,1748371114840,3,0.0001,0.00012622,116.86,BTC-30MAY25-85000-P,110240.54,buy,0.5,0.5,,,,,,1748371114.84
1068,368908731,1748371127142,3,0.0001,0.00012625,116.85,BTC-30MAY25-85000-P,110240.55,buy,1.3,1.3,,,,,,1748371127.142
1069,368918488,1748375268921,3,0.0001,0.00012636,116.88,BTC-30MAY25-85000-P,110028.36,buy,0.1,0.1,,,,,,1748375268.921
1070,368919020,1748375637732,3,0.0001,0.00012879,116.6,BTC-30MAY25-85000-P,109926.65,buy,0.1,0.1,,,,,,1748375637.732
1071,368919875,1748376309005,3,0.0001,0.00012754,116.72,BTC-30MAY25-85000-P,109904.24,buy,0.1,0.1,,,,,,1748376309.005
1072,368920530,1748377090951,3,0.0001,0.00012443,117.03,BTC-30MAY25-85000-P,109924.04,buy,0.1,0.1,,,,,,1748377090.951
1073,368921113,1748377910354,3,0.0001,0.0001255,116.93,BTC-30MAY25-85000-P,109848.26,buy,0.1,0.1,,,,,,1748377910.354
1074,368921295,1748378210455,3,0.0001,0.00012258,117.22,BTC-30MAY25-85000-P,109883.37,buy,0.1,0.1,,,,,,1748378210.455
1075,368921520,1748378517551,3,0.0001,0.00012383,117.09,BTC-30MAY25-85000-P,109807.41,buy,0.1,0.1,,,,,,1748378517.551
1076,368921767,1748378817568,3,0.0001,0.00012616,116.86,BTC-30MAY25-85000-P,109741.87,buy,0.1,0.1,,,,,,1748378817.568
1077,368923465,1748379861500,3,0.0001,0.00013143,116.34,BTC-30MAY25-85000-P,109535.71,buy,0.1,0.1,,,,,,1748379861.5
1078,368924100,1748380161516,3,0.0001,0.00012856,116.62,BTC-30MAY25-85000-P,109584.28,buy,0.1,0.1,,,,,,1748380161.516
1079,368924610,1748380461549,3,0.0001,0.00012366,117.12,BTC-30MAY25-85000-P,109693.16,buy,0.1,0.1,,,,,,1748380461.549
1080,368924918,1748380761562,3,0.0001,0.00012548,116.92,BTC-30MAY25-85000-P,109629.84,buy,0.1,0.1,,,,,,1748380761.562
1081,368926243,1748381091288,3,0.0001,0.00014083,115.46,BTC-30MAY25-85000-P,109230.77,buy,0.1,0.1,,,,,,1748381091.288
1082,368927162,1748381391326,3,0.0001,0.00014598,115.0,BTC-30MAY25-85000-P,109094.53,buy,0.1,0.1,,,,,,1748381391.326
1083,368928826,1748382025910,3,0.0001,0.00014825,114.8,BTC-30MAY25-85000-P,109011.83,buy,0.1,0.1,,,,,,1748382025.91
1084,368945734,1748388100288,3,0.0001,8.881e-05,117.2,BTC-30MAY25-85000-P,109181.53,buy,0.2,0.2,,,,,,1748388100.288
1085,368947995,1748390030005,3,0.0001,9.013e-05,117.02,BTC-30MAY25-85000-P,108990.06,buy,0.3,0.3,,,,,,1748390030.005
1086,368948179,1748390182904,3,0.0001,8.859e-05,117.23,BTC-30MAY25-85000-P,109031.15,buy,0.1,0.1,,,,,,1748390182.904
1087,368949952,1748391086698,3,0.0001,9.243e-05,116.72,BTC-30MAY25-85000-P,108845.61,buy,0.1,0.1,,,,,,1748391086.698
1088,368950946,1748391604856,3,0.0001,9.21e-05,116.76,BTC-30MAY25-85000-P,108813.07,buy,0.1,0.1,,,,,,1748391604.856
1089,368950952,1748391619211,3,0.0001,9.224e-05,116.75,BTC-30MAY25-85000-P,108810.31,buy,0.1,0.1,,,,,,1748391619.211
1090,368967013,1748400174244,3,0.0001,0.00012791,119.59,BTC-30MAY25-85000-P,108896.62,buy,0.1,0.1,,,,,,1748400174.244
1091,368967066,1748400184593,3,0.0001,0.0001278,119.61,BTC-30MAY25-85000-P,108895.67,buy,0.1,0.1,,,,,,1748400184.593
1092,368967069,1748400186896,3,0.0001,0.00012855,119.53,BTC-30MAY25-85000-P,108882.88,buy,0.1,0.1,,,,,,1748400186.896
1093,368967073,1748400190480,3,0.0001,0.00012845,119.54,BTC-30MAY25-85000-P,108882.0,buy,0.1,0.1,,,,,,1748400190.48
1094,368967074,1748400193362,3,0.0001,0.00012851,119.53,BTC-30MAY25-85000-P,108881.58,buy,0.1,0.1,,,,,,1748400193.362
1095,368967194,1748400331162,3,0.0001,0.00012897,119.49,BTC-30MAY25-85000-P,108857.36,buy,0.1,0.1,,,,,,1748400331.162
1096,368967197,1748400335146,3,0.0001,0.00012884,119.5,BTC-30MAY25-85000-P,108854.43,buy,0.1,0.1,,,,,,1748400335.146
1097,368967225,1748400351749,3,0.0001,0.00012884,119.5,BTC-30MAY25-85000-P,108863.14,buy,0.1,0.1,,,,,,1748400351.749
1098,368967324,1748400464091,3,0.0001,0.00012853,119.53,BTC-30MAY25-85000-P,108857.07,buy,0.1,0.1,,,,,,1748400464.091
1099,368968978,1748401232276,3,0.0001,0.00013491,118.89,BTC-30MAY25-85000-P,108646.34,buy,0.1,0.1,,,,,,1748401232.276
1100,368969264,1748401419030,3,0.0001,0.00012429,119.09,BTC-30MAY25-85000-P,108674.93,buy,0.1,0.1,,,,,,1748401419.03
1101,368973658,1748405202119,3,0.0001,9.825e-05,121.12,BTC-30MAY25-85000-P,108877.75,buy,0.1,0.1,,,,,,1748405202.119
1104,369048206,1748440444686,3,0.0001,3.864e-05,132.48,BTC-30MAY25-85000-P,108407.11,buy,0.5,0.5,,,,,,1748440444.686
1103,369048205,1748440444686,3,0.0001,3.864e-05,132.48,BTC-30MAY25-85000-P,108407.11,buy,1.7,1.7,,,,,,1748440444.686
1102,369048204,1748440444686,3,0.0001,3.864e-05,132.48,BTC-30MAY25-85000-P,108407.11,buy,4.9,4.9,,,,,,1748440444.686
1105,369048207,1748440444686,3,0.0001,3.864e-05,132.48,BTC-30MAY25-85000-P,108407.11,buy,0.1,0.1,,,,,,1748440444.686
1106,369050426,1748440667052,3,0.0001,4.318e-05,131.18,BTC-30MAY25-85000-P,108116.03,buy,0.1,0.1,,,,,,1748440667.052
1107,369050427,1748440667074,3,0.0001,4.318e-05,131.18,BTC-30MAY25-85000-P,108116.03,buy,0.2,0.2,,,,,,1748440667.074
1108,369050633,1748440679208,3,0.0001,4.328e-05,131.15,BTC-30MAY25-85000-P,108106.26,buy,0.3,0.3,,,,,,1748440679.208
1109,369050910,1748440722240,3,0.0001,4.247e-05,131.34,BTC-30MAY25-85000-P,108141.86,buy,1.0,1.0,,,,,,1748440722.24
1110,369051047,1748440745011,3,0.0001,4.36e-05,131.02,BTC-30MAY25-85000-P,108087.06,buy,0.1,0.1,,,,,,1748440745.011
1111,369051595,1748440832745,3,0.0001,4.247e-05,131.31,BTC-30MAY25-85000-P,108119.63,buy,0.1,0.1,,,,,,1748440832.745
1112,369051677,1748440852515,3,0.0001,4.305e-05,131.14,BTC-30MAY25-85000-P,108085.68,buy,0.1,0.1,,,,,,1748440852.515
1113,369051708,1748440859841,3,0.0001,4.354e-05,131.03,BTC-30MAY25-85000-P,108063.74,buy,0.1,0.1,,,,,,1748440859.841
1114,369060170,1748441996406,3,0.0001,4.867e-05,129.73,BTC-30MAY25-85000-P,107707.42,buy,0.1,0.1,,,,,,1748441996.406
1115,369060171,1748441996426,3,0.0001,4.867e-05,129.73,BTC-30MAY25-85000-P,107707.42,buy,0.1,0.1,,,,,,1748441996.426
1116,369065381,1748443132484,3,0.0001,4.775e-05,129.96,BTC-30MAY25-85000-P,107652.49,buy,0.1,0.1,,,,,,1748443132.484
1118,369065383,1748443132489,3,0.0001,4.775e-05,129.96,BTC-30MAY25-85000-P,107652.49,buy,0.1,0.1,,,,,,1748443132.489
1117,369065382,1748443132489,3,0.0001,4.775e-05,129.96,BTC-30MAY25-85000-P,107652.49,buy,0.9,0.9,,,,,,1748443132.489
1119,369066677,1748443432524,3,0.0001,4.666e-05,130.25,BTC-30MAY25-85000-P,107671.95,buy,0.1,0.1,,,,,,1748443432.524
1120,369068636,1748443732536,3,0.0001,4.439e-05,130.9,BTC-30MAY25-85000-P,107791.53,buy,0.1,0.1,,,,,,1748443732.536
1121,369070027,1748444106986,3,0.0001,4.606e-05,130.39,BTC-30MAY25-85000-P,107642.99,buy,0.1,0.1,,,,,,1748444106.986
1122,369071512,1748444407018,3,0.0001,4.71e-05,130.13,BTC-30MAY25-85000-P,107562.08,buy,0.1,0.1,,,,,,1748444407.018
1123,369073187,1748444707042,3,0.0001,4.568e-05,130.55,BTC-30MAY25-85000-P,107617.32,buy,0.1,0.1,,,,,,1748444707.042
1124,369074754,1748445007057,3,0.0001,4.92e-05,129.61,BTC-30MAY25-85000-P,107399.68,buy,0.1,0.1,,,,,,1748445007.057
1125,369078197,1748445443471,3,0.0001,5.071e-05,129.24,BTC-30MAY25-85000-P,107281.84,buy,0.1,0.1,,,,,,1748445443.471
1127,369118525,1748461857503,3,0.0001,2.784e-05,136.49,BTC-30MAY25-85000-P,107157.7,buy,1.0,1.0,,,,,,1748461857.503
1126,369118524,1748461857503,3,0.0001,2.784e-05,136.49,BTC-30MAY25-85000-P,107157.7,buy,0.1,0.1,,,,,,1748461857.503
1128,369118577,1748461861840,3,0.0001,2.843e-05,136.35,BTC-30MAY25-85000-P,107130.83,sell,0.1,0.1,,,,,,1748461861.84
1129,369118621,1748461866940,3,0.0001,2.884e-05,136.4,BTC-30MAY25-85000-P,107141.21,buy,0.1,0.1,,,,,,1748461866.94
