trade_seq,trade_id,timestamp,tick_direction,price,mark_price,iv,instrument_name,index_price,direction,contracts,amount,block_trade_leg_count,block_trade_id,combo_id,combo_trade_id,block_rfq_id,liquidation,unix_sec
2236,364030942,1746054018247,3,0.009,0.00894357,46.68,BTC-30MAY25-110000-C,94130.77,sell,0.1,0.1,,,,,,,1746054018.247
2237,364031242,1746054248464,3,0.009,0.00888529,46.81,BTC-30MAY25-110000-C,94080.37,sell,0.2,0.2,,,,,,,1746054248.464
2238,364032371,1746055090453,3,0.009,0.00904895,46.35,BTC-30MAY25-110000-C,94286.36,sell,0.1,0.1,,,,,,,1746055090.453
2239,364032564,1746055576439,3,0.009,0.00909451,46.32,BTC-30MAY25-110000-C,94290.98,sell,0.1,0.1,,,,,,,1746055576.439
2240,364034860,1746057734731,3,0.009,0.00897256,46.56,BTC-30MAY25-110000-C,94194.72,sell,0.2,0.2,,,,,,,1746057734.731
2241,364036850,1746061362961,3,0.009,0.00908783,46.09,BTC-30MAY25-110000-C,94447.64,sell,0.2,0.2,,,,,,,1746061362.961
2242,364038071,1746062442733,3,0.009,0.0092573,45.62,BTC-30MAY25-110000-C,94673.37,sell,1.0,1.0,,,,,,,1746062442.733
2243,364038173,1746062607632,3,0.009,0.00919766,45.66,BTC-30MAY25-110000-C,94650.69,buy,0.1,0.1,,,,,,,1746062607.632
2244,364038236,1746062691918,0,0.0093,0.00915823,46.17,BTC-30MAY25-110000-C,94631.4,buy,15.0,15.0,4.0,BLOCK-195355,,,2625.0,,1746062691.918
2245,364040943,1746065934476,0,0.0095,0.00929389,46.2,BTC-30MAY25-110000-C,94759.93,buy,0.1,0.1,,,,,,,1746065934.476
2246,364041059,1746066190487,2,0.009,0.00930544,45.4,BTC-30MAY25-110000-C,94774.75,sell,0.8,0.8,,,,,,,1746066190.487
2247,364041060,1746066190487,3,0.009,0.00930544,45.4,BTC-30MAY25-110000-C,94774.75,sell,0.2,0.2,,,,,,,1746066190.487
2248,364041619,1746066474497,0,0.0095,0.00948701,45.83,BTC-30MAY25-110000-C,94925.51,buy,0.1,0.1,,,,,,,1746066474.497
2249,364041623,1746066491274,1,0.0095,0.00949112,45.82,BTC-30MAY25-110000-C,94929.41,buy,0.8,0.8,,,,,,,1746066491.274
2250,364041630,1746066502959,1,0.0095,0.00950356,45.8,BTC-30MAY25-110000-C,94937.52,buy,0.1,0.1,,,,,,,1746066502.959
2251,364043611,1746069225601,1,0.0095,0.00955265,46.03,BTC-30MAY25-110000-C,94863.75,sell,0.2,0.2,,,,,,,1746069225.601
2252,364044071,1746069917498,1,0.0095,0.00951448,46.16,BTC-30MAY25-110000-C,94784.7,buy,0.1,0.1,,,,,,,1746069917.498
2253,364046667,1746073649059,0,0.01,0.00969079,47.01,BTC-30MAY25-110000-C,94782.35,buy,0.1,0.1,,,,,,,1746073649.059
2254,364046867,1746074248793,1,0.01,0.00979437,46.92,BTC-30MAY25-110000-C,94810.2,buy,0.1,0.1,,,,,,,1746074248.793
2255,364048276,1746076656717,1,0.01,0.00979572,46.59,BTC-30MAY25-110000-C,94961.24,buy,0.1,0.1,,,,,,,1746076656.717
2256,364048691,1746077256453,1,0.01,0.00971497,46.74,BTC-30MAY25-110000-C,94903.17,buy,0.1,0.1,,,,,,,1746077256.453
2257,364049116,1746077827895,1,0.01,0.00994967,46.38,BTC-30MAY25-110000-C,95042.89,buy,0.6,0.6,,,,,,,1746077827.895
2258,364050511,1746079116809,1,0.01,0.01007198,46.13,BTC-30MAY25-110000-C,95164.99,sell,0.1,0.1,,,,,,,1746079116.809
2259,364050802,1746079349111,1,0.01,0.01007047,46.09,BTC-30MAY25-110000-C,95174.36,sell,0.2,0.2,,,,,,,1746079349.111
2260,364053753,1746083872700,1,0.01,0.00973767,46.6,BTC-30MAY25-110000-C,94970.41,buy,0.1,0.1,,,,,,,1746083872.7
2261,364054380,1746084473299,1,0.01,0.00977652,46.49,BTC-30MAY25-110000-C,95017.15,buy,0.1,0.1,,,,,,,1746084473.299
2262,364054409,1746084554722,2,0.0095,0.00978802,45.72,BTC-30MAY25-110000-C,95021.2,sell,0.1,0.1,,,,,,,1746084554.722
2263,364054410,1746084554722,3,0.0095,0.00978802,45.72,BTC-30MAY25-110000-C,95021.2,sell,3.4,3.4,,,,,,,1746084554.722
2264,364056712,1746087441619,0,0.01,0.00972927,46.3,BTC-30MAY25-110000-C,95094.51,buy,0.1,0.1,,,,,,,1746087441.619
2265,364057260,1746088041347,1,0.01,0.00974614,46.29,BTC-30MAY25-110000-C,95107.87,buy,0.1,0.1,,,,,,,1746088041.347
2266,364058452,1746089679270,1,0.01,0.00998782,46.15,BTC-30MAY25-110000-C,95166.64,buy,0.4,0.4,,,,,,,1746089679.27
2267,364059327,1746091139891,0,0.0105,0.0101052,46.76,BTC-30MAY25-110000-C,95222.73,buy,0.1,0.1,,,,,,,1746091139.891
2268,364060041,1746091679621,1,0.0105,0.0102435,46.53,BTC-30MAY25-110000-C,95326.64,buy,0.1,0.1,,,,,,,1746091679.621
2269,364060329,1746091956830,1,0.0105,0.01036483,46.4,BTC-30MAY25-110000-C,95370.28,buy,0.2,0.2,,,,,,,1746091956.83
2270,364060334,1746091957102,1,0.0105,0.01036483,46.4,BTC-30MAY25-110000-C,95370.28,buy,0.2,0.2,,,,,,,1746091957.102
2271,364060343,1746091958113,1,0.0105,0.01036493,46.38,BTC-30MAY25-110000-C,95378.85,buy,0.1,0.1,,,,,,,1746091958.113
2272,364060509,1746092098545,1,0.0105,0.01045679,46.28,BTC-30MAY25-110000-C,95421.23,buy,0.3,0.3,,,,,,,1746092098.545
2274,364062208,1746093017639,1,0.011,0.01080219,46.76,BTC-30MAY25-110000-C,95513.31,buy,0.1,0.1,,,,,,,1746093017.639
2273,364062207,1746093017639,0,0.011,0.01080219,46.76,BTC-30MAY25-110000-C,95513.31,buy,1.0,1.0,,,,,,,1746093017.639
2275,364063922,1746093138798,0,0.0115,0.01124922,46.87,BTC-30MAY25-110000-C,95772.65,buy,0.1,0.1,,,,,,,1746093138.798
2276,364063926,1746093139111,1,0.0115,0.01124922,46.87,BTC-30MAY25-110000-C,95772.65,buy,0.1,0.1,,,,,,,1746093139.111
2277,364064154,1746093196894,2,0.011,0.01124975,46.18,BTC-30MAY25-110000-C,95773.31,sell,0.1,0.1,,,,,,,1746093196.894
2278,364064155,1746093196894,3,0.011,0.01124975,46.18,BTC-30MAY25-110000-C,95773.31,sell,0.9,0.9,,,,,,,1746093196.894
2279,364064193,1746093223311,3,0.011,0.01125191,46.2,BTC-30MAY25-110000-C,95765.15,sell,1.0,1.0,,,,,,,1746093223.311
2280,364064214,1746093237825,3,0.011,0.01128505,46.17,BTC-30MAY25-110000-C,95780.86,sell,1.0,1.0,,,,,,,1746093237.825
2281,364064740,1746093382628,3,0.011,0.0110911,46.45,BTC-30MAY25-110000-C,95655.79,sell,0.1,0.1,,,,,,,1746093382.628
2282,364064802,1746093412554,3,0.011,0.01112206,46.43,BTC-30MAY25-110000-C,95666.86,sell,0.2,0.2,,,,,,,1746093412.554
2283,364065020,1746093512091,3,0.011,0.01101658,46.63,BTC-30MAY25-110000-C,95578.08,sell,0.1,0.1,,,,,,,1746093512.091
2285,364065209,1746093560667,3,0.011,0.01102711,46.65,BTC-30MAY25-110000-C,95565.68,sell,0.9,0.9,,,,,,,1746093560.667
2284,364065208,1746093560667,3,0.011,0.01102711,46.65,BTC-30MAY25-110000-C,95565.68,sell,0.1,0.1,,,,,,,1746093560.667
2286,364066458,1746093958463,0,0.0115,0.01131866,46.99,BTC-30MAY25-110000-C,95719.35,buy,0.1,0.1,,,,,,,1746093958.463
2287,364067430,1746094428951,1,0.0115,0.01124411,47.13,BTC-30MAY25-110000-C,95661.82,buy,0.1,0.1,,,,,,,1746094428.951
2288,364067436,1746094429229,1,0.0115,0.01124411,47.13,BTC-30MAY25-110000-C,95661.82,buy,0.1,0.1,,,,,,,1746094429.229
2289,364067439,1746094429275,1,0.0115,0.01124411,47.13,BTC-30MAY25-110000-C,95661.82,buy,0.1,0.1,,,,,,,1746094429.275
2290,364067442,1746094429605,1,0.0115,0.01124411,47.13,BTC-30MAY25-110000-C,95661.82,buy,0.1,0.1,,,,,,,1746094429.605
2291,364067447,1746094431800,1,0.0115,0.01125876,47.08,BTC-30MAY25-110000-C,95683.27,buy,0.3,0.3,,,,,,,1746094431.8
2292,364067595,1746094539150,1,0.0115,0.01139187,46.91,BTC-30MAY25-110000-C,95773.05,buy,0.2,0.2,,,,,,,1746094539.15
2293,364067630,1746094561760,1,0.0115,0.01146699,46.83,BTC-30MAY25-110000-C,95800.91,buy,0.1,0.1,,,,,,,1746094561.76
2294,364067634,1746094562838,1,0.0115,0.01146864,46.82,BTC-30MAY25-110000-C,95802.62,buy,0.1,0.1,,,,,,,1746094562.838
2295,364067856,1746094597641,1,0.0115,0.0114921,46.79,BTC-30MAY25-110000-C,95818.54,buy,0.3,0.3,,,,,,,1746094597.641
2296,364067857,1746094597641,1,0.0115,0.0114921,46.79,BTC-30MAY25-110000-C,95818.54,buy,0.1,0.1,,,,,,,1746094597.641
2297,364069440,1746094773387,0,0.012,0.01189289,46.78,BTC-30MAY25-110000-C,96099.26,buy,0.1,0.1,,,,,,,1746094773.387
2298,364069448,1746094773564,1,0.012,0.01189289,46.78,BTC-30MAY25-110000-C,96099.26,buy,0.3,0.3,,,,,,,1746094773.564
2299,364069459,1746094774045,1,0.012,0.01189289,46.78,BTC-30MAY25-110000-C,96099.26,buy,0.2,0.2,,,,,,,1746094774.045
2300,364069462,1746094774106,1,0.012,0.01189289,46.78,BTC-30MAY25-110000-C,96099.26,buy,0.1,0.1,,,,,,,1746094774.106
2301,364069465,1746094774233,1,0.012,0.01189289,46.78,BTC-30MAY25-110000-C,96099.26,buy,0.3,0.3,,,,,,,1746094774.233
2305,364072422,1746095257478,1,0.012,0.01217916,46.44,BTC-30MAY25-110000-C,96252.24,sell,1.5,1.5,,,,,,,1746095257.478
2302,364072419,1746095257478,1,0.012,0.01217916,46.44,BTC-30MAY25-110000-C,96252.24,sell,1.6,1.6,,,,,,,1746095257.478
2304,364072421,1746095257478,1,0.012,0.01217916,46.44,BTC-30MAY25-110000-C,96252.24,sell,0.9,0.9,,,,,,,1746095257.478
2303,364072420,1746095257478,1,0.012,0.01217916,46.44,BTC-30MAY25-110000-C,96252.24,sell,5.0,5.0,,,,,,,1746095257.478
2306,364072442,1746095264004,0,0.0125,0.01219082,47.09,BTC-30MAY25-110000-C,96261.89,buy,0.1,0.1,,,,,,,1746095264.004
2307,364075371,1746096447268,2,0.012,0.01207528,46.88,BTC-30MAY25-110000-C,96071.88,sell,0.1,0.1,,,,,,,1746096447.268
2308,364075372,1746096447270,3,0.012,0.01207528,46.88,BTC-30MAY25-110000-C,96071.88,buy,0.4,0.4,,,,,,,1746096447.27
2309,364075373,1746096447270,3,0.012,0.01207528,46.88,BTC-30MAY25-110000-C,96071.88,buy,9.5,9.5,,,,,,,1746096447.27
2310,364087527,1746100263681,0,0.0125,0.01235853,47.19,BTC-30MAY25-110000-C,96229.03,buy,0.1,0.1,,,,,,,1746100263.681
2314,364091062,1746101603499,1,0.0125,0.01235122,47.09,BTC-30MAY25-110000-C,96287.34,buy,0.1,0.1,,,,,,,1746101603.499
2317,364091065,1746101603499,1,0.0125,0.01235122,47.09,BTC-30MAY25-110000-C,96287.34,buy,0.1,0.1,,,,,,,1746101603.499
2312,364091060,1746101603499,1,0.0125,0.01235122,47.09,BTC-30MAY25-110000-C,96287.34,buy,0.1,0.1,,,,,,,1746101603.499
2319,364091067,1746101603499,1,0.0125,0.01235122,47.09,BTC-30MAY25-110000-C,96287.34,buy,0.9,0.9,,,,,,,1746101603.499
2311,364091059,1746101603499,1,0.0125,0.01235122,47.09,BTC-30MAY25-110000-C,96287.34,buy,0.8,0.8,,,,,,,1746101603.499
2318,364091066,1746101603499,1,0.0125,0.01235122,47.09,BTC-30MAY25-110000-C,96287.34,buy,0.1,0.1,,,,,,,1746101603.499
2313,364091061,1746101603499,1,0.0125,0.01235122,47.09,BTC-30MAY25-110000-C,96287.34,buy,0.1,0.1,,,,,,,1746101603.499
2316,364091064,1746101603499,1,0.0125,0.01235122,47.09,BTC-30MAY25-110000-C,96287.34,buy,0.1,0.1,,,,,,,1746101603.499
2315,364091063,1746101603499,1,0.0125,0.01235122,47.09,BTC-30MAY25-110000-C,96287.34,buy,0.1,0.1,,,,,,,1746101603.499
2320,364091068,1746101603503,1,0.0125,0.01235122,47.09,BTC-30MAY25-110000-C,96287.34,sell,0.8,0.8,,,,,,,1746101603.503
2321,364091069,1746101603505,1,0.0125,0.01235122,47.09,BTC-30MAY25-110000-C,96287.34,sell,1.0,1.0,,,,,,,1746101603.505
2322,364091206,1746101632047,1,0.0125,0.01236419,47.07,BTC-30MAY25-110000-C,96292.26,sell,0.1,0.1,,,,,,,1746101632.047
2323,364097737,1746103318112,0,0.013,0.01300788,47.3,BTC-30MAY25-110000-C,96464.3,buy,1.0,1.0,,,,,,,1746103318.112
2324,364098075,1746103442886,1,0.013,0.01297339,47.36,BTC-30MAY25-110000-C,96453.3,buy,0.1,0.1,,,,,,,1746103442.886
2325,364098377,1746103539385,1,0.013,0.01298544,47.36,BTC-30MAY25-110000-C,96453.79,buy,0.1,0.1,,,,,,,1746103539.385
2326,364100744,1746104735969,1,0.013,0.01296671,47.53,BTC-30MAY25-110000-C,96394.49,buy,0.1,0.1,,,,,,,1746104735.969
2327,364101083,1746104813033,1,0.013,0.01305282,47.42,BTC-30MAY25-110000-C,96446.01,sell,0.1,0.1,,,,,,,1746104813.033
2328,364101873,1746105073378,1,0.013,0.01307874,47.34,BTC-30MAY25-110000-C,96463.44,sell,0.1,0.1,,,,,,,1746105073.378
2329,364103057,1746105500614,2,0.0125,0.01308166,46.56,BTC-30MAY25-110000-C,96516.97,sell,0.1,0.1,,,,,,,1746105500.614
2330,364105119,1746106165622,0,0.013,0.01327331,46.98,BTC-30MAY25-110000-C,96623.84,sell,0.2,0.2,,,,,,,1746106165.622
2331,364106062,1746106371976,1,0.013,0.01304571,47.33,BTC-30MAY25-110000-C,96480.19,sell,0.1,0.1,,,,,,,1746106371.976
2332,364106063,1746106371984,1,0.013,0.01304571,47.33,BTC-30MAY25-110000-C,96480.19,buy,0.4,0.4,,,,,,,1746106371.984
2333,364106837,1746106553127,1,0.013,0.01269252,47.86,BTC-30MAY25-110000-C,96255.92,sell,0.7,0.7,,,,,,,1746106553.127
2334,364106915,1746106563135,1,0.013,0.01269023,47.89,BTC-30MAY25-110000-C,96243.28,sell,0.3,0.3,,,,,,,1746106563.135
2336,364107202,1746106621227,1,0.0135,0.01287469,48.31,BTC-30MAY25-110000-C,96329.21,buy,1.0,1.0,,,,,,,1746106621.227
2335,364107201,1746106621227,0,0.0135,0.01287469,48.31,BTC-30MAY25-110000-C,96329.21,buy,1.0,1.0,,,,,,,1746106621.227
2337,364112928,1746107658528,2,0.0125,0.01246063,47.91,BTC-30MAY25-110000-C,95986.4,sell,0.1,0.1,,,,,,,1746107658.528
2338,364116175,1746108005886,3,0.0125,0.01233109,48.1,BTC-30MAY25-110000-C,95906.61,buy,0.1,0.1,,,,,,,1746108005.886
2339,364117121,1746108121246,0,0.013,0.01263145,48.32,BTC-30MAY25-110000-C,96085.71,buy,0.1,0.1,,,,,,,1746108121.246
2341,364117160,1746108137901,3,0.0125,0.01252646,47.81,BTC-30MAY25-110000-C,96029.65,sell,0.1,0.1,,,,,,,1746108137.901
2340,364117159,1746108137901,2,0.0125,0.01252646,47.81,BTC-30MAY25-110000-C,96029.65,sell,0.1,0.1,,,,,,,1746108137.901
2342,364122586,1746110231527,0,0.013,0.0131616,47.13,BTC-30MAY25-110000-C,96597.64,buy,0.4,0.4,,,,,,,1746110231.527
2343,364122627,1746110235263,1,0.013,0.01321902,47.04,BTC-30MAY25-110000-C,96633.18,sell,0.1,0.1,,,,,,,1746110235.263
2344,364122765,1746110244956,1,0.013,0.0133637,46.78,BTC-30MAY25-110000-C,96739.49,sell,6.9,6.9,,,,,,,1746110244.956
2345,364122766,1746110244970,1,0.013,0.0133637,46.78,BTC-30MAY25-110000-C,96739.49,sell,2.7,2.7,,,,,,,1746110244.97
2346,364123281,1746110455140,0,0.0132,0.01313833,47.32,BTC-30MAY25-110000-C,96651.71,buy,12.5,12.5,2.0,BLOCK-195483,BTC-RR-30MAY25-84000_110000,,,,1746110455.14
2347,364123465,1746110596799,2,0.013,0.0130923,47.1,BTC-30MAY25-110000-C,96635.5,sell,0.1,0.1,,,,,,,1746110596.799
2348,364123508,1746110622360,3,0.013,0.01302525,47.18,BTC-30MAY25-110000-C,96608.75,sell,0.2,0.2,,,,,,,1746110622.36
2350,364123940,1746110811851,1,0.0135,0.01294734,47.99,BTC-30MAY25-110000-C,96525.5,buy,0.6,0.6,,,,,,,1746110811.851
2349,364123939,1746110811851,0,0.0135,0.01294734,47.99,BTC-30MAY25-110000-C,96525.5,buy,1.4,1.4,,,,,,,1746110811.851
2351,364129577,1746112205725,0,0.014,0.01401488,47.27,BTC-30MAY25-110000-C,97079.02,buy,1.0,1.0,,,,,,,1746112205.725
2352,364129578,1746112205725,1,0.014,0.01401488,47.27,BTC-30MAY25-110000-C,97079.02,buy,0.1,0.1,,,,,,,1746112205.725
2355,364130273,1746112236573,1,0.0145,0.014347,47.48,BTC-30MAY25-110000-C,97247.58,buy,4.2,4.2,,,,,,,1746112236.573
2354,364130272,1746112236573,1,0.0145,0.014347,47.48,BTC-30MAY25-110000-C,97247.58,buy,5.0,5.0,,,,,,,1746112236.573
2357,364130275,1746112236573,1,0.0145,0.014347,47.48,BTC-30MAY25-110000-C,97247.58,buy,6.0,6.0,,,,,,,1746112236.573
2353,364130271,1746112236573,0,0.0145,0.014347,47.48,BTC-30MAY25-110000-C,97247.58,buy,1.4,1.4,,,,,,,1746112236.573
2356,364130274,1746112236573,1,0.0145,0.014347,47.48,BTC-30MAY25-110000-C,97247.58,buy,1.0,1.0,,,,,,,1746112236.573
2358,364130277,1746112236580,1,0.0145,0.014347,47.48,BTC-30MAY25-110000-C,97247.58,sell,0.8,0.8,,,,,,,1746112236.58
2359,364137849,1746113296760,2,0.014,0.01443432,46.9,BTC-30MAY25-110000-C,97240.59,sell,0.1,0.1,,,,,,,1746113296.76
2360,364137905,1746113318380,3,0.014,0.01442051,46.9,BTC-30MAY25-110000-C,97244.24,sell,1.0,1.0,,,,,,,1746113318.38
2361,364138084,1746113357129,3,0.014,0.01436119,46.95,BTC-30MAY25-110000-C,97228.64,sell,0.1,0.1,,,,,,,1746113357.129
2362,364139570,1746113760962,3,0.014,0.01402023,47.35,BTC-30MAY25-110000-C,97070.66,buy,1.0,1.0,,,,,,,1746113760.962
2363,364139920,1746113898795,3,0.014,0.01411845,47.2,BTC-30MAY25-110000-C,97136.29,sell,0.1,0.1,,,,,,,1746113898.795
2364,364139921,1746113898814,3,0.014,0.01411845,47.2,BTC-30MAY25-110000-C,97136.29,buy,0.2,0.2,,,,,,,1746113898.814
2365,364139922,1746113899128,3,0.014,0.01411845,47.2,BTC-30MAY25-110000-C,97136.29,buy,0.7,0.7,,,,,,,1746113899.128
2366,364139934,1746113907804,3,0.014,0.01415362,47.15,BTC-30MAY25-110000-C,97157.02,buy,1.0,1.0,,,,,,,1746113907.804
2367,364140892,1746114170172,0,0.0144,0.01414502,47.61,BTC-30MAY25-110000-C,97172.49,buy,25.0,25.0,2.0,BLOCK-195502,BTC-CS-30MAY25-110000_115000,,,,1746114170.172
2370,364141520,1746114482002,3,0.014,0.01401784,47.3,BTC-30MAY25-110000-C,97082.51,sell,1.0,1.0,,,,,,,1746114482.002
2368,364141518,1746114482002,2,0.014,0.01401784,47.3,BTC-30MAY25-110000-C,97082.51,sell,0.1,0.1,,,,,,,1746114482.002
2369,364141519,1746114482002,3,0.014,0.01401784,47.3,BTC-30MAY25-110000-C,97082.51,sell,0.1,0.1,,,,,,,1746114482.002
2371,364141521,1746114482007,3,0.014,0.01401146,47.31,BTC-30MAY25-110000-C,97081.49,buy,5.3,5.3,,,,,,,1746114482.007
2372,364141868,1746114610539,3,0.014,0.01389435,47.48,BTC-30MAY25-110000-C,97010.3,buy,1.0,1.0,,,,,,,1746114610.539
2373,364142095,1746114707834,3,0.014,0.01391885,47.44,BTC-30MAY25-110000-C,97030.04,buy,0.1,0.1,,,,,,,1746114707.834
2374,364144598,1746116033562,0,0.0145,0.01415987,47.67,BTC-30MAY25-110000-C,97196.26,buy,1.0,1.0,,,,,,,1746116033.562
2375,364145154,1746116259113,1,0.0145,0.01376745,48.22,BTC-30MAY25-110000-C,96980.85,buy,0.1,0.1,,,,,,,1746116259.113
2376,364145155,1746116259113,1,0.0145,0.01376745,48.22,BTC-30MAY25-110000-C,96980.85,buy,3.9,3.9,,,,,,,1746116259.113
2377,364148193,1746117620959,1,0.0145,0.01442944,47.2,BTC-30MAY25-110000-C,97395.34,buy,1.0,1.0,,,,,,,1746117620.959
2378,364148194,1746117620959,1,0.0145,0.01442944,47.2,BTC-30MAY25-110000-C,97395.34,buy,6.0,6.0,,,,,,,1746117620.959
2379,364148195,1746117620962,1,0.0145,0.01442944,47.2,BTC-30MAY25-110000-C,97395.34,sell,0.3,0.3,,,,,,,1746117620.962
2380,364148196,1746117620986,1,0.0145,0.01442944,47.2,BTC-30MAY25-110000-C,97395.34,sell,5.0,5.0,,,,,,,1746117620.986
2381,364148202,1746117624023,1,0.0145,0.01441986,47.21,BTC-30MAY25-110000-C,97389.35,sell,5.0,5.0,,,,,,,1746117624.023
2382,364148207,1746117624975,1,0.0145,0.01441762,47.21,BTC-30MAY25-110000-C,97388.84,sell,1.4,1.4,,,,,,,1746117624.975
2383,364149374,1746118356022,2,0.014,0.0142957,46.86,BTC-30MAY25-110000-C,97280.99,sell,0.1,0.1,,,,,,,1746118356.022
2384,364150020,1746118467409,3,0.014,0.01403878,47.16,BTC-30MAY25-110000-C,97162.96,sell,0.1,0.1,,,,,,,1746118467.409
2385,364150050,1746118472959,3,0.014,0.01408296,47.13,BTC-30MAY25-110000-C,97174.21,sell,0.9,0.9,,,,,,,1746118472.959
2386,364150058,1746118475994,3,0.014,0.01412017,47.07,BTC-30MAY25-110000-C,97194.8,sell,1.3,1.3,,,,,,,1746118475.994
2387,364150347,1746118585818,3,0.014,0.01418087,46.98,BTC-30MAY25-110000-C,97221.07,sell,1.3,1.3,,,,,,,1746118585.818
2388,364151556,1746118969174,3,0.014,0.014096,47.11,BTC-30MAY25-110000-C,97157.9,sell,0.1,0.1,,,,,,,1746118969.174
2389,364152056,1746119269210,3,0.014,0.01411172,47.0,BTC-30MAY25-110000-C,97218.81,sell,0.1,0.1,,,,,,,1746119269.21
2390,364152387,1746119569262,3,0.014,0.01404158,47.04,BTC-30MAY25-110000-C,97204.61,sell,0.1,0.1,,,,,,,1746119569.262
2391,364152854,1746119869314,3,0.014,0.01413121,46.9,BTC-30MAY25-110000-C,97266.44,sell,0.1,0.1,,,,,,,1746119869.314
2392,364153165,1746120169368,3,0.014,0.01403093,47.0,BTC-30MAY25-110000-C,97231.43,sell,0.1,0.1,,,,,,,1746120169.368
2393,364156514,1746121562045,2,0.013,0.0130231,47.22,BTC-30MAY25-110000-C,96597.56,sell,0.1,0.1,,,,,,,1746121562.045
2394,364158710,1746123057426,3,0.013,0.01309884,46.91,BTC-30MAY25-110000-C,96750.01,sell,0.1,0.1,,,,,,,1746123057.426
2395,364161489,1746125105794,3,0.013,0.01306716,46.78,BTC-30MAY25-110000-C,96806.03,sell,0.1,0.1,,,,,,,1746125105.794
2396,364162276,1746125406965,3,0.013,0.0131819,46.42,BTC-30MAY25-110000-C,96970.06,sell,0.1,0.1,,,,,,,1746125406.965
2405,364164099,1746126644760,3,0.013,0.01247035,47.35,BTC-30MAY25-110000-C,96599.71,buy,4.6,4.6,,,,,,,1746126644.76
2406,364164100,1746126644760,3,0.013,0.01247035,47.35,BTC-30MAY25-110000-C,96599.71,buy,3.1,3.1,,,,,,,1746126644.76
2400,364164094,1746126644760,3,0.013,0.01247035,47.35,BTC-30MAY25-110000-C,96599.71,buy,1.2,1.2,,,,,,,1746126644.76
2403,364164097,1746126644760,3,0.013,0.01247035,47.35,BTC-30MAY25-110000-C,96599.71,buy,8.1,8.1,,,,,,,1746126644.76
2399,364164093,1746126644760,3,0.013,0.01247035,47.35,BTC-30MAY25-110000-C,96599.71,buy,1.0,1.0,,,,,,,1746126644.76
2398,364164092,1746126644760,3,0.013,0.01247035,47.35,BTC-30MAY25-110000-C,96599.71,buy,50.0,50.0,,,,,,,1746126644.76
2401,364164095,1746126644760,3,0.013,0.01247035,47.35,BTC-30MAY25-110000-C,96599.71,buy,1.4,1.4,,,,,,,1746126644.76
2408,364164102,1746126644760,3,0.013,0.01247035,47.35,BTC-30MAY25-110000-C,96599.71,buy,10.1,10.1,,,,,,,1746126644.76
2397,364164091,1746126644760,3,0.013,0.01247035,47.35,BTC-30MAY25-110000-C,96599.71,buy,1.3,1.3,,,,,,,1746126644.76
2407,364164101,1746126644760,3,0.013,0.01247035,47.35,BTC-30MAY25-110000-C,96599.71,buy,10.0,10.0,,,,,,,1746126644.76
2404,364164098,1746126644760,3,0.013,0.01247035,47.35,BTC-30MAY25-110000-C,96599.71,buy,5.0,5.0,,,,,,,1746126644.76
2402,364164096,1746126644760,3,0.013,0.01247035,47.35,BTC-30MAY25-110000-C,96599.71,buy,1.0,1.0,,,,,,,1746126644.76
2409,364164130,1746126646974,3,0.013,0.01246967,47.35,BTC-30MAY25-110000-C,96599.82,buy,1.0,1.0,,,,,,,1746126646.974
2410,364164131,1746126646974,3,0.013,0.01246967,47.35,BTC-30MAY25-110000-C,96599.82,buy,1.3,1.3,,,,,,,1746126646.974
2411,364164137,1746126649092,3,0.013,0.0124708,47.35,BTC-30MAY25-110000-C,96598.52,buy,6.0,6.0,,,,,,,1746126649.092
2412,364164138,1746126649092,3,0.013,0.0124708,47.35,BTC-30MAY25-110000-C,96598.52,buy,1.3,1.3,,,,,,,1746126649.092
2413,364164139,1746126650470,3,0.013,0.01246952,47.35,BTC-30MAY25-110000-C,96598.71,buy,1.3,1.3,,,,,,,1746126650.47
2414,364164140,1746126650470,3,0.013,0.01246952,47.35,BTC-30MAY25-110000-C,96598.71,buy,1.0,1.0,,,,,,,1746126650.47
2415,364164141,1746126650470,3,0.013,0.01246952,47.35,BTC-30MAY25-110000-C,96598.71,buy,50.0,50.0,,,,,,,1746126650.47
2416,364164188,1746126670210,3,0.013,0.01252474,47.32,BTC-30MAY25-110000-C,96607.1,buy,1.0,1.0,,,,,,,1746126670.21
2417,364165019,1746127034128,3,0.013,0.0127873,47.38,BTC-30MAY25-110000-C,96564.98,sell,1.3,1.3,,,,,,,1746127034.128
2418,364165769,1746127389351,3,0.013,0.01291807,47.29,BTC-30MAY25-110000-C,96628.43,sell,0.1,0.1,,,,,,,1746127389.351
2419,364168391,1746129634484,2,0.0125,0.01286738,46.73,BTC-30MAY25-110000-C,96610.16,sell,2.0,2.0,,,,,,,1746129634.484
2420,364171701,1746131207276,0,0.0135,0.01337998,47.42,BTC-30MAY25-110000-C,96888.73,buy,12.5,12.5,2.0,BLOCK-195525,BTC-CS-30MAY25-110000_115000,,,,1746131207.276
2421,364173733,1746132941054,2,0.0128,0.01269532,47.51,BTC-30MAY25-110000-C,96452.1,buy,40.0,40.0,2.0,BLOCK-195527,BTC-CSR12-30MAY25-98000_110000,,,,1746132941.054
2422,364174154,1746133599171,0,0.013,0.01297068,47.34,BTC-30MAY25-110000-C,96635.74,buy,32.0,32.0,2.0,BLOCK-195530,BTC-CSR12-30MAY25-98000_110000,,,,1746133599.171
2423,364174410,1746134100678,1,0.013,0.0130877,47.06,BTC-30MAY25-110000-C,96744.22,buy,3.0,3.0,,,BTC-STRG-30MAY25-84000_110000,364174409,,,1746134100.678
2425,364174732,1746134771037,1,0.013,0.01281819,47.34,BTC-30MAY25-110000-C,96633.2,buy,1.8,1.8,,,,,,,1746134771.037
2424,364174731,1746134771037,1,0.013,0.01281819,47.34,BTC-30MAY25-110000-C,96633.2,buy,2.0,2.0,,,,,,,1746134771.037
2426,364182768,1746144432057,2,0.0125,0.01268844,46.78,BTC-30MAY25-110000-C,96628.27,sell,0.1,0.1,,,,,,,1746144432.057
2427,364182774,1746144436351,3,0.0125,0.01267905,46.78,BTC-30MAY25-110000-C,96627.74,buy,0.9,0.9,,,,,,,1746144436.351
2428,364183350,1746144838919,3,0.0125,0.01267295,46.66,BTC-30MAY25-110000-C,96681.03,sell,0.1,0.1,,,,,,,1746144838.919
2429,364183351,1746144838921,3,0.0125,0.01267295,46.66,BTC-30MAY25-110000-C,96681.03,buy,0.3,0.3,,,,,,,1746144838.921
2430,364191735,1746148967745,0,0.0135,0.01342842,46.76,BTC-30MAY25-110000-C,97168.4,sell,1.1,1.1,,,,,,,1746148967.745
2431,364191736,1746148967748,1,0.0135,0.01342842,46.76,BTC-30MAY25-110000-C,97168.4,sell,0.1,0.1,,,,,,,1746148967.748
2432,364194414,1746150991480,1,0.0135,0.0137442,47.05,BTC-30MAY25-110000-C,97032.53,sell,0.2,0.2,,,,,,,1746150991.48
2433,364195394,1746152233552,2,0.0134,0.01336941,47.49,BTC-30MAY25-110000-C,96822.63,buy,50.0,50.0,4.0,BLOCK-195558,,,2687.0,,1746152233.552
2434,364195493,1746152422162,0,0.0135,0.01346122,47.51,BTC-30MAY25-110000-C,96858.45,buy,0.1,0.1,,,,,,,1746152422.162
2435,364195508,1746152442846,0,0.0136,0.01347838,47.62,BTC-30MAY25-110000-C,96864.07,buy,15.0,15.0,4.0,BLOCK-195561,,,2688.0,,1746152442.846
2436,364200367,1746156246750,0,0.0145,0.01427099,48.34,BTC-30MAY25-110000-C,97049.65,buy,0.3,0.3,,,,,,,1746156246.75
2437,364200368,1746156246750,1,0.0145,0.01427099,48.34,BTC-30MAY25-110000-C,97049.65,buy,1.0,1.0,,,,,,,1746156246.75
2438,364200369,1746156246752,1,0.0145,0.01427099,48.34,BTC-30MAY25-110000-C,97049.65,sell,0.7,0.7,,,,,,,1746156246.752
2439,364206622,1746159659457,0,0.015,0.01480284,48.64,BTC-30MAY25-110000-C,97164.23,buy,1.0,1.0,,,,,,,1746159659.457
2440,364206933,1746159746387,0,0.0155,0.01507439,49.13,BTC-30MAY25-110000-C,97205.24,buy,1.0,1.0,,,,,,,1746159746.387
2441,364206934,1746159746387,1,0.0155,0.01507439,49.13,BTC-30MAY25-110000-C,97205.24,buy,0.4,0.4,,,,,,,1746159746.387
2442,364206943,1746159746776,1,0.0155,0.01507439,49.13,BTC-30MAY25-110000-C,97205.24,buy,0.1,0.1,,,,,,,1746159746.776
2443,364207134,1746159864976,1,0.0155,0.01534567,49.08,BTC-30MAY25-110000-C,97224.8,sell,0.1,0.1,,,,,,,1746159864.976
2444,364207421,1746160093769,1,0.0155,0.01530454,49.3,BTC-30MAY25-110000-C,97140.12,sell,0.6,0.6,,,,,,,1746160093.769
2445,364207935,1746160322798,1,0.0155,0.01528685,49.5,BTC-30MAY25-110000-C,97062.33,sell,1.2,1.2,,,,,,,1746160322.798
2446,364208589,1746160661726,1,0.0155,0.0153191,49.66,BTC-30MAY25-110000-C,97002.19,sell,0.1,0.1,,,,,,,1746160661.726
2447,364209420,1746161200177,2,0.015,0.01523353,49.22,BTC-30MAY25-110000-C,96925.93,sell,0.9,0.9,,,,,,,1746161200.177
2448,364209421,1746161200177,3,0.015,0.01523353,49.22,BTC-30MAY25-110000-C,96925.93,sell,3.1,3.1,,,,,,,1746161200.177
2449,364212487,1746161844969,0,0.0155,0.01512763,49.76,BTC-30MAY25-110000-C,96952.21,buy,1.3,1.3,,,,,,,1746161844.969
2450,364217173,1746165633466,2,0.0145,0.01469943,49.25,BTC-30MAY25-110000-C,96676.01,sell,0.5,0.5,,,,,,,1746165633.466
2451,364218949,1746166572550,0,0.015,0.01498484,49.66,BTC-30MAY25-110000-C,96763.67,sell,0.1,0.1,,,,,,,1746166572.55
2452,364223257,1746168697925,2,0.0145,0.01469357,49.19,BTC-30MAY25-110000-C,96707.04,sell,0.1,0.1,,,,,,,1746168697.925
2453,364228134,1746170307074,2,0.0137,0.01409623,48.37,BTC-30MAY25-110000-C,96646.24,sell,50.0,50.0,2.0,BLOCK-195611,BTC-RR-30MAY25-90000_110000,,,,1746170307.074
2454,364230361,1746171021903,0,0.0144,0.01402975,49.18,BTC-30MAY25-110000-C,96676.74,buy,100.0,100.0,1.0,BLOCK-195614,,,2726.0,,1746171021.903
2455,364230364,1746171022594,1,0.0144,0.01402975,49.18,BTC-30MAY25-110000-C,96676.74,buy,100.0,100.0,1.0,BLOCK-195615,,,,,1746171022.594
2456,364241131,1746173233522,2,0.014,0.01364998,49.21,BTC-30MAY25-110000-C,96480.56,buy,0.9,0.9,,,,,,,1746173233.522
2457,364241132,1746173233522,3,0.014,0.01364998,49.21,BTC-30MAY25-110000-C,96480.56,buy,0.8,0.8,,,,,,,1746173233.522
2458,364241133,1746173233522,3,0.014,0.01364998,49.21,BTC-30MAY25-110000-C,96480.56,buy,0.1,0.1,,,,,,,1746173233.522
2459,364246669,1746175252857,0,0.0153,0.01511546,50.14,BTC-30MAY25-110000-C,96723.12,buy,12.5,12.5,2.0,BLOCK-195637,BTC-CS-30MAY25-110000_115000,,,,1746175252.857
2460,364246796,1746175336848,0,0.0154,0.01518489,50.18,BTC-30MAY25-110000-C,96757.3,buy,12.5,12.5,2.0,BLOCK-195640,BTC-CS-30MAY25-110000_115000,,,,1746175336.848
2461,364247578,1746175955523,2,0.015,0.01503836,49.77,BTC-30MAY25-110000-C,96714.6,sell,12.5,12.5,2.0,BLOCK-195648,BTC-CDIAG-30MAY25_16MAY25-110000_101000,,,,1746175955.523
2462,364247756,1746176023061,3,0.015,0.01496776,49.85,BTC-30MAY25-110000-C,96686.99,sell,0.1,0.1,,,,,,,1746176023.061
2463,364247781,1746176033064,3,0.015,0.01497908,49.83,BTC-30MAY25-110000-C,96695.32,sell,0.1,0.1,,,,,,,1746176033.064
2464,364247848,1746176080109,3,0.015,0.01500073,49.81,BTC-30MAY25-110000-C,96705.79,sell,0.1,0.1,,,,,,,1746176080.109
2465,364247864,1746176115934,3,0.015,0.01499194,49.82,BTC-30MAY25-110000-C,96702.85,sell,0.1,0.1,,,,,,,1746176115.934
2466,364248099,1746176233651,3,0.015,0.01487707,49.99,BTC-30MAY25-110000-C,96639.63,sell,0.1,0.1,,,,,,,1746176233.651
2467,364248121,1746176273717,3,0.015,0.01488668,49.99,BTC-30MAY25-110000-C,96638.72,sell,0.1,0.1,,,,,,,1746176273.717
2468,364248172,1746176351467,3,0.015,0.01492878,49.96,BTC-30MAY25-110000-C,96644.3,sell,0.1,0.1,,,,,,,1746176351.467
2469,364248275,1746176384606,3,0.015,0.01496331,49.92,BTC-30MAY25-110000-C,96662.09,sell,0.1,0.1,,,,,,,1746176384.606
2470,364248287,1746176395846,3,0.015,0.01496593,49.92,BTC-30MAY25-110000-C,96662.57,sell,0.1,0.1,,,,,,,1746176395.846
2471,364251862,1746178488763,2,0.014,0.01450287,48.8,BTC-30MAY25-110000-C,96675.88,sell,0.1,0.1,,,,,,,1746178488.763
2472,364252478,1746179319898,3,0.014,0.01458271,48.71,BTC-30MAY25-110000-C,96710.39,sell,0.2,0.2,,,,,,,1746179319.898
2473,364252820,1746179774928,0,0.0145,0.01447983,49.47,BTC-30MAY25-110000-C,96680.39,sell,0.1,0.1,,,,,,,1746179774.928
2474,364252824,1746179791853,1,0.0145,0.01448878,49.46,BTC-30MAY25-110000-C,96683.23,sell,0.1,0.1,,,,,,,1746179791.853
2475,364253177,1746180061268,1,0.0145,0.01448677,49.49,BTC-30MAY25-110000-C,96672.31,sell,0.1,0.1,,,,,,,1746180061.268
2476,364253206,1746180116434,1,0.0145,0.01448712,49.49,BTC-30MAY25-110000-C,96673.27,sell,0.1,0.1,,,,,,,1746180116.434
2477,364253267,1746180167578,1,0.0145,0.01447077,49.53,BTC-30MAY25-110000-C,96657.97,sell,0.1,0.1,,,,,,,1746180167.578
2478,364257043,1746182638762,2,0.014,0.01444796,48.38,BTC-30MAY25-110000-C,96885.37,sell,0.3,0.3,,,,,,,1746182638.762
2479,364261495,1746187003830,3,0.014,0.0142306,48.22,BTC-30MAY25-110000-C,96984.5,sell,0.1,0.1,,,,,,,1746187003.83
2480,364263401,1746188547659,2,0.0135,0.01396323,47.88,BTC-30MAY25-110000-C,96883.58,sell,0.3,0.3,,,,,,,1746188547.659
2481,364267147,1746189387755,3,0.0135,0.01360682,48.23,BTC-30MAY25-110000-C,96752.95,sell,4.0,4.0,,,,,,,1746189387.755
2482,364267148,1746189387760,3,0.0135,0.01360682,48.23,BTC-30MAY25-110000-C,96752.95,sell,4.0,4.0,,,,,,,1746189387.76
2483,364268949,1746190106226,0,0.014,0.01413094,48.01,BTC-30MAY25-110000-C,97117.43,sell,0.1,0.1,,,,,,,1746190106.226
2484,364272032,1746191295456,2,0.0135,0.01382951,47.53,BTC-30MAY25-110000-C,97057.54,sell,1.2,1.2,,,,,,,1746191295.456
2488,364272036,1746191295456,3,0.0135,0.01382951,47.53,BTC-30MAY25-110000-C,97057.54,sell,0.9,0.9,,,,,,,1746191295.456
2487,364272035,1746191295456,3,0.0135,0.01382951,47.53,BTC-30MAY25-110000-C,97057.54,sell,0.9,0.9,,,,,,,1746191295.456
2486,364272034,1746191295456,3,0.0135,0.01382951,47.53,BTC-30MAY25-110000-C,97057.54,sell,10.0,10.0,,,,,,,1746191295.456
2485,364272033,1746191295456,3,0.0135,0.01382951,47.53,BTC-30MAY25-110000-C,97057.54,sell,12.0,12.0,,,,,,,1746191295.456
2490,364277753,1746193821641,3,0.013,0.0133751,47.14,BTC-30MAY25-110000-C,96927.64,sell,0.4,0.4,,,,,,,1746193821.641
2489,364277752,1746193821641,2,0.013,0.0133751,47.14,BTC-30MAY25-110000-C,96927.64,sell,0.1,0.1,,,,,,,1746193821.641
2491,364277754,1746193821684,3,0.013,0.0133751,47.14,BTC-30MAY25-110000-C,96927.64,sell,0.1,0.1,,,,,,,1746193821.684
2492,364277764,1746193824775,3,0.013,0.013406,47.11,BTC-30MAY25-110000-C,96939.02,sell,0.1,0.1,,,,,,,1746193824.775
2493,364282928,1746195638063,3,0.013,0.01321256,47.1,BTC-30MAY25-110000-C,96971.48,sell,0.1,0.1,,,,,,,1746195638.063
2495,364291030,1746197566052,1,0.0145,0.0142885,47.31,BTC-30MAY25-110000-C,97681.44,buy,1.0,1.0,,,,,,,1746197566.052
2494,364291029,1746197566052,0,0.0145,0.0142885,47.31,BTC-30MAY25-110000-C,97681.44,buy,6.0,6.0,,,,,,,1746197566.052
2496,364294608,1746198210472,1,0.0145,0.01456925,46.84,BTC-30MAY25-110000-C,97851.41,sell,0.1,0.1,,,,,,,1746198210.472
2497,364297705,1746199346832,2,0.0135,0.01385085,46.57,BTC-30MAY25-110000-C,97453.96,sell,0.1,0.1,,,,,,,1746199346.832
2498,364309078,1746202079794,0,0.0137,0.01399082,46.33,BTC-30MAY25-110000-C,97710.21,sell,50.0,50.0,2.0,BLOCK-195707,BTC-CS-30MAY25-108000_110000,,,,1746202079.794
2499,364310574,1746202497808,2,0.0135,0.01381656,46.16,BTC-30MAY25-110000-C,97659.22,sell,50.0,50.0,2.0,BLOCK-195711,BTC-CS-30MAY25-108000_110000,,,,1746202497.808
2500,364311138,1746202943402,0,0.0137,0.01383751,46.31,BTC-30MAY25-110000-C,97721.85,sell,50.0,50.0,2.0,BLOCK-195715,BTC-CS-30MAY25-108000_110000,,,,1746202943.402
2501,364312987,1746203683171,2,0.0135,0.01357759,46.23,BTC-30MAY25-110000-C,97664.22,sell,0.1,0.1,,,,,,,1746203683.171
2502,364313201,1746203713599,2,0.0129,0.01363831,45.35,BTC-30MAY25-110000-C,97694.07,sell,25.0,25.0,2.0,BLOCK-195719,BTC-CS-30MAY25-108000_110000,,,,1746203713.599
2503,364314050,1746204009788,0,0.0135,0.01352284,46.31,BTC-30MAY25-110000-C,97635.9,sell,0.4,0.4,,,,,,,1746204009.788
2504,364318409,1746206233997,2,0.012,0.01239451,45.43,BTC-30MAY25-110000-C,97183.44,sell,1.6,1.6,,,,,,,1746206233.997
2505,364318410,1746206233997,3,0.012,0.01239451,45.43,BTC-30MAY25-110000-C,97183.44,sell,0.4,0.4,,,,,,,1746206233.997
2506,364334994,1746212506797,0,0.0125,0.01247384,46.26,BTC-30MAY25-110000-C,97166.35,sell,0.4,0.4,,,,,,,1746212506.797
2507,364336008,1746212897550,1,0.0125,0.01238931,46.39,BTC-30MAY25-110000-C,97115.46,sell,1.0,1.0,,,,,,,1746212897.55
2508,364340184,1746214978959,2,0.012,0.01190994,46.3,BTC-30MAY25-110000-C,96892.23,sell,0.3,0.3,,,,,,,1746214978.959
2509,364340188,1746214989170,3,0.012,0.01191327,46.3,BTC-30MAY25-110000-C,96891.82,sell,0.2,0.2,,,,,,,1746214989.17
2510,364347871,1746215885050,3,0.012,0.01206808,46.01,BTC-30MAY25-110000-C,97039.81,sell,0.1,0.1,,,,,,,1746215885.05
2511,364348356,1746216120595,2,0.0115,0.0118071,45.61,BTC-30MAY25-110000-C,96921.04,sell,0.8,0.8,,,,,,,1746216120.595
2512,364348437,1746216156712,3,0.0115,0.01177819,45.56,BTC-30MAY25-110000-C,96939.89,sell,0.1,0.1,,,,,,,1746216156.712
2513,364348438,1746216156712,3,0.0115,0.01177819,45.56,BTC-30MAY25-110000-C,96939.89,sell,1.0,1.0,,,,,,,1746216156.712
2514,364359054,1746224825953,0,0.012,0.01159312,46.67,BTC-30MAY25-110000-C,96726.53,buy,0.1,0.1,,,,,,,1746224825.953
2515,364362461,1746228426749,1,0.012,0.01147074,46.7,BTC-30MAY25-110000-C,96746.44,buy,0.1,0.1,,,,,,,1746228426.749
2516,364364494,1746232039506,1,0.012,0.01165945,46.61,BTC-30MAY25-110000-C,96816.92,buy,0.1,0.1,,,,,,,1746232039.506
2517,364367354,1746233935226,2,0.0115,0.01174864,46.11,BTC-30MAY25-110000-C,96714.59,sell,1.0,1.0,,,,,,,1746233935.226
2518,364367424,1746234084033,3,0.0115,0.01180518,46.02,BTC-30MAY25-110000-C,96749.26,sell,0.4,0.4,,,,,,,1746234084.033
2519,364368587,1746235643184,0,0.012,0.01181191,47.0,BTC-30MAY25-110000-C,96644.24,buy,0.1,0.1,,,,,,,1746235643.184
2520,364370468,1746236456230,2,0.0115,0.01165757,46.69,BTC-30MAY25-110000-C,96513.4,sell,0.1,0.1,,,,,,,1746236456.23
2521,364370469,1746236456235,3,0.0115,0.01165757,46.69,BTC-30MAY25-110000-C,96513.4,sell,0.1,0.1,,,,,,,1746236456.235
2522,364370470,1746236456251,3,0.0115,0.01165757,46.69,BTC-30MAY25-110000-C,96513.4,sell,0.1,0.1,,,,,,,1746236456.251
2523,364370471,1746236456282,3,0.0115,0.01165757,46.69,BTC-30MAY25-110000-C,96513.4,sell,0.1,0.1,,,,,,,1746236456.282
2524,364370472,1746236456332,3,0.0115,0.01165757,46.69,BTC-30MAY25-110000-C,96513.4,sell,0.2,0.2,,,,,,,1746236456.332
2525,364371275,1746236812355,3,0.0115,0.01166624,46.72,BTC-30MAY25-110000-C,96500.72,sell,1.8,1.8,,,,,,,1746236812.355
2526,364372487,1746238010202,3,0.0115,0.01142823,46.37,BTC-30MAY25-110000-C,96638.48,sell,0.1,0.1,,,,,,,1746238010.202
2527,364373081,1746238884540,3,0.0115,0.01151076,46.28,BTC-30MAY25-110000-C,96674.5,buy,0.3,0.3,,,,,,,1746238884.54
2528,364375711,1746242846851,2,0.011,0.01094332,46.17,BTC-30MAY25-110000-C,96451.59,sell,0.1,0.1,,,,,,,1746242846.851
2529,364377556,1746243680770,2,0.0105,0.01079165,45.65,BTC-30MAY25-110000-C,96377.49,sell,0.1,0.1,,,,,,,1746243680.77
2530,364379348,1746244760663,3,0.0105,0.01042281,45.7,BTC-30MAY25-110000-C,96384.6,sell,0.1,0.1,,,,,,,1746244760.663
2531,364379357,1746244775680,3,0.0105,0.01043303,45.71,BTC-30MAY25-110000-C,96381.87,sell,0.1,0.1,,,,,,,1746244775.68
2532,364379362,1746244778943,3,0.0105,0.01043338,45.71,BTC-30MAY25-110000-C,96382.32,sell,0.1,0.1,,,,,,,1746244778.943
2533,364379369,1746244786938,3,0.0105,0.01043475,45.71,BTC-30MAY25-110000-C,96382.12,sell,0.1,0.1,,,,,,,1746244786.938
2535,364379770,1746244959262,3,0.0105,0.01041844,45.77,BTC-30MAY25-110000-C,96361.83,sell,0.1,0.1,,,,,,,1746244959.262
2534,364379769,1746244959262,3,0.0105,0.01041844,45.77,BTC-30MAY25-110000-C,96361.83,sell,0.2,0.2,,,,,,,1746244959.262
2536,364387717,1746249669851,0,0.011,0.01069879,46.02,BTC-30MAY25-110000-C,96568.08,buy,0.1,0.1,,,,,,,1746249669.851
2537,364387905,1746250150166,1,0.011,0.01066299,46.03,BTC-30MAY25-110000-C,96567.73,buy,0.1,0.1,,,,,,,1746250150.166
2538,364388997,1746252454776,2,0.0105,0.01042476,45.79,BTC-30MAY25-110000-C,96389.53,sell,0.2,0.2,,,,,,,1746252454.776
2539,364391750,1746255624606,3,0.0105,0.01021952,46.28,BTC-30MAY25-110000-C,96207.19,buy,0.1,0.1,,,,,,,1746255624.606
2540,364391881,1746255736487,3,0.0105,0.01034592,46.14,BTC-30MAY25-110000-C,96258.18,buy,0.2,0.2,,,,,,,1746255736.487
2541,364407018,1746260318862,0,0.011,0.01062895,47.0,BTC-30MAY25-110000-C,96223.74,buy,0.1,0.1,,,,,,,1746260318.862
2542,364407685,1746260858534,0,0.0115,0.01082265,47.46,BTC-30MAY25-110000-C,96324.47,buy,0.1,0.1,,,,,,,1746260858.534
2543,364412322,1746263205063,2,0.011,0.01102267,46.64,BTC-30MAY25-110000-C,96367.74,sell,0.2,0.2,,,,,,,1746263205.063
2544,364416969,1746266799355,3,0.011,0.01078611,47.03,BTC-30MAY25-110000-C,96247.12,sell,0.2,0.2,,,,,,,1746266799.355
2545,364419100,1746267344024,2,0.0105,0.01062407,46.37,BTC-30MAY25-110000-C,96224.06,sell,0.1,0.1,,,,,,,1746267344.024
2546,364430328,1746269824871,2,0.01,0.01004802,46.35,BTC-30MAY25-110000-C,95940.17,sell,0.1,0.1,,,,,,,1746269824.871
2547,364430824,1746269874914,3,0.01,0.01001417,46.4,BTC-30MAY25-110000-C,95915.08,buy,0.4,0.4,,,,,,,1746269874.914
2548,364449729,1746272663405,0,0.0105,0.00992081,47.11,BTC-30MAY25-110000-C,95963.43,buy,0.1,0.1,,,,,,,1746272663.405
2549,364451171,1746273082841,1,0.0105,0.0100251,47.02,BTC-30MAY25-110000-C,95989.38,buy,0.1,0.1,,,,,,,1746273082.841
2550,364453678,1746273394052,2,0.01,0.00994821,46.36,BTC-30MAY25-110000-C,95955.13,buy,0.1,0.1,,,,,,,1746273394.052
2551,364454162,1746273503368,3,0.01,0.00994808,46.35,BTC-30MAY25-110000-C,95959.68,sell,0.1,0.1,,,,,,,1746273503.368
2552,364455641,1746273803937,3,0.01,0.00998672,46.31,BTC-30MAY25-110000-C,95985.24,sell,0.2,0.2,,,,,,,1746273803.937
2553,364460661,1746274503049,2,0.009,0.00979744,44.83,BTC-30MAY25-110000-C,95960.82,sell,1.0,1.0,,,,,,,1746274503.049
2554,364461721,1746275805484,0,0.0095,0.00972003,45.37,BTC-30MAY25-110000-C,96085.45,sell,0.1,0.1,,,,,,,1746275805.484
2555,364467323,1746278394500,0,0.0105,0.01019578,46.58,BTC-30MAY25-110000-C,96234.13,buy,0.1,0.1,,,,,,,1746278394.5
2556,364468155,1746278994806,1,0.0105,0.01032106,46.45,BTC-30MAY25-110000-C,96278.18,buy,0.1,0.1,,,,,,,1746278994.806
2557,364473873,1746280951757,1,0.0105,0.01046851,46.32,BTC-30MAY25-110000-C,96342.08,sell,0.2,0.2,,,,,,,1746280951.757
2558,364473878,1746280964757,2,0.01,0.01047866,45.56,BTC-30MAY25-110000-C,96346.85,sell,0.2,0.2,,,,,,,1746280964.757
2559,364482841,1746285431920,0,0.011,0.01070427,46.73,BTC-30MAY25-110000-C,96496.36,buy,0.1,0.1,,,,,,,1746285431.92
2560,364482997,1746286031407,1,0.011,0.01059271,46.81,BTC-30MAY25-110000-C,96471.24,buy,0.1,0.1,,,,,,,1746286031.407
2561,364485715,1746289045055,1,0.011,0.01045677,47.15,BTC-30MAY25-110000-C,96324.21,buy,0.1,0.1,,,,,,,1746289045.055
2562,364486229,1746289644783,1,0.011,0.01051973,47.17,BTC-30MAY25-110000-C,96306.72,buy,0.1,0.1,,,,,,,1746289644.783
2563,364487981,1746290806992,2,0.0105,0.01042363,46.74,BTC-30MAY25-110000-C,96172.74,buy,3.9,3.9,,,,,,,1746290806.992
2564,364491053,1746292646008,2,0.01,0.00978252,46.47,BTC-30MAY25-110000-C,95991.39,buy,0.1,0.1,,,,,,,1746292646.008
2565,364492055,1746292886398,3,0.01,0.00983551,46.42,BTC-30MAY25-110000-C,96005.25,sell,0.1,0.1,,,,,,,1746292886.398
2566,364496004,1746296057282,0,0.0105,0.01024453,46.62,BTC-30MAY25-110000-C,96229.54,buy,0.2,0.2,,,,,,,1746296057.282
2567,364501470,1746299875595,1,0.0105,0.01014323,46.65,BTC-30MAY25-110000-C,96260.13,buy,0.1,0.1,,,,,,,1746299875.595
2568,364502837,1746300474470,1,0.0105,0.01009832,46.66,BTC-30MAY25-110000-C,96264.48,buy,0.1,0.1,,,,,,,1746300474.47
2569,364508611,1746303635514,0,0.011,0.01048407,47.22,BTC-30MAY25-110000-C,96361.59,buy,0.1,0.1,,,,,,,1746303635.514
2570,364509034,1746304235257,1,0.011,0.01054079,47.14,BTC-30MAY25-110000-C,96385.45,buy,0.1,0.1,,,,,,,1746304235.257
2571,364512146,1746307036571,2,0.0105,0.01012927,46.63,BTC-30MAY25-110000-C,96306.9,buy,0.1,0.1,,,,,,,1746307036.571
2572,364512632,1746307636317,3,0.0105,0.01031661,46.31,BTC-30MAY25-110000-C,96426.22,buy,0.1,0.1,,,,,,,1746307636.317
2573,364518853,1746310644098,3,0.0105,0.01005865,46.76,BTC-30MAY25-110000-C,96253.37,buy,0.1,0.1,,,,,,,1746310644.098
2574,364519623,1746311244318,3,0.0105,0.01000624,46.85,BTC-30MAY25-110000-C,96225.8,buy,0.1,0.1,,,,,,,1746311244.318
2575,364523214,1746315045637,3,0.0105,0.00984121,47.48,BTC-30MAY25-110000-C,95974.42,buy,0.1,0.1,,,,,,,1746315045.637
2576,364524162,1746315276500,2,0.01,0.00985848,46.8,BTC-30MAY25-110000-C,95942.64,sell,0.1,0.1,,,,,,,1746315276.5
2577,364533664,1746317927958,3,0.01,0.00967654,46.6,BTC-30MAY25-110000-C,96036.42,buy,0.1,0.1,,,,,,,1746317927.958
2578,364535698,1746318527972,3,0.01,0.00951221,46.79,BTC-30MAY25-110000-C,95957.84,buy,0.1,0.1,,,,,,,1746318527.972
2579,364544276,1746321426647,3,0.01,0.00951657,46.93,BTC-30MAY25-110000-C,95925.41,buy,0.1,0.1,,,,,,,1746321426.647
2580,364545548,1746322026367,3,0.01,0.00956524,46.85,BTC-30MAY25-110000-C,95957.77,buy,0.1,0.1,,,,,,,1746322026.367
2581,364552710,1746324130553,3,0.01,0.00989233,46.3,BTC-30MAY25-110000-C,96180.35,sell,0.2,0.2,,,,,,,1746324130.553
2582,364554661,1746326259937,0,0.0103,0.00981259,47.04,BTC-30MAY25-110000-C,96077.06,buy,25.0,25.0,1.0,BLOCK-195763,,,,,1746326259.937
2583,364554662,1746326268638,1,0.0103,0.00980652,47.05,BTC-30MAY25-110000-C,96074.53,buy,25.0,25.0,1.0,BLOCK-195764,,,,,1746326268.638
2584,364557897,1746328674058,2,0.01,0.00950601,47.33,BTC-30MAY25-110000-C,95771.56,buy,0.1,0.1,,,,,,,1746328674.058
2585,364558330,1746329273210,3,0.01,0.00947371,47.44,BTC-30MAY25-110000-C,95725.63,buy,0.1,0.1,,,,,,,1746329273.21
2586,364560522,1746333340766,3,0.01,0.00947868,47.3,BTC-30MAY25-110000-C,95807.74,buy,0.1,0.1,,,,,,,1746333340.766
2587,364560771,1746333939544,3,0.01,0.00947493,47.34,BTC-30MAY25-110000-C,95793.49,buy,0.1,0.1,,,,,,,1746333939.544
2588,364561996,1746336003814,3,0.01,0.0094436,47.28,BTC-30MAY25-110000-C,95828.31,buy,0.1,0.1,,,,,,,1746336003.814
2589,364562307,1746336603550,3,0.01,0.00959433,46.96,BTC-30MAY25-110000-C,95962.04,buy,0.1,0.1,,,,,,,1746336603.55
2590,364564486,1746338986384,3,0.01,0.00985245,46.81,BTC-30MAY25-110000-C,96052.07,sell,0.2,0.2,,,,,,,1746338986.384
2591,364566417,1746342783385,3,0.01,0.00987112,46.93,BTC-30MAY25-110000-C,95972.09,sell,0.2,0.2,,,,,,,1746342783.385
2592,364572713,1746345596630,2,0.0095,0.00957555,46.62,BTC-30MAY25-110000-C,95896.16,sell,0.1,0.1,,,,,,,1746345596.63
2593,364573338,1746345940578,3,0.0095,0.00961667,46.49,BTC-30MAY25-110000-C,95932.87,sell,0.3,0.3,,,,,,,1746345940.578
2594,364574462,1746346822800,0,0.01,0.00949303,47.54,BTC-30MAY25-110000-C,95823.35,buy,0.1,0.1,,,,,,,1746346822.8
2595,364575129,1746347133224,2,0.0095,0.00936015,47.05,BTC-30MAY25-110000-C,95708.25,sell,0.1,0.1,,,,,,,1746347133.224
2596,364575131,1746347133257,3,0.0095,0.00936015,47.05,BTC-30MAY25-110000-C,95708.25,sell,0.1,0.1,,,,,,,1746347133.257
2597,364575138,1746347133282,3,0.0095,0.00936015,47.05,BTC-30MAY25-110000-C,95708.25,sell,0.4,0.4,,,,,,,1746347133.282
2598,364575139,1746347133282,3,0.0095,0.00936015,47.05,BTC-30MAY25-110000-C,95708.25,sell,0.1,0.1,,,,,,,1746347133.282
2599,364579547,1746349949176,3,0.0095,0.00952927,47.12,BTC-30MAY25-110000-C,95662.29,buy,0.2,0.2,,,,,,,1746349949.176
2600,364584280,1746352672398,2,0.009,0.0090039,46.74,BTC-30MAY25-110000-C,95529.38,sell,0.1,0.1,,,,,,,1746352672.398
2601,364585890,1746353893570,0,0.0095,0.00902695,47.7,BTC-30MAY25-110000-C,95476.66,buy,0.1,0.1,,,,,,,1746353893.57
2602,364586052,1746353953698,2,0.009,0.00898192,46.97,BTC-30MAY25-110000-C,95453.65,sell,0.1,0.1,,,,,,,1746353953.698
2603,364589463,1746356030461,2,0.0085,0.00890321,46.25,BTC-30MAY25-110000-C,95420.2,sell,0.1,0.1,,,,,,,1746356030.461
2604,364589912,1746356476962,3,0.0085,0.00893862,46.26,BTC-30MAY25-110000-C,95424.11,sell,0.1,0.1,,,,,,,1746356476.962
2605,364598269,1746359172726,0,0.0095,0.00910678,47.78,BTC-30MAY25-110000-C,95462.87,buy,0.1,0.1,,,,,,,1746359172.726
2606,364600045,1746359473047,1,0.0095,0.00904789,47.8,BTC-30MAY25-110000-C,95456.06,buy,0.1,0.1,,,,,,,1746359473.047
2607,364607392,1746361144986,1,0.0095,0.00915113,47.59,BTC-30MAY25-110000-C,95562.56,buy,0.1,0.1,,,,,,,1746361144.986
2608,364610023,1746361684993,1,0.0095,0.00901717,47.8,BTC-30MAY25-110000-C,95475.21,buy,0.1,0.1,,,,,,,1746361684.993
2609,364615914,1746364905439,1,0.0095,0.00893674,48.03,BTC-30MAY25-110000-C,95409.61,buy,0.1,0.1,,,,,,,1746364905.439
2610,364616091,1746365042360,1,0.0095,0.00888784,48.16,BTC-30MAY25-110000-C,95359.37,buy,0.2,0.2,,,,,,,1746365042.36
2611,364616524,1746365504859,1,0.0095,0.00899706,48.03,BTC-30MAY25-110000-C,95398.3,buy,0.1,0.1,,,,,,,1746365504.859
2612,364618668,1746367593253,2,0.009,0.00888275,47.15,BTC-30MAY25-110000-C,95427.82,sell,0.2,0.2,,,,,,,1746367593.253
2613,364622270,1746371913292,0,0.0095,0.00892222,47.64,BTC-30MAY25-110000-C,95604.45,buy,0.1,0.1,,,,,,,1746371913.292
2614,364622678,1746372513017,1,0.0095,0.00893692,47.75,BTC-30MAY25-110000-C,95537.39,buy,0.1,0.1,,,,,,,1746372513.017
2615,364624219,1746375371302,2,0.009,0.00891796,47.21,BTC-30MAY25-110000-C,95455.92,buy,0.2,0.2,,,,,,,1746375371.302
2617,364627372,1746378371214,1,0.0105,0.0100146,49.62,BTC-30MAY25-110000-C,95387.18,buy,0.9,0.9,,,,,,,1746378371.214
2616,364627371,1746378371214,0,0.0105,0.0100146,49.62,BTC-30MAY25-110000-C,95387.18,buy,0.1,0.1,,,,,,,1746378371.214
2618,364627817,1746379236385,1,0.0105,0.00996293,49.62,BTC-30MAY25-110000-C,95401.52,buy,0.1,0.1,,,,,,,1746379236.385
2619,364628090,1746379836110,1,0.0105,0.00995861,49.75,BTC-30MAY25-110000-C,95340.81,buy,0.1,0.1,,,,,,,1746379836.11
2620,364630265,1746382657117,1,0.0105,0.01007134,49.49,BTC-30MAY25-110000-C,95454.18,buy,0.1,0.1,,,,,,,1746382657.117
2621,364630437,1746383257131,1,0.0105,0.00998868,49.51,BTC-30MAY25-110000-C,95462.76,buy,0.1,0.1,,,,,,,1746383257.131
2622,364632428,1746385579628,2,0.0095,0.00985634,48.05,BTC-30MAY25-110000-C,95427.5,sell,1.4,1.4,,,,,,,1746385579.628
2623,364632429,1746385579628,3,0.0095,0.00985634,48.05,BTC-30MAY25-110000-C,95427.5,sell,1.4,1.4,,,,,,,1746385579.628
2626,364632432,1746385579628,3,0.0095,0.00985634,48.05,BTC-30MAY25-110000-C,95427.5,sell,0.2,0.2,,,,,,,1746385579.628
2625,364632431,1746385579628,3,0.0095,0.00985634,48.05,BTC-30MAY25-110000-C,95427.5,sell,1.0,1.0,,,,,,,1746385579.628
2624,364632430,1746385579628,3,0.0095,0.00985634,48.05,BTC-30MAY25-110000-C,95427.5,sell,0.1,0.1,,,,,,,1746385579.628
2627,364632433,1746385579631,3,0.0095,0.00985634,48.05,BTC-30MAY25-110000-C,95427.5,buy,0.9,0.9,,,,,,,1746385579.631
2629,364632554,1746386001799,3,0.0095,0.00977294,47.97,BTC-30MAY25-110000-C,95455.83,sell,0.9,0.9,,,,,,,1746386001.799
2628,364632553,1746386001799,3,0.0095,0.00977294,47.97,BTC-30MAY25-110000-C,95455.83,sell,0.1,0.1,,,,,,,1746386001.799
2630,364639312,1746389713230,0,0.01,0.00994443,48.41,BTC-30MAY25-110000-C,95622.88,buy,0.2,0.2,,,,,,,1746389713.23
2631,364643523,1746393609434,0,0.0105,0.01001382,49.13,BTC-30MAY25-110000-C,95683.89,buy,0.1,0.1,,,,,,,1746393609.434
2632,364643572,1746393968251,2,0.01,0.01003333,48.33,BTC-30MAY25-110000-C,95696.81,buy,0.1,0.1,,,,,,,1746393968.251
2633,364644563,1746396186726,2,0.0095,0.00935878,48.07,BTC-30MAY25-110000-C,95483.38,sell,0.2,0.2,,,,,,,1746396186.726
2634,364660551,1746399965183,2,0.0085,0.00849294,48.22,BTC-30MAY25-110000-C,94817.94,sell,0.2,0.2,,,,,,,1746399965.183
2635,364669217,1746402156407,2,0.0079,0.00796525,48.31,BTC-30MAY25-110000-C,94335.77,sell,12.5,12.5,2.0,BLOCK-195797,BTC-CSR12-30MAY25-110000_125000,,2834.0,,1746402156.407
2636,364671713,1746403035475,0,0.0081,0.00795742,48.81,BTC-30MAY25-110000-C,94272.44,buy,12.5,12.5,2.0,BLOCK-195799,BTC-CS-30MAY25-105000_110000,,2836.0,,1746403035.475
2637,364673133,1746403658940,2,0.008,0.00803459,48.53,BTC-30MAY25-110000-C,94305.78,sell,0.1,0.1,,,,,,,1746403658.94
2638,364678358,1746407867501,0,0.0085,0.00813081,49.04,BTC-30MAY25-110000-C,94477.75,buy,0.1,0.1,,,,,,,1746407867.501
2639,364679703,1746408467537,1,0.0085,0.00790725,49.55,BTC-30MAY25-110000-C,94272.09,buy,0.1,0.1,,,,,,,1746408467.537
2640,364690911,1746411915297,2,0.0075,0.00767683,47.94,BTC-30MAY25-110000-C,94205.18,sell,0.1,0.1,,,,,,,1746411915.297
2641,364690912,1746411915493,3,0.0075,0.00767683,47.94,BTC-30MAY25-110000-C,94205.18,buy,0.1,0.1,,,,,,,1746411915.493
2642,364691020,1746412076624,3,0.0075,0.00759802,47.96,BTC-30MAY25-110000-C,94188.2,buy,0.2,0.2,,,,,,,1746412076.624
2643,364691758,1746412694478,0,0.008,0.00777902,48.47,BTC-30MAY25-110000-C,94354.62,buy,1.0,1.0,,,,,,,1746412694.478
2644,364704554,1746421854306,2,0.0075,0.0079967,47.5,BTC-30MAY25-110000-C,94417.24,sell,4.3,4.3,,,,,,,1746421854.306
2645,364704555,1746421855071,3,0.0075,0.00799692,47.5,BTC-30MAY25-110000-C,94417.24,sell,1.7,1.7,,,,,,,1746421855.071
2646,364709080,1746425030321,0,0.0085,0.0083299,48.69,BTC-30MAY25-110000-C,94683.08,sell,0.1,0.1,,,,,,,1746425030.321
2647,364709081,1746425030340,1,0.0085,0.0083299,48.69,BTC-30MAY25-110000-C,94683.08,sell,0.1,0.1,,,,,,,1746425030.34
2648,364712559,1746429012471,1,0.0085,0.00838372,48.92,BTC-30MAY25-110000-C,94593.35,sell,0.2,0.2,,,,,,,1746429012.471
2649,364716394,1746431695901,2,0.008,0.00844163,47.75,BTC-30MAY25-110000-C,94745.87,sell,0.1,0.1,,,,,,,1746431695.901
2650,364718211,1746432353312,3,0.008,0.00817549,47.89,BTC-30MAY25-110000-C,94692.39,sell,0.2,0.2,,,,,,,1746432353.312
2651,364718338,1746432444563,2,0.0075,0.00811743,47.04,BTC-30MAY25-110000-C,94685.66,sell,0.1,0.1,,,,,,,1746432444.563
2652,364721284,1746435943859,0,0.0079,0.00798699,48.14,BTC-30MAY25-110000-C,94542.86,sell,12.5,12.5,2.0,BLOCK-195859,BTC-CSR13-30MAY25-110000_125000,,,,1746435943.859
2653,364721468,1746436094554,0,0.008,0.00806937,48.17,BTC-30MAY25-110000-C,94595.05,sell,12.5,12.5,2.0,BLOCK-195861,BTC-CS-30MAY25-110000_120000,,,,1746436094.554
2654,364721944,1746436989678,0,0.0085,0.00813772,49.06,BTC-30MAY25-110000-C,94596.71,buy,0.9,0.9,,,,,,,1746436989.678
2655,364727413,1746442440171,2,0.0075,0.00756248,48.47,BTC-30MAY25-110000-C,94105.16,sell,0.1,0.1,,,,,,,1746442440.171
2656,364727832,1746442854362,3,0.0075,0.00755903,48.39,BTC-30MAY25-110000-C,94145.41,sell,0.1,0.1,,,,,,,1746442854.362
2657,364729384,1746444222499,3,0.0075,0.00739379,48.36,BTC-30MAY25-110000-C,94177.5,buy,0.1,0.1,,,,,,,1746444222.499
2658,364730300,1746444590638,3,0.0075,0.00732913,48.74,BTC-30MAY25-110000-C,94018.72,sell,0.5,0.5,,,,,,,1746444590.638
2659,364733870,1746446970187,2,0.0074,0.00759543,48.39,BTC-30MAY25-110000-C,94100.93,sell,12.5,12.5,2.0,BLOCK-195879,BTC-CSR12-30MAY25-110000_130000,,,,1746446970.187
2660,364736977,1746449450576,0,0.0075,0.00786257,48.11,BTC-30MAY25-110000-C,94295.65,sell,0.1,0.1,,,,,,,1746449450.576
2661,364736978,1746449450576,1,0.0075,0.00786257,48.11,BTC-30MAY25-110000-C,94295.65,sell,0.1,0.1,,,,,,,1746449450.576
2663,364737365,1746450024111,1,0.008,0.00781798,48.92,BTC-30MAY25-110000-C,94337.48,buy,0.9,0.9,,,,,,,1746450024.111
2662,364737364,1746450024111,0,0.008,0.00781798,48.92,BTC-30MAY25-110000-C,94337.48,buy,0.1,0.1,,,,,,,1746450024.111
2665,364741451,1746452214114,3,0.0075,0.0076404,48.5,BTC-30MAY25-110000-C,94118.86,sell,1.4,1.4,,,,,,,1746452214.114
2664,364741450,1746452214114,2,0.0075,0.0076404,48.5,BTC-30MAY25-110000-C,94118.86,sell,0.1,0.1,,,,,,,1746452214.114
2666,364750464,1746453676928,0,0.008,0.00817957,48.72,BTC-30MAY25-110000-C,94427.73,sell,0.1,0.1,,,,,,,1746453676.928
2667,364754661,1746454502349,2,0.0075,0.00760632,48.71,BTC-30MAY25-110000-C,94029.66,sell,0.9,0.9,,,,,,,1746454502.349
2668,364756317,1746454833532,3,0.0075,0.00772137,48.48,BTC-30MAY25-110000-C,94110.43,sell,0.1,0.1,,,,,,,1746454833.532
2669,364758545,1746455283548,2,0.007,0.00741507,48.08,BTC-30MAY25-110000-C,93896.63,sell,0.1,0.1,,,,,,,1746455283.548
2670,364766146,1746458408408,3,0.007,0.00737852,48.19,BTC-30MAY25-110000-C,93874.47,sell,0.1,0.1,,,,,,,1746458408.408
2671,364766958,1746458888109,3,0.007,0.00728366,48.22,BTC-30MAY25-110000-C,93872.48,sell,0.1,0.1,,,,,,,1746458888.109
2672,364769393,1746460676973,3,0.007,0.00721175,48.61,BTC-30MAY25-110000-C,93698.34,sell,0.1,0.1,,,,,,,1746460676.973
2673,364770849,1746461810485,3,0.007,0.00737914,47.86,BTC-30MAY25-110000-C,94037.95,sell,0.1,0.1,,,,,,,1746461810.485
2674,364771934,1746462410512,3,0.007,0.00737942,47.54,BTC-30MAY25-110000-C,94173.28,sell,0.1,0.1,,,,,,,1746462410.512
2675,364786292,1746468995219,0,0.0075,0.00761706,47.37,BTC-30MAY25-110000-C,94664.57,sell,0.1,0.1,,,,,,,1746468995.219
2676,364786293,1746468995222,1,0.0075,0.00761706,47.37,BTC-30MAY25-110000-C,94664.57,buy,0.4,0.4,,,,,,,1746468995.222
2677,364786673,1746469190893,1,0.0075,0.00755347,47.4,BTC-30MAY25-110000-C,94667.11,buy,0.1,0.1,,,,,,,1746469190.893
2678,364792123,1746471711741,1,0.0075,0.00755129,47.3,BTC-30MAY25-110000-C,94712.93,sell,0.1,0.1,,,,,,,1746471711.741
2679,364792124,1746471711744,1,0.0075,0.00755129,47.3,BTC-30MAY25-110000-C,94712.93,buy,0.1,0.1,,,,,,,1746471711.744
2680,364792155,1746471751534,1,0.0075,0.00757494,47.25,BTC-30MAY25-110000-C,94734.32,sell,0.1,0.1,,,BTC-CS-30MAY25-110000_115000,364792153,,,1746471751.534
2681,364797240,1746476209602,2,0.007,0.00725153,47.43,BTC-30MAY25-110000-C,94270.43,sell,0.1,0.1,,,,,,,1746476209.602
2682,364797617,1746476809613,3,0.007,0.00720861,47.62,BTC-30MAY25-110000-C,94204.48,sell,0.1,0.1,,,,,,,1746476809.613
2683,364799258,1746477402658,3,0.007,0.00700837,48.34,BTC-30MAY25-110000-C,93888.92,sell,0.1,0.1,,,,,,,1746477402.658
2684,364799281,1746477404466,3,0.007,0.00700985,48.35,BTC-30MAY25-110000-C,93885.38,sell,0.3,0.3,,,,,,,1746477404.466
2685,364799287,1746477406133,3,0.007,0.0070057,48.37,BTC-30MAY25-110000-C,93878.52,sell,0.1,0.1,,,,,,,1746477406.133
2686,364802834,1746480502581,0,0.0073,0.00738188,47.26,BTC-30MAY25-110000-C,94630.57,buy,0.3,0.3,,,BTC-RR-30MAY25-85000_110000,364802833,,,1746480502.581
2687,364809758,1746485792023,0,0.0075,0.00769117,46.72,BTC-30MAY25-110000-C,95041.52,sell,1.5,1.5,,,,,,,1746485792.023
2689,364809760,1746485805770,3,0.007,0.00767843,45.8,BTC-30MAY25-110000-C,95039.56,sell,8.3,8.3,,,,,,,1746485805.77
2688,364809759,1746485805770,2,0.007,0.00767843,45.8,BTC-30MAY25-110000-C,95039.56,sell,0.2,0.2,,,,,,,1746485805.77
2690,364813549,1746491623514,0,0.0075,0.00715079,47.62,BTC-30MAY25-110000-C,94676.23,buy,0.1,0.1,,,,,,,1746491623.514
2691,364813824,1746491735691,2,0.007,0.0070088,46.98,BTC-30MAY25-110000-C,94556.56,sell,0.2,0.2,,,,,,,1746491735.691
2692,364813829,1746491735791,3,0.007,0.0070088,46.98,BTC-30MAY25-110000-C,94556.56,sell,0.4,0.4,,,,,,,1746491735.791
2693,364813831,1746491735913,3,0.007,0.0070088,46.98,BTC-30MAY25-110000-C,94556.56,sell,0.1,0.1,,,,,,,1746491735.913
2694,364813832,1746491735913,3,0.007,0.0070088,46.98,BTC-30MAY25-110000-C,94556.56,sell,0.4,0.4,,,,,,,1746491735.913
2695,364815276,1746493984770,3,0.007,0.00714416,46.6,BTC-30MAY25-110000-C,94716.41,buy,0.2,0.2,,,,,,,1746493984.77
2696,364819710,1746497956020,2,0.0065,0.0066454,46.89,BTC-30MAY25-110000-C,94176.75,sell,0.1,0.1,,,,,,,1746497956.02
2697,364820108,1746498076041,3,0.0065,0.00654497,47.1,BTC-30MAY25-110000-C,94081.6,buy,0.1,0.1,,,,,,,1746498076.041
2698,364824444,1746501506602,3,0.0065,0.00664994,46.67,BTC-30MAY25-110000-C,94312.44,sell,0.1,0.1,,,,,,,1746501506.602
2699,364824446,1746501566588,3,0.0065,0.00665588,46.67,BTC-30MAY25-110000-C,94310.87,sell,0.1,0.1,,,,,,,1746501566.588
2700,364824448,1746501590879,3,0.0065,0.00665735,46.67,BTC-30MAY25-110000-C,94309.63,buy,0.1,0.1,,,,,,,1746501590.879
2701,364826713,1746505033946,3,0.0065,0.00678,46.48,BTC-30MAY25-110000-C,94425.94,sell,0.1,0.1,,,,,,,1746505033.946
2702,364827084,1746505633671,3,0.0065,0.00690482,46.26,BTC-30MAY25-110000-C,94525.17,sell,0.1,0.1,,,,,,,1746505633.671
2703,364829617,1746508797141,3,0.0065,0.00678905,46.58,BTC-30MAY25-110000-C,94412.39,sell,0.1,0.1,,,,,,,1746508797.141
2704,364830011,1746509396883,3,0.0065,0.00672414,46.72,BTC-30MAY25-110000-C,94352.73,sell,0.1,0.1,,,,,,,1746509396.883
2705,364831876,1746512301396,3,0.0065,0.00656367,46.53,BTC-30MAY25-110000-C,94439.25,sell,0.1,0.1,,,,,,,1746512301.396
2706,364831935,1746512360980,3,0.0065,0.00656823,46.51,BTC-30MAY25-110000-C,94445.37,buy,0.1,0.1,,,,,,,1746512360.98
2707,364831937,1746512361398,3,0.0065,0.00656778,46.51,BTC-30MAY25-110000-C,94445.4,buy,0.1,0.1,,,,,,,1746512361.398
2708,364833523,1746515769190,3,0.0065,0.00648293,46.58,BTC-30MAY25-110000-C,94454.75,buy,100.0,100.0,4.0,BLOCK-195959,,,2896.0,,1746515769.19
2709,364837880,1746517843848,2,0.006,0.00644029,45.78,BTC-30MAY25-110000-C,94393.57,sell,0.1,0.1,,,,,,,1746517843.848
2710,364837881,1746517843848,3,0.006,0.00644029,45.78,BTC-30MAY25-110000-C,94393.57,sell,0.1,0.1,,,,,,,1746517843.848
2711,364838677,1746518234290,0,0.0065,0.00635376,46.75,BTC-30MAY25-110000-C,94409.43,buy,0.1,0.1,,,,,,,1746518234.29
2712,364838842,1746518298847,1,0.0065,0.00635441,46.76,BTC-30MAY25-110000-C,94407.16,buy,0.1,0.1,,,,,,,1746518298.847
2713,364838854,1746518302095,1,0.0065,0.00635481,46.76,BTC-30MAY25-110000-C,94407.21,buy,0.1,0.1,,,,,,,1746518302.095
2714,364838861,1746518309562,1,0.0065,0.00635804,46.75,BTC-30MAY25-110000-C,94411.9,buy,0.1,0.1,,,,,,,1746518309.562
2715,364838986,1746518354764,1,0.0065,0.00635912,46.77,BTC-30MAY25-110000-C,94404.82,buy,0.1,0.1,,,,,,,1746518354.764
2716,364838999,1746518358075,1,0.0065,0.0063576,46.77,BTC-30MAY25-110000-C,94404.84,sell,0.1,0.1,,,,,,,1746518358.075
2717,364839325,1746518449881,1,0.0065,0.00632863,46.85,BTC-30MAY25-110000-C,94374.41,sell,0.1,0.1,,,,,,,1746518449.881
2718,364839528,1746518566727,1,0.0065,0.00632736,46.91,BTC-30MAY25-110000-C,94349.36,sell,0.1,0.1,,,,,,,1746518566.727
2719,364839672,1746518620739,1,0.0065,0.00632702,46.95,BTC-30MAY25-110000-C,94337.13,buy,0.1,0.1,,,,,,,1746518620.739
2720,364840290,1746518872504,1,0.0065,0.00636505,46.98,BTC-30MAY25-110000-C,94317.71,buy,50.0,50.0,4.0,BLOCK-195962,,,2902.0,,1746518872.504
2721,364842527,1746519960678,2,0.0064,0.00621378,47.28,BTC-30MAY25-110000-C,94092.18,buy,25.0,25.0,2.0,BLOCK-195964,,,,,1746519960.678
2722,364842763,1746520128061,2,0.0061,0.00619535,46.74,BTC-30MAY25-110000-C,94054.34,sell,12.5,12.5,2.0,BLOCK-195967,BTC-CS-30MAY25-110000_125000,,,,1746520128.061
2723,364843275,1746520285085,2,0.006,0.00623166,46.47,BTC-30MAY25-110000-C,94078.49,sell,0.1,0.1,,,,,,,1746520285.085
2724,364843710,1746520884839,3,0.006,0.00631358,46.28,BTC-30MAY25-110000-C,94164.71,sell,0.1,0.1,,,,,,,1746520884.839
2725,364844400,1746521849743,0,0.0065,0.00644512,47.03,BTC-30MAY25-110000-C,94294.67,buy,0.1,0.1,,,,,,,1746521849.743
2726,364844670,1746522073318,1,0.0065,0.00648811,46.94,BTC-30MAY25-110000-C,94336.71,sell,0.1,0.1,,,,,,,1746522073.318
2727,364845479,1746523229211,2,0.006,0.0063085,46.32,BTC-30MAY25-110000-C,94186.31,sell,0.1,0.1,,,,,,,1746523229.211
2728,364846317,1746523709241,3,0.006,0.00630916,46.32,BTC-30MAY25-110000-C,94170.91,sell,0.1,0.1,,,,,,,1746523709.241
2729,364848312,1746526796922,3,0.006,0.00628677,46.19,BTC-30MAY25-110000-C,94227.7,sell,0.1,0.1,,,,,,,1746526796.922
2730,364849057,1746527395792,3,0.006,0.00631503,46.28,BTC-30MAY25-110000-C,94219.24,sell,0.1,0.1,,,,,,,1746527395.792
2731,364852162,1746529844086,3,0.006,0.00610503,46.76,BTC-30MAY25-110000-C,94017.51,sell,0.1,0.1,,,,,,,1746529844.086
2732,364852163,1746529844086,3,0.006,0.00610503,46.76,BTC-30MAY25-110000-C,94017.51,sell,0.1,0.1,,,,,,,1746529844.086
2733,364853447,1746531076664,3,0.006,0.00595392,47.13,BTC-30MAY25-110000-C,93864.86,sell,0.1,0.1,,,,,,,1746531076.664
2734,364854248,1746531786115,2,0.0055,0.00575992,46.11,BTC-30MAY25-110000-C,93835.07,sell,0.1,0.1,,,,,,,1746531786.115
2735,364854720,1746532265553,3,0.0055,0.00570941,46.22,BTC-30MAY25-110000-C,93790.98,sell,0.1,0.1,,,,,,,1746532265.553
2736,364855697,1746532643436,0,0.006,0.0057393,47.36,BTC-30MAY25-110000-C,93755.87,buy,0.1,0.1,,,,,,,1746532643.436
2737,364855930,1746532705740,1,0.006,0.00573923,47.36,BTC-30MAY25-110000-C,93751.03,buy,0.1,0.1,,,,,,,1746532705.74
2738,364856127,1746532910747,1,0.006,0.00575533,47.35,BTC-30MAY25-110000-C,93766.83,buy,0.1,0.1,,,,,,,1746532910.747
2739,364856297,1746533019004,1,0.006,0.00583575,47.17,BTC-30MAY25-110000-C,93837.39,buy,0.1,0.1,,,,,,,1746533019.004
2740,364856303,1746533023403,1,0.006,0.00583873,47.18,BTC-30MAY25-110000-C,93834.39,buy,0.1,0.1,,,,,,,1746533023.403
2741,364857750,1746533860004,2,0.0055,0.00574641,46.3,BTC-30MAY25-110000-C,93775.63,sell,0.1,0.1,,,,,,,1746533860.004
2742,364858204,1746534459709,3,0.0055,0.00573959,46.34,BTC-30MAY25-110000-C,93767.17,sell,0.1,0.1,,,,,,,1746534459.709
2743,364860396,1746536777347,0,0.006,0.00570319,47.32,BTC-30MAY25-110000-C,93807.48,buy,0.3,0.3,,,,,,,1746536777.347
2744,364860397,1746536777515,1,0.006,0.00570409,47.32,BTC-30MAY25-110000-C,93807.08,buy,1.1,1.1,,,,,,,1746536777.515
2745,364860398,1746536777515,1,0.006,0.00570409,47.32,BTC-30MAY25-110000-C,93807.08,buy,0.2,0.2,,,,,,,1746536777.515
2746,364860399,1746536777519,1,0.006,0.00570409,47.32,BTC-30MAY25-110000-C,93807.08,sell,0.8,0.8,,,,,,,1746536777.519
2747,364860400,1746536777534,1,0.006,0.00570409,47.32,BTC-30MAY25-110000-C,93807.08,sell,0.3,0.3,,,,,,,1746536777.534
2749,364860402,1746536777539,1,0.006,0.00570409,47.32,BTC-30MAY25-110000-C,93807.08,sell,0.3,0.3,,,,,,,1746536777.539
2750,364860403,1746536777539,1,0.006,0.00570409,47.32,BTC-30MAY25-110000-C,93807.08,sell,0.2,0.2,,,,,,,1746536777.539
2748,364860401,1746536777539,1,0.006,0.00570409,47.32,BTC-30MAY25-110000-C,93807.08,sell,0.3,0.3,,,,,,,1746536777.539
2751,364860404,1746536777550,1,0.006,0.00570409,47.32,BTC-30MAY25-110000-C,93807.08,sell,0.1,0.1,,,,,,,1746536777.55
2753,364860406,1746536777550,1,0.006,0.00570409,47.32,BTC-30MAY25-110000-C,93807.08,sell,0.3,0.3,,,,,,,1746536777.55
2752,364860405,1746536777550,1,0.006,0.00570409,47.32,BTC-30MAY25-110000-C,93807.08,sell,0.3,0.3,,,,,,,1746536777.55
2754,364860407,1746536777550,1,0.006,0.00570409,47.32,BTC-30MAY25-110000-C,93807.08,sell,0.1,0.1,,,,,,,1746536777.55
2755,364860408,1746536777570,1,0.006,0.00570409,47.32,BTC-30MAY25-110000-C,93807.08,sell,0.2,0.2,,,,,,,1746536777.57
2756,364860409,1746536777570,1,0.006,0.00570409,47.32,BTC-30MAY25-110000-C,93807.08,sell,0.6,0.6,,,,,,,1746536777.57
2757,364862138,1746538226240,0,0.0065,0.0059222,48.56,BTC-30MAY25-110000-C,93730.43,buy,0.1,0.1,,,,,,,1746538226.24
2758,364862139,1746538226243,1,0.0065,0.0059222,48.56,BTC-30MAY25-110000-C,93730.43,buy,0.1,0.1,,,,,,,1746538226.243
2761,364862142,1746538226244,1,0.0065,0.0059222,48.56,BTC-30MAY25-110000-C,93730.43,buy,0.1,0.1,,,,,,,1746538226.244
2759,364862140,1746538226244,1,0.0065,0.0059222,48.56,BTC-30MAY25-110000-C,93730.43,buy,0.1,0.1,,,,,,,1746538226.244
2760,364862141,1746538226244,1,0.0065,0.0059222,48.56,BTC-30MAY25-110000-C,93730.43,buy,0.1,0.1,,,,,,,1746538226.244
2762,364862143,1746538226245,1,0.0065,0.0059222,48.56,BTC-30MAY25-110000-C,93730.43,buy,0.1,0.1,,,,,,,1746538226.245
2763,364862144,1746538226245,1,0.0065,0.0059222,48.56,BTC-30MAY25-110000-C,93730.43,buy,0.1,0.1,,,,,,,1746538226.245
2764,364862145,1746538226426,1,0.0065,0.0059222,48.56,BTC-30MAY25-110000-C,93730.43,buy,0.1,0.1,,,,,,,1746538226.426
2766,364862147,1746538226427,1,0.0065,0.0059222,48.56,BTC-30MAY25-110000-C,93730.43,buy,0.1,0.1,,,,,,,1746538226.427
2767,364862148,1746538226427,1,0.0065,0.0059222,48.56,BTC-30MAY25-110000-C,93730.43,buy,0.1,0.1,,,,,,,1746538226.427
2765,364862146,1746538226427,1,0.0065,0.0059222,48.56,BTC-30MAY25-110000-C,93730.43,buy,0.1,0.1,,,,,,,1746538226.427
2768,364862149,1746538226428,1,0.0065,0.0059222,48.56,BTC-30MAY25-110000-C,93730.43,buy,0.1,0.1,,,,,,,1746538226.428
2769,364862150,1746538226434,1,0.0065,0.0059222,48.56,BTC-30MAY25-110000-C,93730.43,buy,0.1,0.1,,,,,,,1746538226.434
2770,364862151,1746538226435,1,0.0065,0.0059222,48.56,BTC-30MAY25-110000-C,93730.43,buy,0.1,0.1,,,,,,,1746538226.435
2771,364862152,1746538226438,1,0.0065,0.0059222,48.56,BTC-30MAY25-110000-C,93730.43,buy,0.1,0.1,,,,,,,1746538226.438
2772,364862153,1746538228170,1,0.0065,0.0059183,48.56,BTC-30MAY25-110000-C,93729.99,buy,0.3,0.3,,,,,,,1746538228.17
2773,364862154,1746538228171,1,0.0065,0.0059183,48.56,BTC-30MAY25-110000-C,93729.99,buy,0.3,0.3,,,,,,,1746538228.171
2774,364862155,1746538228188,1,0.0065,0.0059183,48.56,BTC-30MAY25-110000-C,93729.99,buy,0.4,0.4,,,,,,,1746538228.188
2775,364862156,1746538228190,1,0.0065,0.0059183,48.56,BTC-30MAY25-110000-C,93729.99,buy,0.3,0.3,,,,,,,1746538228.19
2776,364862157,1746538228190,1,0.0065,0.0059183,48.56,BTC-30MAY25-110000-C,93729.99,buy,0.2,0.2,,,,,,,1746538228.19
2777,364862158,1746538228191,1,0.0065,0.0059183,48.56,BTC-30MAY25-110000-C,93729.99,buy,0.4,0.4,,,,,,,1746538228.191
2778,364862159,1746538228192,1,0.0065,0.0059183,48.56,BTC-30MAY25-110000-C,93729.99,buy,0.2,0.2,,,,,,,1746538228.192
2779,364862160,1746538228252,1,0.0065,0.0059183,48.56,BTC-30MAY25-110000-C,93729.99,buy,0.1,0.1,,,,,,,1746538228.252
2781,364862162,1746538228255,1,0.0065,0.0059183,48.56,BTC-30MAY25-110000-C,93729.99,buy,0.2,0.2,,,,,,,1746538228.255
2780,364862161,1746538228255,1,0.0065,0.0059183,48.56,BTC-30MAY25-110000-C,93729.99,buy,0.3,0.3,,,,,,,1746538228.255
2782,364862163,1746538228357,1,0.0065,0.0059183,48.56,BTC-30MAY25-110000-C,93729.99,buy,0.2,0.2,,,,,,,1746538228.357
2783,364862164,1746538228358,1,0.0065,0.0059183,48.56,BTC-30MAY25-110000-C,93729.99,buy,0.2,0.2,,,,,,,1746538228.358
2785,364862166,1746538228363,1,0.0065,0.0059183,48.56,BTC-30MAY25-110000-C,93729.99,buy,0.1,0.1,,,,,,,1746538228.363
2784,364862165,1746538228363,1,0.0065,0.0059183,48.56,BTC-30MAY25-110000-C,93729.99,buy,0.1,0.1,,,,,,,1746538228.363
2786,364862167,1746538228481,1,0.0065,0.0059183,48.56,BTC-30MAY25-110000-C,93729.99,buy,0.1,0.1,,,,,,,1746538228.481
2787,364862170,1746538230311,1,0.0065,0.00591934,48.56,BTC-30MAY25-110000-C,93730.62,buy,0.1,0.1,,,,,,,1746538230.311
2788,364862171,1746538230398,1,0.0065,0.00591934,48.56,BTC-30MAY25-110000-C,93730.62,buy,0.1,0.1,,,,,,,1746538230.398
2789,364862172,1746538230399,1,0.0065,0.00591934,48.56,BTC-30MAY25-110000-C,93730.62,buy,0.1,0.1,,,,,,,1746538230.399
2790,364862173,1746538230400,1,0.0065,0.00591934,48.56,BTC-30MAY25-110000-C,93730.62,buy,0.1,0.1,,,,,,,1746538230.4
2792,364862175,1746538230400,1,0.0065,0.00591934,48.56,BTC-30MAY25-110000-C,93730.62,buy,0.1,0.1,,,,,,,1746538230.4
2793,364862176,1746538230400,1,0.0065,0.00591934,48.56,BTC-30MAY25-110000-C,93730.62,buy,0.1,0.1,,,,,,,1746538230.4
2791,364862174,1746538230400,1,0.0065,0.00591934,48.56,BTC-30MAY25-110000-C,93730.62,buy,0.1,0.1,,,,,,,1746538230.4
2794,364862177,1746538230485,1,0.0065,0.00591934,48.56,BTC-30MAY25-110000-C,93730.62,buy,0.1,0.1,,,,,,,1746538230.485
2795,364862178,1746538230504,1,0.0065,0.00591934,48.56,BTC-30MAY25-110000-C,93730.62,buy,0.1,0.1,,,,,,,1746538230.504
2796,364862179,1746538230592,1,0.0065,0.00591934,48.56,BTC-30MAY25-110000-C,93730.62,buy,0.1,0.1,,,,,,,1746538230.592
2798,364862181,1746538230594,1,0.0065,0.00591934,48.56,BTC-30MAY25-110000-C,93730.62,buy,0.1,0.1,,,,,,,1746538230.594
2797,364862180,1746538230594,1,0.0065,0.00591934,48.56,BTC-30MAY25-110000-C,93730.62,buy,0.3,0.3,,,,,,,1746538230.594
2799,364862182,1746538230697,1,0.0065,0.00591934,48.56,BTC-30MAY25-110000-C,93730.62,buy,0.2,0.2,,,,,,,1746538230.697
2800,364865999,1746538950853,1,0.0065,0.00635047,48.06,BTC-30MAY25-110000-C,93941.13,buy,19.0,19.0,,,,,,,1746538950.853
2801,364876081,1746541018380,2,0.006,0.00642871,46.51,BTC-30MAY25-110000-C,94182.72,sell,0.1,0.1,,,,,,,1746541018.38
2802,364878068,1746541363920,0,0.0065,0.00659494,47.04,BTC-30MAY25-110000-C,94417.37,buy,0.1,0.1,,,,,,,1746541363.92
2803,364878069,1746541363920,1,0.0065,0.00659494,47.04,BTC-30MAY25-110000-C,94417.37,buy,0.1,0.1,,,,,,,1746541363.92
2804,364882865,1746543234759,1,0.0065,0.00660109,47.62,BTC-30MAY25-110000-C,94179.03,sell,0.1,0.1,,,,,,,1746543234.759
2805,364882871,1746543236806,1,0.0065,0.0065929,47.68,BTC-30MAY25-110000-C,94152.8,sell,0.1,0.1,,,,,,,1746543236.806
2806,364882884,1746543238163,1,0.0065,0.00656237,47.7,BTC-30MAY25-110000-C,94144.57,sell,0.1,0.1,,,,,,,1746543238.163
2807,364882885,1746543238567,1,0.0065,0.00656237,47.7,BTC-30MAY25-110000-C,94144.57,sell,0.1,0.1,,,,,,,1746543238.567
2808,364882888,1746543240689,1,0.0065,0.0065544,47.71,BTC-30MAY25-110000-C,94139.86,sell,0.1,0.1,,,,,,,1746543240.689
2809,364882900,1746543242712,1,0.0065,0.00654933,47.72,BTC-30MAY25-110000-C,94136.14,sell,0.1,0.1,,,,,,,1746543242.712
2810,364882903,1746543243806,1,0.0065,0.00654554,47.72,BTC-30MAY25-110000-C,94136.19,sell,0.1,0.1,,,,,,,1746543243.806
2811,364882908,1746543245015,1,0.0065,0.00654495,47.73,BTC-30MAY25-110000-C,94132.76,sell,0.1,0.1,,,,,,,1746543245.015
2812,364882913,1746543246267,1,0.0065,0.00654495,47.73,BTC-30MAY25-110000-C,94129.08,sell,0.1,0.1,,,,,,,1746543246.267
2813,364882921,1746543247086,1,0.0065,0.00654223,47.74,BTC-30MAY25-110000-C,94127.87,sell,0.1,0.1,,,,,,,1746543247.086
2814,364882953,1746543248790,1,0.0065,0.00653808,47.74,BTC-30MAY25-110000-C,94126.95,sell,0.1,0.1,,,,,,,1746543248.79
2815,364882974,1746543249240,1,0.0065,0.00653609,47.74,BTC-30MAY25-110000-C,94126.05,sell,0.1,0.1,,,,,,,1746543249.24
2816,364882975,1746543250215,1,0.0065,0.00653609,47.78,BTC-30MAY25-110000-C,94111.32,sell,4.2,4.2,,,,,,,1746543250.215
2817,364884973,1746544042187,1,0.0065,0.00656942,47.39,BTC-30MAY25-110000-C,94261.21,buy,0.2,0.2,,,,,,,1746544042.187
2818,364886380,1746544791165,1,0.0065,0.00665129,47.13,BTC-30MAY25-110000-C,94366.96,buy,0.1,0.1,,,,,,,1746544791.165
2819,364890648,1746546031720,0,0.007,0.00688296,47.38,BTC-30MAY25-110000-C,94691.27,buy,1.0,1.0,,,,,,,1746546031.72
2820,364890649,1746546031726,1,0.007,0.00688296,47.38,BTC-30MAY25-110000-C,94691.27,sell,1.0,1.0,,,,,,,1746546031.726
2821,364894612,1746548051310,1,0.007,0.00712474,47.15,BTC-30MAY25-110000-C,94787.66,buy,0.2,0.2,,,,,,,1746548051.31
2822,364897151,1746550401699,1,0.007,0.00665284,48.25,BTC-30MAY25-110000-C,94346.7,buy,0.1,0.1,,,,,,,1746550401.699
2823,364898105,1746551121722,2,0.0065,0.00657046,47.32,BTC-30MAY25-110000-C,94327.86,buy,0.2,0.2,,,,,,,1746551121.722
2824,364902810,1746554573684,0,0.0069,0.00705939,47.34,BTC-30MAY25-110000-C,94632.87,sell,25.0,25.0,2.0,BLOCK-196038,BTC-CCAL-27JUN25_30MAY25-110000,,,,1746554573.684
2825,364902980,1746554696626,2,0.0065,0.00699055,46.66,BTC-30MAY25-110000-C,94595.6,sell,1.3,1.3,,,,,,,1746554696.626
2826,364902981,1746554696626,3,0.0065,0.00699055,46.66,BTC-30MAY25-110000-C,94595.6,sell,3.7,3.7,,,,,,,1746554696.626
2827,364903583,1746555470732,3,0.0065,0.00711557,46.33,BTC-30MAY25-110000-C,94736.59,sell,0.1,0.1,,,,,,,1746555470.732
2828,364903724,1746555574745,0,0.007,0.00713366,47.21,BTC-30MAY25-110000-C,94781.97,buy,0.1,0.1,,,,,,,1746555574.745
2829,364903739,1746555594221,1,0.007,0.00712694,47.22,BTC-30MAY25-110000-C,94782.16,buy,0.1,0.1,,,,,,,1746555594.221
2830,364905573,1746557674033,0,0.0075,0.00727115,47.9,BTC-30MAY25-110000-C,94908.18,buy,0.5,0.5,,,,,,,1746557674.033
2831,364909781,1746561080886,2,0.007,0.00706572,46.88,BTC-30MAY25-110000-C,94986.1,buy,0.1,0.1,,,,,,,1746561080.886
2832,364918717,1746565444000,3,0.007,0.00703774,47.38,BTC-30MAY25-110000-C,94741.99,buy,0.2,0.2,,,,,,,1746565444.0
2833,364920022,1746567106992,2,0.0068,0.00670346,47.57,BTC-30MAY25-110000-C,94528.02,sell,5.0,5.0,,,BTC-CCAL-27JUN25_30MAY25-110000,364920021,,,1746567106.992
2834,364920029,1746567122817,3,0.0068,0.0067246,47.53,BTC-30MAY25-110000-C,94538.31,sell,5.0,5.0,,,BTC-CCAL-27JUN25_30MAY25-110000,364920027,,,1746567122.817
2835,364920083,1746567198138,3,0.0068,0.00673249,47.52,BTC-30MAY25-110000-C,94537.63,sell,5.0,5.0,,,BTC-CCAL-27JUN25_30MAY25-110000,364920081,,,1746567198.138
2836,364920090,1746567304932,3,0.0068,0.00673643,47.52,BTC-30MAY25-110000-C,94539.0,sell,5.0,5.0,,,BTC-CCAL-27JUN25_30MAY25-110000,364920088,,,1746567304.932
2837,364921766,1746568930198,0,0.007,0.00725018,46.72,BTC-30MAY25-110000-C,95054.8,buy,0.2,0.2,,,,,,,1746568930.198
2838,364945072,1746573432143,0,0.0095,0.00920462,48.02,BTC-30MAY25-110000-C,96322.81,buy,0.1,0.1,,,,,,,1746573432.143
2839,364948251,1746574032103,0,0.01,0.00976914,47.84,BTC-30MAY25-110000-C,96719.92,buy,0.1,0.1,,,,,,,1746574032.103
2840,364950356,1746575106125,1,0.01,0.01001503,47.47,BTC-30MAY25-110000-C,96866.81,buy,9.9,9.9,,,,,,,1746575106.125
2841,364953467,1746576351942,1,0.01,0.01012027,47.45,BTC-30MAY25-110000-C,96897.01,sell,0.1,0.1,,,,,,,1746576351.942
2842,364955516,1746577058797,0,0.0105,0.01030724,47.98,BTC-30MAY25-110000-C,97009.13,buy,0.1,0.1,,,,,,,1746577058.797
2843,364956211,1746577258395,1,0.0105,0.01054377,47.52,BTC-30MAY25-110000-C,97184.67,buy,10.1,10.1,,,,,,,1746577258.395
2844,364956840,1746577358846,0,0.0111,0.0109006,47.88,BTC-30MAY25-110000-C,97385.72,buy,25.0,25.0,2.0,BLOCK-196067,BTC-RR-30MAY25-86000_110000,,2944.0,,1746577358.846
2846,364956848,1746577362624,3,0.011,0.01089459,47.71,BTC-30MAY25-110000-C,97391.74,buy,1.0,1.0,,,,,,,1746577362.624
2845,364956847,1746577362624,2,0.011,0.01089459,47.71,BTC-30MAY25-110000-C,97391.74,buy,10.5,10.5,,,,,,,1746577362.624
2847,364957476,1746577418533,3,0.011,0.01090671,47.72,BTC-30MAY25-110000-C,97399.32,buy,0.1,0.1,,,,,,,1746577418.533
2848,364961952,1746579173422,3,0.011,0.01092554,47.95,BTC-30MAY25-110000-C,97304.03,buy,1.0,1.0,,,,,,,1746579173.422
2850,364965273,1746580089364,1,0.0115,0.01150179,47.72,BTC-30MAY25-110000-C,97671.2,buy,10.7,10.7,,,,,,,1746580089.364
2849,364965272,1746580089364,0,0.0115,0.01150179,47.72,BTC-30MAY25-110000-C,97671.2,buy,0.1,0.1,,,,,,,1746580089.364
2851,364965657,1746580156618,1,0.0115,0.01123986,48.21,BTC-30MAY25-110000-C,97507.76,buy,0.2,0.2,,,,,,,1746580156.618
2852,364965680,1746580166805,1,0.0115,0.01120227,48.23,BTC-30MAY25-110000-C,97497.73,buy,0.1,0.1,,,,,,,1746580166.805
2853,364965916,1746580324113,1,0.0115,0.01112312,48.39,BTC-30MAY25-110000-C,97439.81,buy,0.7,0.7,,,,,,,1746580324.113
2854,364966868,1746580688312,1,0.0115,0.01116352,48.37,BTC-30MAY25-110000-C,97446.82,buy,0.1,0.1,,,,,,,1746580688.312
2855,364967093,1746580868125,1,0.0115,0.01134709,48.16,BTC-30MAY25-110000-C,97523.45,sell,0.1,0.1,,,,,,,1746580868.125
2856,364969867,1746582485401,2,0.0105,0.01088876,47.35,BTC-30MAY25-110000-C,97254.22,sell,1.0,1.0,,,,,,,1746582485.401
2858,364969933,1746582502534,3,0.0105,0.01086941,47.35,BTC-30MAY25-110000-C,97256.47,sell,0.6,0.6,,,,,,,1746582502.534
2857,364969932,1746582502534,3,0.0105,0.01086941,47.35,BTC-30MAY25-110000-C,97256.47,sell,0.4,0.4,,,,,,,1746582502.534
2859,364969946,1746582506956,3,0.0105,0.01088745,47.35,BTC-30MAY25-110000-C,97256.52,sell,1.0,1.0,,,,,,,1746582506.956
2860,364971415,1746583368492,0,0.011,0.01088371,48.21,BTC-30MAY25-110000-C,97207.9,sell,0.2,0.2,,,,,,,1746583368.492
2861,364971416,1746583368623,1,0.011,0.01088371,48.21,BTC-30MAY25-110000-C,97207.9,sell,2.1,2.1,,,,,,,1746583368.623
2863,364973251,1746583973919,3,0.01,0.01030502,47.53,BTC-30MAY25-110000-C,96874.96,sell,0.2,0.2,,,,,,,1746583973.919
2862,364973250,1746583973919,2,0.01,0.01030502,47.53,BTC-30MAY25-110000-C,96874.96,sell,0.8,0.8,,,,,,,1746583973.919
2864,364974352,1746584053291,3,0.01,0.01040174,47.39,BTC-30MAY25-110000-C,96930.22,sell,1.0,1.0,,,,,,,1746584053.291
2865,364982552,1746587634040,2,0.0095,0.00942108,48.13,BTC-30MAY25-110000-C,96397.46,sell,0.2,0.2,,,,,,,1746587634.04
2866,364984924,1746589025655,0,0.0096,0.00954609,48.03,BTC-30MAY25-110000-C,96524.28,buy,50.0,50.0,3.0,BLOCK-196171,,,2991.0,,1746589025.655
2867,364986075,1746590889619,2,0.0095,0.00958164,47.8,BTC-30MAY25-110000-C,96543.85,sell,0.1,0.1,,,,,,,1746590889.619
2868,364986393,1746591537454,0,0.01,0.00973883,48.32,BTC-30MAY25-110000-C,96656.82,buy,0.1,0.1,,,,,,,1746591537.454
2869,364986712,1746592077147,1,0.01,0.00968903,48.49,BTC-30MAY25-110000-C,96600.51,buy,0.1,0.1,,,,,,,1746592077.147
2870,364987959,1746593585611,1,0.01,0.00972637,48.81,BTC-30MAY25-110000-C,96461.5,buy,10.0,10.0,,,,,,,1746593585.611
2871,364988895,1746595032853,1,0.01,0.00968644,48.88,BTC-30MAY25-110000-C,96449.96,buy,0.1,0.1,,,,,,,1746595032.853
2872,364989137,1746595629161,2,0.0095,0.00967736,48.14,BTC-30MAY25-110000-C,96424.53,sell,0.2,0.2,,,,,,,1746595629.161
2873,364989141,1746595629200,3,0.0095,0.00967736,48.14,BTC-30MAY25-110000-C,96424.53,sell,0.2,0.2,,,,,,,1746595629.2
2874,364989148,1746595632300,0,0.01,0.00964971,49.01,BTC-30MAY25-110000-C,96405.88,buy,0.1,0.1,,,,,,,1746595632.3
2875,364989565,1746596742810,2,0.0095,0.00957082,48.33,BTC-30MAY25-110000-C,96351.33,sell,0.6,0.6,,,,,,,1746596742.81
2876,364989722,1746596876744,3,0.0095,0.0095645,48.2,BTC-30MAY25-110000-C,96398.09,buy,0.8,0.8,,,,,,,1746596876.744
2877,364990425,1746598027112,3,0.0095,0.00948867,47.91,BTC-30MAY25-110000-C,96531.74,sell,0.2,0.2,,,,,,,1746598027.112
2878,364991626,1746599974225,3,0.0095,0.00971247,47.96,BTC-30MAY25-110000-C,96527.25,sell,5.0,5.0,,,,,,,1746599974.225
2879,364992912,1746601358283,3,0.0095,0.00959146,47.82,BTC-30MAY25-110000-C,96581.73,sell,0.2,0.2,,,,,,,1746601358.283
2881,364993843,1746602354139,3,0.009,0.00933512,46.78,BTC-30MAY25-110000-C,96670.32,sell,2.9,2.9,,,,,,,1746602354.139
2880,364993842,1746602354139,2,0.009,0.00933512,46.78,BTC-30MAY25-110000-C,96670.32,sell,2.1,2.1,,,,,,,1746602354.139
2882,364995059,1746603476064,0,0.0095,0.00924799,47.33,BTC-30MAY25-110000-C,96792.85,buy,0.4,0.4,,,,,,,1746603476.064
2883,364997372,1746604958347,1,0.0095,0.00926596,46.96,BTC-30MAY25-110000-C,96959.67,buy,4.6,4.6,,,,,,,1746604958.347
2884,364998445,1746605921358,0,0.01,0.00943221,48.02,BTC-30MAY25-110000-C,96874.24,buy,0.1,0.1,,,,,,,1746605921.358
2885,364998825,1746606461905,1,0.01,0.00951197,47.89,BTC-30MAY25-110000-C,96912.31,buy,0.1,0.1,,,,,,,1746606461.905
2886,365001417,1746609452191,1,0.01,0.00940206,47.94,BTC-30MAY25-110000-C,96904.17,buy,0.1,0.1,,,,,,,1746609452.191
2887,365001475,1746609511624,2,0.0095,0.00943279,47.08,BTC-30MAY25-110000-C,96919.89,sell,0.1,0.1,,,,,,,1746609511.624
2888,365002882,1746612389366,3,0.0095,0.00943008,47.03,BTC-30MAY25-110000-C,96941.0,buy,0.2,0.2,,,,,,,1746612389.366
2889,365006831,1746616628439,3,0.0095,0.00947442,46.9,BTC-30MAY25-110000-C,97020.48,sell,0.2,0.2,,,,,,,1746616628.439
2890,365006832,1746616628439,3,0.0095,0.00947442,46.9,BTC-30MAY25-110000-C,97020.48,sell,0.3,0.3,,,,,,,1746616628.439
2891,365007485,1746617193652,0,0.01,0.0094203,47.85,BTC-30MAY25-110000-C,96983.79,buy,5.0,5.0,,,,,,,1746617193.652
2892,365007561,1746617264727,2,0.0095,0.00938373,47.12,BTC-30MAY25-110000-C,96961.16,sell,0.2,0.2,,,,,,,1746617264.727
2893,365007624,1746617370019,0,0.01,0.0093986,47.94,BTC-30MAY25-110000-C,96956.9,buy,4.6,4.6,,,,,,,1746617370.019
2894,365007625,1746617370019,1,0.01,0.0093986,47.94,BTC-30MAY25-110000-C,96956.9,buy,0.4,0.4,,,,,,,1746617370.019
2895,365009529,1746619600036,2,0.0095,0.00939531,47.1,BTC-30MAY25-110000-C,96971.0,sell,0.2,0.2,,,,,,,1746619600.036
2896,365012058,1746622987996,3,0.0095,0.00939152,47.36,BTC-30MAY25-110000-C,96880.65,sell,0.2,0.2,,,,,,,1746622987.996
2898,365016589,1746626643242,3,0.009,0.00930643,46.14,BTC-30MAY25-110000-C,97055.5,sell,0.4,0.4,,,,,,,1746626643.242
2897,365016588,1746626643242,2,0.009,0.00930643,46.14,BTC-30MAY25-110000-C,97055.5,sell,0.1,0.1,,,,,,,1746626643.242
2899,365018981,1746627609160,0,0.0095,0.00941856,46.55,BTC-30MAY25-110000-C,97212.77,buy,0.1,0.1,,,,,,,1746627609.16
2900,365019246,1746627869285,1,0.0095,0.00960621,46.21,BTC-30MAY25-110000-C,97335.37,buy,0.4,0.4,,,,,,,1746627869.285
2901,365019925,1746628148913,0,0.01,0.00973925,46.76,BTC-30MAY25-110000-C,97461.43,buy,0.1,0.1,,,,,,,1746628148.913
2902,365021144,1746628826979,2,0.009,0.00950983,45.38,BTC-30MAY25-110000-C,97363.38,sell,1.0,1.0,,,,,,,1746628826.979
2903,365021145,1746628826979,3,0.009,0.00950983,45.38,BTC-30MAY25-110000-C,97363.38,sell,2.0,2.0,,,,,,,1746628826.979
2904,365023875,1746630144986,3,0.009,0.00885262,46.75,BTC-30MAY25-110000-C,96815.64,sell,0.2,0.2,,,,,,,1746630144.986
2905,365029585,1746634673295,3,0.009,0.00863701,46.76,BTC-30MAY25-110000-C,96843.83,buy,0.1,0.1,,,,,,,1746634673.295
2906,365029716,1746634881344,2,0.0085,0.00840941,46.33,BTC-30MAY25-110000-C,96698.05,sell,0.1,0.1,,,,,,,1746634881.344
2907,365032541,1746638215205,0,0.009,0.00866162,46.69,BTC-30MAY25-110000-C,96882.71,buy,0.1,0.1,,,,,,,1746638215.205
2908,365032653,1746638296199,2,0.0085,0.00847416,46.16,BTC-30MAY25-110000-C,96778.89,sell,0.1,0.1,,,,,,,1746638296.199
2909,365040293,1746641175248,2,0.008,0.00792548,46.24,BTC-30MAY25-110000-C,96426.53,sell,0.2,0.2,,,,,,,1746641175.248
2910,365049541,1746644045671,2,0.0075,0.00748451,46.07,BTC-30MAY25-110000-C,96130.34,sell,0.1,0.1,,,,,,,1746644045.671
2911,365051608,1746644530588,0,0.008,0.00787335,46.23,BTC-30MAY25-110000-C,96464.44,sell,0.2,0.2,,,,,,,1746644530.588
2912,365068303,1746648677456,2,0.0075,0.00749463,45.61,BTC-30MAY25-110000-C,96361.93,sell,0.2,0.2,,,,,,,1746648677.456
2913,365075747,1746652634724,0,0.008,0.00759811,45.44,BTC-30MAY25-110000-C,96823.34,buy,0.1,0.1,,,,,,,1746652634.724
2914,365076259,1746653174744,1,0.008,0.00777459,45.19,BTC-30MAY25-110000-C,96922.62,sell,0.1,0.1,,,,,,,1746653174.744
2915,365079213,1746654287983,0,0.0081,0.00825191,44.45,BTC-30MAY25-110000-C,97241.63,sell,12.5,12.5,2.0,BLOCK-196317,BTC-CDIAG-30MAY25_16MAY25-110000_103000,,3035.0,,1746654287.983
2916,365081648,1746655230265,0,0.0085,0.00837098,45.13,BTC-30MAY25-110000-C,97251.77,buy,12.5,12.5,2.0,BLOCK-196319,BTC-CS-30MAY25-110000_115000,,3037.0,,1746655230.265
2917,365082217,1746655349531,1,0.0085,0.00837016,45.16,BTC-30MAY25-110000-C,97239.17,sell,0.1,0.1,,,,,,,1746655349.531
2918,365082227,1746655349584,1,0.0085,0.00837016,45.16,BTC-30MAY25-110000-C,97239.17,sell,0.1,0.1,,,,,,,1746655349.584
2919,365087899,1746659474651,1,0.0085,0.00879405,44.77,BTC-30MAY25-110000-C,97380.21,sell,1.0,1.0,,,,,,,1746659474.651
2921,365087901,1746659474651,1,0.0085,0.00879405,44.77,BTC-30MAY25-110000-C,97380.21,sell,1.0,1.0,,,,,,,1746659474.651
2920,365087900,1746659474651,1,0.0085,0.00879405,44.77,BTC-30MAY25-110000-C,97380.21,sell,0.1,0.1,,,,,,,1746659474.651
2922,365088323,1746659834156,0,0.009,0.00863003,45.79,BTC-30MAY25-110000-C,97314.23,buy,0.1,0.1,,,,,,,1746659834.156
2923,365088892,1746660434455,1,0.009,0.00846719,46.04,BTC-30MAY25-110000-C,97227.32,buy,0.1,0.1,,,,,,,1746660434.455
2924,365091397,1746663449627,2,0.0085,0.00803676,45.62,BTC-30MAY25-110000-C,97088.32,buy,0.1,0.1,,,,,,,1746663449.627
2925,365091801,1746664049337,3,0.0085,0.00802224,45.62,BTC-30MAY25-110000-C,97088.54,buy,0.1,0.1,,,,,,,1746664049.337
2926,365093967,1746665740758,2,0.008,0.00813078,44.56,BTC-30MAY25-110000-C,97187.6,buy,0.1,0.1,,,,,,,1746665740.758
2927,365100696,1746666286645,0,0.009,0.00898459,44.3,BTC-30MAY25-110000-C,97954.92,sell,0.1,0.1,,,,,,,1746666286.645
2928,365100707,1746666286912,1,0.009,0.00898459,44.3,BTC-30MAY25-110000-C,97954.92,sell,0.1,0.1,,,,,,,1746666286.912
2929,365102936,1746666844098,2,0.0085,0.00892171,43.66,BTC-30MAY25-110000-C,97862.47,sell,0.5,0.5,,,,,,,1746666844.098
2930,365103068,1746666888186,0,0.009,0.00892293,44.49,BTC-30MAY25-110000-C,97863.07,buy,0.5,0.5,,,,,,,1746666888.186
2931,365104097,1746667137492,1,0.009,0.00894017,44.67,BTC-30MAY25-110000-C,97788.4,buy,0.1,0.1,,,,,,,1746667137.492
2932,365104099,1746667137510,1,0.009,0.00894017,44.67,BTC-30MAY25-110000-C,97788.4,buy,0.3,0.3,,,,,,,1746667137.51
2933,365104156,1746667144378,1,0.009,0.00893251,44.63,BTC-30MAY25-110000-C,97802.98,buy,0.1,0.1,,,,,,,1746667144.378
2934,365105542,1746667467285,0,0.0095,0.00943296,44.78,BTC-30MAY25-110000-C,98050.83,buy,0.5,0.5,,,,,,,1746667467.285
2935,365107679,1746668081369,0,0.0096,0.00950327,45.36,BTC-30MAY25-110000-C,97895.19,buy,58.3,58.3,2.0,BLOCK-196348,BTC-CCAL-27JUN25_30MAY25-110000,,,,1746668081.369
2936,365112513,1746670229233,1,0.0096,0.00978485,45.1,BTC-30MAY25-110000-C,97974.3,buy,50.0,50.0,2.0,BLOCK-196363,BTC-CS-30MAY25-105000_110000,,,,1746670229.233
2937,365113013,1746670587705,0,0.01,0.01011279,45.2,BTC-30MAY25-110000-C,98169.23,buy,0.5,0.5,,,,,,,1746670587.705
2938,365113287,1746670631605,0,0.0105,0.01018618,45.85,BTC-30MAY25-110000-C,98219.65,buy,0.1,0.1,,,,,,,1746670631.605
2939,365114880,1746671132085,1,0.0105,0.01044377,45.4,BTC-30MAY25-110000-C,98394.54,buy,0.4,0.4,,,,,,,1746671132.085
2940,365115326,1746671231627,0,0.011,0.01067729,45.84,BTC-30MAY25-110000-C,98512.12,buy,0.1,0.1,,,,,,,1746671231.627
2941,365115952,1746671315485,2,0.0105,0.01080418,44.91,BTC-30MAY25-110000-C,98574.05,sell,0.2,0.2,,,,,,,1746671315.485
2942,365115977,1746671322527,3,0.0105,0.01081681,44.9,BTC-30MAY25-110000-C,98578.22,sell,10.0,10.0,,,,,,,1746671322.527
2944,365115980,1746671324167,3,0.0105,0.01081656,44.9,BTC-30MAY25-110000-C,98575.5,sell,8.1,8.1,,,,,,,1746671324.167
2945,365115981,1746671324167,3,0.0105,0.01081656,44.9,BTC-30MAY25-110000-C,98575.5,sell,0.9,0.9,,,,,,,1746671324.167
2943,365115979,1746671324167,3,0.0105,0.01081656,44.9,BTC-30MAY25-110000-C,98575.5,sell,1.0,1.0,,,,,,,1746671324.167
2946,365117658,1746671499118,0,0.011,0.01113828,45.07,BTC-30MAY25-110000-C,98790.76,buy,0.4,0.4,,,,,,,1746671499.118
2947,365121064,1746672563527,0,0.0112,0.01111772,45.34,BTC-30MAY25-110000-C,98792.26,buy,12.5,12.5,2.0,BLOCK-196384,BTC-CS-30MAY25-110000_115000,,3077.0,,1746672563.527
2948,365124139,1746673536780,2,0.011,0.01099431,45.22,BTC-30MAY25-110000-C,98727.19,sell,0.2,0.2,,,,,,,1746673536.78
2949,365124775,1746673767054,0,0.0115,0.01122724,45.62,BTC-30MAY25-110000-C,98851.24,buy,0.1,0.1,,,,,,,1746673767.054
2950,365127682,1746674952993,2,0.011,0.01107716,44.95,BTC-30MAY25-110000-C,98815.63,sell,1.0,1.0,,,,,,,1746674952.993
2951,365127770,1746675009838,2,0.0109,0.01110065,44.75,BTC-30MAY25-110000-C,98832.57,sell,12.5,12.5,2.0,BLOCK-196388,BTC-CS-30MAY25-108000_110000,,,,1746675009.838
2953,365131713,1746675957891,1,0.0115,0.01135945,45.1,BTC-30MAY25-110000-C,99061.28,buy,0.9,0.9,,,,,,,1746675957.891
2955,365131715,1746675957891,1,0.0115,0.01135945,45.1,BTC-30MAY25-110000-C,99061.28,buy,0.2,0.2,,,,,,,1746675957.891
2954,365131714,1746675957891,1,0.0115,0.01135945,45.1,BTC-30MAY25-110000-C,99061.28,buy,0.9,0.9,,,,,,,1746675957.891
2952,365131712,1746675957891,0,0.0115,0.01135945,45.1,BTC-30MAY25-110000-C,99061.28,buy,0.7,0.7,,,,,,,1746675957.891
2956,365132005,1746675986532,1,0.0115,0.01120728,45.31,BTC-30MAY25-110000-C,98988.45,sell,1.3,1.3,,,,,,,1746675986.532
2957,365132023,1746675990707,1,0.0115,0.01123972,45.29,BTC-30MAY25-110000-C,98993.12,sell,1.2,1.2,,,,,,,1746675990.707
2958,365135444,1746676877490,0,0.012,0.01191732,45.28,BTC-30MAY25-110000-C,99257.46,buy,11.0,11.0,,,,,,,1746676877.49
2959,365135951,1746676925589,1,0.012,0.01187706,45.34,BTC-30MAY25-110000-C,99232.94,buy,15.0,15.0,,,,,,,1746676925.589
2960,365141965,1746678514519,0,0.013,0.01227436,46.46,BTC-30MAY25-110000-C,99336.8,buy,37.5,37.5,2.0,BLOCK-196426,BTC-CS-30MAY25-110000_115000,,3104.0,,1746678514.519
2961,365141971,1746678524071,2,0.012,0.01225907,45.05,BTC-30MAY25-110000-C,99332.9,sell,0.1,0.1,,,,,,,1746678524.071
2962,365141975,1746678542967,0,0.0125,0.01227855,45.73,BTC-30MAY25-110000-C,99343.72,buy,11.2,11.2,,,,,,,1746678542.967
2963,365144014,1746679293233,2,0.012,0.01220379,45.2,BTC-30MAY25-110000-C,99275.25,sell,0.1,0.1,,,,,,,1746679293.233
2964,365147044,1746680196653,3,0.012,0.01203201,45.9,BTC-30MAY25-110000-C,99028.98,sell,0.1,0.1,,,,,,,1746680196.653
2965,365151002,1746684635543,2,0.0115,0.01180443,45.75,BTC-30MAY25-110000-C,98838.62,sell,1.9,1.9,,,,,,,1746684635.543
2967,365151004,1746684635543,3,0.0115,0.01180443,45.75,BTC-30MAY25-110000-C,98838.62,sell,1.5,1.5,,,,,,,1746684635.543
2966,365151003,1746684635543,3,0.0115,0.01180443,45.75,BTC-30MAY25-110000-C,98838.62,sell,0.6,0.6,,,,,,,1746684635.543
2968,365151005,1746684641439,3,0.0115,0.01180569,45.75,BTC-30MAY25-110000-C,98838.84,sell,4.0,4.0,,,,,,,1746684641.439
2969,365156427,1746689074844,3,0.0115,0.01197357,44.68,BTC-30MAY25-110000-C,99293.12,sell,1.0,1.0,,,,,,,1746689074.844
2970,365156645,1746689230106,0,0.012,0.0118191,45.56,BTC-30MAY25-110000-C,99251.21,buy,10.0,10.0,,,,,,,1746689230.106
2971,365157423,1746689408442,1,0.012,0.01193358,45.35,BTC-30MAY25-110000-C,99307.3,buy,0.2,0.2,,,,,,,1746689408.442
2972,365158299,1746689641798,1,0.012,0.01198447,45.25,BTC-30MAY25-110000-C,99351.4,buy,0.2,0.2,,,,,,,1746689641.798
2973,365167655,1746691657489,1,0.012,0.01192227,45.07,BTC-30MAY25-110000-C,99427.59,buy,39.6,39.6,,,,,,,1746691657.489
2974,365167656,1746691657489,1,0.012,0.01192227,45.07,BTC-30MAY25-110000-C,99427.59,buy,0.5,0.5,,,,,,,1746691657.489
2975,365169402,1746691846374,1,0.012,0.01199294,44.94,BTC-30MAY25-110000-C,99492.93,sell,1.2,1.2,,,,,,,1746691846.374
2976,365169409,1746691849677,1,0.012,0.0119939,44.93,BTC-30MAY25-110000-C,99494.39,buy,6.8,6.8,,,,,,,1746691849.677
2977,365169428,1746691856758,1,0.012,0.01199299,44.93,BTC-30MAY25-110000-C,99492.62,sell,8.0,8.0,,,,,,,1746691856.758
2978,365169489,1746691864910,1,0.012,0.01206532,44.83,BTC-30MAY25-110000-C,99525.99,sell,1.3,1.3,,,,,,,1746691864.91
2979,365169539,1746691875140,1,0.012,0.01202657,44.88,BTC-30MAY25-110000-C,99507.42,buy,6.7,6.7,,,,,,,1746691875.14
2980,365169548,1746691882462,1,0.012,0.01202671,44.89,BTC-30MAY25-110000-C,99507.2,sell,1.3,1.3,,,,,,,1746691882.462
2981,365169790,1746691975080,1,0.012,0.01198843,44.88,BTC-30MAY25-110000-C,99495.46,buy,0.1,0.1,,,,,,,1746691975.08
2982,365169792,1746691976955,1,0.012,0.01198847,44.88,BTC-30MAY25-110000-C,99494.07,buy,0.1,0.1,,,,,,,1746691976.955
2983,365169914,1746692059701,0,0.0123,0.01195878,45.29,BTC-30MAY25-110000-C,99496.81,buy,25.0,25.0,2.0,BLOCK-196478,BTC-CS-30MAY25-110000_115000,,,,1746692059.701
2984,365170155,1746692173134,2,0.012,0.0120648,44.64,BTC-30MAY25-110000-C,99557.65,buy,3.2,3.2,,,,,,,1746692173.134
2985,365170156,1746692173140,3,0.012,0.0120648,44.64,BTC-30MAY25-110000-C,99557.65,buy,0.1,0.1,,,,,,,1746692173.14
2986,365170157,1746692173146,3,0.012,0.0120648,44.64,BTC-30MAY25-110000-C,99557.65,buy,0.1,0.1,,,,,,,1746692173.146
2987,365170180,1746692183043,3,0.012,0.01209533,44.59,BTC-30MAY25-110000-C,99573.14,buy,3.1,3.1,,,,,,,1746692183.043
2988,365170181,1746692183043,3,0.012,0.01209533,44.59,BTC-30MAY25-110000-C,99573.14,buy,9.1,9.1,,,,,,,1746692183.043
2989,365170194,1746692191394,3,0.012,0.01211113,44.55,BTC-30MAY25-110000-C,99586.76,buy,0.3,0.3,,,,,,,1746692191.394
2990,365170250,1746692195188,3,0.012,0.01211208,44.56,BTC-30MAY25-110000-C,99581.83,buy,30.6,30.6,,,,,,,1746692195.188
2991,365170661,1746692369289,3,0.012,0.01209134,44.52,BTC-30MAY25-110000-C,99613.09,buy,12.2,12.2,,,,,,,1746692369.289
2992,365170662,1746692369290,3,0.012,0.01209134,44.52,BTC-30MAY25-110000-C,99613.09,buy,3.9,3.9,,,,,,,1746692369.29
2993,365170663,1746692369290,3,0.012,0.01209134,44.52,BTC-30MAY25-110000-C,99613.09,buy,3.9,3.9,,,,,,,1746692369.29
2994,365170723,1746692396450,3,0.012,0.01213951,44.44,BTC-30MAY25-110000-C,99630.61,buy,3.8,3.8,,,,,,,1746692396.45
2995,365170724,1746692397285,3,0.012,0.01213999,44.44,BTC-30MAY25-110000-C,99630.38,buy,0.1,0.1,,,,,,,1746692397.285
2996,365170733,1746692400572,3,0.012,0.01214121,44.44,BTC-30MAY25-110000-C,99630.84,buy,4.1,4.1,,,,,,,1746692400.572
2997,365171098,1746692479135,3,0.012,0.01223907,44.29,BTC-30MAY25-110000-C,99681.91,sell,0.2,0.2,,,,,,,1746692479.135
2998,365171404,1746692559941,3,0.012,0.01209621,44.5,BTC-30MAY25-110000-C,99633.24,sell,0.2,0.2,,,,,,,1746692559.941
2999,365171594,1746692626971,3,0.012,0.01197237,44.69,BTC-30MAY25-110000-C,99568.31,sell,0.5,0.5,,,,,,,1746692626.971
3000,365171637,1746692684258,3,0.012,0.01196654,44.72,BTC-30MAY25-110000-C,99548.7,sell,0.5,0.5,,,,,,,1746692684.258
3001,365174655,1746693805175,0,0.0125,0.0123482,45.11,BTC-30MAY25-110000-C,99649.78,buy,0.8,0.8,,,,,,,1746693805.175
3002,365174793,1746693816019,1,0.0125,0.01237717,45.08,BTC-30MAY25-110000-C,99658.96,buy,1.2,1.2,,,,,,,1746693816.019
3003,365175683,1746693883164,1,0.0125,0.0123805,45.14,BTC-30MAY25-110000-C,99642.26,sell,2.5,2.5,,,,,,,1746693883.164
3004,365175684,1746693883164,1,0.0125,0.0123805,45.14,BTC-30MAY25-110000-C,99642.26,sell,0.1,0.1,,,,,,,1746693883.164
3005,365175685,1746693883164,1,0.0125,0.0123805,45.14,BTC-30MAY25-110000-C,99642.26,sell,1.0,1.0,,,,,,,1746693883.164
3006,365175686,1746693883167,1,0.0125,0.0123805,45.14,BTC-30MAY25-110000-C,99642.26,buy,1.4,1.4,,,,,,,1746693883.167
3007,365180113,1746694099403,0,0.013,0.01266681,45.47,BTC-30MAY25-110000-C,99762.13,buy,0.1,0.1,,,,,,,1746694099.403
3008,365182115,1746694220440,1,0.013,0.01270913,45.57,BTC-30MAY25-110000-C,99730.2,buy,0.1,0.1,,,,,,,1746694220.44
3009,365184036,1746694339517,2,0.0125,0.01263051,45.01,BTC-30MAY25-110000-C,99676.09,sell,0.1,0.1,,,,,,,1746694339.517
3010,365189912,1746694863655,0,0.0128,0.01264879,45.43,BTC-30MAY25-110000-C,99660.26,sell,12.5,12.5,2.0,BLOCK-196507,BTC-CDIAG-30MAY25_16MAY25-110000_103000,,,,1746694863.655
3011,365193192,1746695359315,2,0.0125,0.01271167,45.05,BTC-30MAY25-110000-C,99619.8,buy,14.0,14.0,,,BTC-CSR12-30MAY25-100000_110000,365193191,,,1746695359.315
3013,365193361,1746695415128,3,0.0125,0.01272823,45.03,BTC-30MAY25-110000-C,99628.12,sell,0.1,0.1,,,,,,,1746695415.128
3012,365193360,1746695415128,3,0.0125,0.01272823,45.03,BTC-30MAY25-110000-C,99628.12,sell,0.1,0.1,,,,,,,1746695415.128
3014,365193362,1746695415128,3,0.0125,0.01272823,45.03,BTC-30MAY25-110000-C,99628.12,sell,0.3,0.3,,,,,,,1746695415.128
3015,365197281,1746697406137,0,0.0128,0.01274173,45.57,BTC-30MAY25-110000-C,99598.94,buy,70.0,70.0,4.0,BLOCK-196523,,,3141.0,,1746697406.137
3016,365197350,1746697449416,0,0.013,0.01275447,45.83,BTC-30MAY25-110000-C,99610.15,buy,0.1,0.1,,,,,,,1746697449.416
3017,365197362,1746697457478,1,0.013,0.01275664,45.83,BTC-30MAY25-110000-C,99607.74,buy,0.2,0.2,,,,,,,1746697457.478
3018,365197654,1746697746691,1,0.013,0.01282636,45.68,BTC-30MAY25-110000-C,99651.24,buy,0.1,0.1,,,,,,,1746697746.691
3019,365197674,1746697750844,1,0.013,0.0128353,45.68,BTC-30MAY25-110000-C,99652.51,buy,0.1,0.1,,,,,,,1746697750.844
3020,365197733,1746697788264,1,0.013,0.01283377,45.66,BTC-30MAY25-110000-C,99662.55,buy,0.2,0.2,,,,,,,1746697788.264
3021,365197743,1746697788991,1,0.013,0.01283377,45.66,BTC-30MAY25-110000-C,99662.55,buy,0.4,0.4,,,,,,,1746697788.991
3022,365197904,1746697881701,1,0.013,0.01286945,45.59,BTC-30MAY25-110000-C,99684.68,buy,0.3,0.3,,,,,,,1746697881.701
3024,365197979,1746697938448,1,0.013,0.01292522,45.48,BTC-30MAY25-110000-C,99716.58,buy,0.1,0.1,,,,,,,1746697938.448
3023,365197978,1746697938448,1,0.013,0.01292522,45.48,BTC-30MAY25-110000-C,99716.58,buy,9.9,9.9,,,,,,,1746697938.448
3025,365198385,1746698095763,0,0.0135,0.01309424,45.94,BTC-30MAY25-110000-C,99796.57,buy,0.1,0.1,,,,,,,1746698095.763
3026,365199336,1746698461800,2,0.013,0.01295684,45.47,BTC-30MAY25-110000-C,99741.04,sell,1.2,1.2,,,,,,,1746698461.8
3027,365199337,1746698461800,3,0.013,0.01295684,45.47,BTC-30MAY25-110000-C,99741.04,sell,1.0,1.0,,,,,,,1746698461.8
3028,365199340,1746698463489,3,0.013,0.01295826,45.47,BTC-30MAY25-110000-C,99743.14,buy,2.8,2.8,,,,,,,1746698463.489
3031,365199455,1746698525249,3,0.013,0.01301048,45.43,BTC-30MAY25-110000-C,99757.98,sell,1.0,1.0,,,,,,,1746698525.249
3029,365199453,1746698525249,3,0.013,0.01301048,45.43,BTC-30MAY25-110000-C,99757.98,sell,1.1,1.1,,,,,,,1746698525.249
3030,365199454,1746698525249,3,0.013,0.01301048,45.43,BTC-30MAY25-110000-C,99757.98,sell,0.7,0.7,,,,,,,1746698525.249
3032,365199456,1746698525259,3,0.013,0.01301048,45.43,BTC-30MAY25-110000-C,99757.98,buy,0.1,0.1,,,,,,,1746698525.259
3033,365199457,1746698525259,3,0.013,0.01301048,45.43,BTC-30MAY25-110000-C,99757.98,buy,0.1,0.1,,,,,,,1746698525.259
3034,365199458,1746698525265,3,0.013,0.01301048,45.43,BTC-30MAY25-110000-C,99757.98,buy,2.0,2.0,,,,,,,1746698525.265
3035,365200179,1746698906173,3,0.013,0.01296026,45.51,BTC-30MAY25-110000-C,99731.8,sell,12.5,12.5,2.0,BLOCK-196532,BTC-CDIAG-30MAY25_16MAY25-110000_103000,,,,1746698906.173
3036,365201700,1746700214226,0,0.0136,0.01325944,46.06,BTC-30MAY25-110000-C,99831.71,buy,50.0,50.0,2.0,BLOCK-196536,BTC-CS-30MAY25-110000_120000,,,,1746700214.226
3037,365203012,1746701264784,2,0.013,0.01287645,45.33,BTC-30MAY25-110000-C,99803.42,sell,2.0,2.0,,,,,,,1746701264.784
3038,365203037,1746701289737,3,0.013,0.01288386,45.32,BTC-30MAY25-110000-C,99806.53,sell,0.1,0.1,,,,,,,1746701289.737
3039,365203038,1746701289739,3,0.013,0.01288386,45.32,BTC-30MAY25-110000-C,99806.53,sell,4.9,4.9,,,,,,,1746701289.739
3040,365203136,1746701406210,3,0.013,0.01290957,45.3,BTC-30MAY25-110000-C,99813.24,sell,1.4,1.4,,,,,,,1746701406.21
3041,365203189,1746701536219,3,0.013,0.0129637,45.32,BTC-30MAY25-110000-C,99807.2,buy,9.0,9.0,2.0,BLOCK-196552,BTC-CSR12-30MAY25-110000_115000,,,,1746701536.219
3042,365204390,1746702449141,3,0.013,0.01299265,45.75,BTC-30MAY25-110000-C,99669.18,sell,0.6,0.6,,,,,,,1746702449.141
3043,365204391,1746702449141,3,0.013,0.01299265,45.75,BTC-30MAY25-110000-C,99669.18,sell,1.0,1.0,,,,,,,1746702449.141
3044,365204392,1746702449141,3,0.013,0.01299265,45.75,BTC-30MAY25-110000-C,99669.18,sell,0.1,0.1,,,,,,,1746702449.141
3045,365204633,1746702536411,3,0.013,0.01298403,45.77,BTC-30MAY25-110000-C,99655.9,buy,0.1,0.1,,,,,,,1746702536.411
3046,365204863,1746702756157,3,0.013,0.01306068,45.73,BTC-30MAY25-110000-C,99669.22,sell,0.9,0.9,,,,,,,1746702756.157
3047,365205308,1746703089660,3,0.013,0.01297483,45.68,BTC-30MAY25-110000-C,99683.52,sell,2.0,2.0,,,,,,,1746703089.66
3048,365209810,1746707041815,3,0.013,0.01256681,46.18,BTC-30MAY25-110000-C,99518.11,buy,0.1,0.1,,,,,,,1746707041.815
3049,365209855,1746707085877,3,0.013,0.01262006,46.1,BTC-30MAY25-110000-C,99546.39,buy,0.4,0.4,,,,,,,1746707085.877
3050,365214720,1746710026340,2,0.012,0.01167935,45.58,BTC-30MAY25-110000-C,99277.3,buy,1.0,1.0,,,,,,,1746710026.34
3051,365217318,1746711322226,3,0.012,0.01200106,44.9,BTC-30MAY25-110000-C,99524.06,buy,0.2,0.2,,,,,,,1746711322.226
3052,365217320,1746711323114,3,0.012,0.01201054,44.89,BTC-30MAY25-110000-C,99529.58,buy,0.6,0.6,,,,,,,1746711323.114
3054,365217386,1746711323333,3,0.012,0.01201054,44.89,BTC-30MAY25-110000-C,99529.58,buy,0.1,0.1,,,,,,,1746711323.333
3053,365217385,1746711323333,3,0.012,0.01201054,44.89,BTC-30MAY25-110000-C,99529.58,buy,0.2,0.2,,,,,,,1746711323.333
3055,365223729,1746714190621,3,0.012,0.01203732,45.12,BTC-30MAY25-110000-C,99473.42,buy,0.5,0.5,,,,,,,1746714190.621
3056,365225938,1746715054474,0,0.013,0.01234698,46.17,BTC-30MAY25-110000-C,99612.45,buy,0.1,0.1,,,,,,,1746715054.474
3057,365226146,1746715132658,1,0.013,0.01241823,46.1,BTC-30MAY25-110000-C,99630.97,buy,0.1,0.1,,,,,,,1746715132.658
3058,365226423,1746715273628,2,0.0125,0.01243955,45.42,BTC-30MAY25-110000-C,99618.12,buy,0.1,0.1,,,,,,,1746715273.628
3059,365226425,1746715273829,3,0.0125,0.01243955,45.42,BTC-30MAY25-110000-C,99618.12,sell,0.1,0.1,,,,,,,1746715273.829
3060,365226526,1746715422411,3,0.0125,0.01239146,45.5,BTC-30MAY25-110000-C,99593.95,sell,0.2,0.2,,,,,,,1746715422.411
3061,365230556,1746716865175,2,0.0115,0.01216852,44.19,BTC-30MAY25-110000-C,99538.9,sell,0.1,0.1,,,,,,,1746716865.175
3062,365231187,1746717079074,0,0.0125,0.01232454,45.28,BTC-30MAY25-110000-C,99673.97,buy,1.0,1.0,,,,,,,1746717079.074
3063,365235598,1746717790218,1,0.0125,0.01274772,44.55,BTC-30MAY25-110000-C,99930.96,sell,0.1,0.1,,,,,,,1746717790.218
3064,365235961,1746717860551,0,0.0128,0.01281756,44.8,BTC-30MAY25-110000-C,99986.85,buy,25.0,25.0,2.0,BLOCK-196612,BTC-CS-30MAY25-110000_115000,,,,1746717860.551
3065,365237353,1746717882032,0,0.0135,0.01353168,44.76,BTC-30MAY25-110000-C,100337.17,buy,11.6,11.6,,,,,,,1746717882.032
