trade_seq,trade_id,timestamp,tick_direction,price,mark_price,iv,instrument_name,index_price,direction,contracts,amount,block_trade_leg_count,block_trade_id,liquidation,block_rfq_id,combo_id,unix_sec
2885,364038197,1746062637703,0,0.0795,0.07863422,44.16,BTC-30MAY25-90000-C,94620.91,sell,0.2,0.2,,,,,,1746062637.703
2886,364039358,1746064480402,1,0.0795,0.07881455,44.06,BTC-30MAY25-90000-C,94637.16,sell,0.3,0.3,,,,,,1746064480.402
2887,364062615,1746093033083,0,0.086,0.08598244,43.82,BTC-30MAY25-90000-C,95606.96,buy,0.1,0.1,,,,,,1746093033.083
2889,364062822,1746093034268,1,0.0865,0.08601075,44.17,BTC-30MAY25-90000-C,95631.82,buy,0.1,0.1,,,,,,1746093034.268
2892,364062825,1746093034268,1,0.0865,0.08601075,44.17,BTC-30MAY25-90000-C,95631.82,buy,0.1,0.1,,,,,,1746093034.268
2893,364062826,1746093034268,1,0.0865,0.08601075,44.17,BTC-30MAY25-90000-C,95631.82,buy,0.1,0.1,,,,,,1746093034.268
2891,364062824,1746093034268,1,0.0865,0.08601075,44.17,BTC-30MAY25-90000-C,95631.82,buy,0.1,0.1,,,,,,1746093034.268
2888,364062821,1746093034268,0,0.0865,0.08601075,44.17,BTC-30MAY25-90000-C,95631.82,buy,0.1,0.1,,,,,,1746093034.268
2890,364062823,1746093034268,1,0.0865,0.08601075,44.17,BTC-30MAY25-90000-C,95631.82,buy,0.1,0.1,,,,,,1746093034.268
2894,364067397,1746094406119,1,0.0865,0.08660163,44.04,BTC-30MAY25-90000-C,95652.92,buy,0.3,0.3,,,,,,1746094406.119
2895,364069336,1746094772201,0,0.09,0.08951275,44.85,BTC-30MAY25-90000-C,96063.23,buy,0.8,0.8,,,,,,1746094772.201
2897,364089025,1746100820099,1,0.0915,0.09115144,45.32,BTC-30MAY25-90000-C,96235.67,sell,0.8,0.8,,,,,,1746100820.099
2896,364089024,1746100820099,0,0.0915,0.09115144,45.32,BTC-30MAY25-90000-C,96235.67,sell,0.2,0.2,,,,,,1746100820.099
2898,364097428,1746103304942,0,0.0925,0.09251207,44.95,BTC-30MAY25-90000-C,96417.54,buy,0.3,0.3,,,,,,1746103304.942
2899,364097429,1746103304957,1,0.0925,0.09251207,44.95,BTC-30MAY25-90000-C,96417.54,buy,0.4,0.4,,,,,,1746103304.957
2900,364097430,1746103305019,1,0.0925,0.09251207,44.95,BTC-30MAY25-90000-C,96417.54,buy,0.3,0.3,,,,,,1746103305.019
2901,364109154,1746107023446,2,0.09,0.09018419,45.18,BTC-30MAY25-90000-C,96043.2,sell,10.0,10.0,,,,,,1746107023.446
2902,364158162,1746122605299,0,0.096,0.09467884,46.11,BTC-30MAY25-90000-C,96852.57,buy,0.5,0.5,,,,,,1746122605.299
2903,364319431,1746207329479,0,0.0965,0.09647296,42.81,BTC-30MAY25-90000-C,97482.6,buy,0.1,0.1,,,,,,1746207329.479
2904,364349976,1746217086693,2,0.093,0.09301475,42.44,BTC-30MAY25-90000-C,97041.92,sell,0.3,0.3,,,,,,1746217086.693
2905,364461381,1746275524883,2,0.0845,0.08454828,41.68,BTC-30MAY25-90000-C,96067.91,buy,0.2,0.2,,,,,,1746275524.883
2906,364487024,1746290184337,0,0.086,0.08562336,42.44,BTC-30MAY25-90000-C,96184.82,sell,0.2,0.2,,,,,,1746290184.337
2907,364487025,1746290184338,1,0.086,0.08562336,42.44,BTC-30MAY25-90000-C,96184.82,sell,0.2,0.2,,,,,,1746290184.338
2908,364493204,1746293861601,2,0.0845,0.08466076,41.68,BTC-30MAY25-90000-C,96053.18,buy,0.1,0.1,,,,,,1746293861.601
2909,364643256,1746392989016,2,0.0825,0.08247005,43.6,BTC-30MAY25-90000-C,95693.79,sell,0.1,0.1,,,,,,1746392989.016
2910,364643257,1746392992086,3,0.0825,0.08244916,43.59,BTC-30MAY25-90000-C,95694.08,sell,0.1,0.1,,,,,,1746392992.086
2911,364643258,1746392995136,3,0.0825,0.08245641,43.6,BTC-30MAY25-90000-C,95693.86,sell,0.1,0.1,,,,,,1746392995.136
2912,364643263,1746393028587,3,0.0825,0.08245444,43.59,BTC-30MAY25-90000-C,95692.35,sell,0.1,0.1,,,,,,1746393028.587
2913,364643431,1746393240522,3,0.0825,0.08243848,43.62,BTC-30MAY25-90000-C,95687.6,sell,0.1,0.1,,,,,,1746393240.522
2914,364680923,1746408719054,2,0.07,0.07038352,42.88,BTC-30MAY25-90000-C,93985.46,sell,5.9,5.9,,,,,,1746408719.054
2915,364680947,1746408719608,3,0.07,0.07038352,42.88,BTC-30MAY25-90000-C,93985.46,sell,0.1,0.1,,,,,,1746408719.608
2916,364680948,1746408719624,3,0.07,0.07038352,42.88,BTC-30MAY25-90000-C,93985.46,sell,0.1,0.1,,,,,,1746408719.624
2917,364681013,1746408721046,3,0.07,0.07022511,43.2,BTC-30MAY25-90000-C,93942.34,sell,3.9,3.9,,,,,,1746408721.046
2918,364709931,1746426394726,0,0.075,0.0752908,43.4,BTC-30MAY25-90000-C,94639.23,buy,0.5,0.5,,,,,,1746426394.726
2919,364720505,1746434783658,2,0.074,0.07405044,43.09,BTC-30MAY25-90000-C,94578.59,buy,0.5,0.5,,,,,,1746434783.658
2920,364730508,1746444730804,2,0.07,0.06999986,43.22,BTC-30MAY25-90000-C,93986.53,sell,0.1,0.1,,,,,,1746444730.804
2921,364732230,1746445919573,0,0.071,0.07066001,43.85,BTC-30MAY25-90000-C,94032.48,sell,0.1,0.1,,,,,,1746445919.573
2922,364732232,1746445926170,1,0.071,0.0706629,43.84,BTC-30MAY25-90000-C,94034.37,sell,0.1,0.1,,,,,,1746445926.17
2923,364732233,1746445927816,1,0.071,0.07067547,43.83,BTC-30MAY25-90000-C,94036.12,sell,0.1,0.1,,,,,,1746445927.816
2924,364732234,1746445929499,1,0.071,0.07068639,43.81,BTC-30MAY25-90000-C,94038.06,sell,0.1,0.1,,,,,,1746445929.499
2925,364732237,1746445931083,1,0.071,0.07068672,43.79,BTC-30MAY25-90000-C,94041.11,sell,0.1,0.1,,,,,,1746445931.083
2926,364732278,1746445935499,1,0.071,0.07075408,43.72,BTC-30MAY25-90000-C,94050.87,sell,0.1,0.1,,,,,,1746445935.499
2927,364732280,1746445938163,1,0.071,0.07078205,43.72,BTC-30MAY25-90000-C,94051.05,sell,0.1,0.1,,,,,,1746445938.163
2928,364732283,1746445940447,1,0.071,0.07078468,43.72,BTC-30MAY25-90000-C,94051.69,sell,0.1,0.1,,,,,,1746445940.447
2929,364732368,1746446029061,1,0.071,0.07077896,43.72,BTC-30MAY25-90000-C,94057.84,sell,0.1,0.1,,,,,,1746446029.061
2930,364732370,1746446033010,1,0.071,0.07077988,43.72,BTC-30MAY25-90000-C,94057.84,sell,0.1,0.1,,,,,,1746446033.01
2931,364732371,1746446036197,1,0.071,0.07078591,43.72,BTC-30MAY25-90000-C,94057.74,sell,0.1,0.1,,,,,,1746446036.197
2932,364732373,1746446037941,1,0.071,0.07078556,43.72,BTC-30MAY25-90000-C,94057.69,sell,0.1,0.1,,,,,,1746446037.941
2933,364732374,1746446039602,1,0.071,0.07078652,43.72,BTC-30MAY25-90000-C,94057.64,sell,0.1,0.1,,,,,,1746446039.602
2934,364732376,1746446042236,1,0.071,0.07078692,43.71,BTC-30MAY25-90000-C,94058.53,sell,0.1,0.1,,,,,,1746446042.236
2935,364732383,1746446044530,1,0.071,0.0708008,43.7,BTC-30MAY25-90000-C,94058.87,sell,0.1,0.1,,,,,,1746446044.53
2936,364732386,1746446046343,1,0.071,0.07080133,43.67,BTC-30MAY25-90000-C,94063.01,sell,0.1,0.1,,,,,,1746446046.343
2937,364732741,1746446358113,1,0.071,0.07098525,43.72,BTC-30MAY25-90000-C,94061.34,sell,0.1,0.1,,,,,,1746446358.113
2938,364733550,1746446796410,2,0.0705,0.07042892,43.7,BTC-30MAY25-90000-C,93987.25,sell,0.1,0.1,,,,,,1746446796.41
2939,364738777,1746451543773,0,0.0725,0.0727036,43.41,BTC-30MAY25-90000-C,94298.63,sell,0.1,0.1,,,,,,1746451543.773
2940,364742741,1746452472773,2,0.07,0.06992468,43.82,BTC-30MAY25-90000-C,93853.37,sell,0.1,0.1,,,,,,1746452472.773
2941,364760285,1746456061698,0,0.0705,0.07069654,43.03,BTC-30MAY25-90000-C,94042.48,buy,1.0,1.0,,,,,,1746456061.698
2942,364760286,1746456061710,1,0.0705,0.07069654,43.03,BTC-30MAY25-90000-C,94042.48,buy,0.2,0.2,,,,,,1746456061.71
2943,364760287,1746456061723,1,0.0705,0.07069654,43.03,BTC-30MAY25-90000-C,94042.48,buy,2.7,2.7,,,,,,1746456061.723
2944,364760288,1746456061728,1,0.0705,0.07069654,43.03,BTC-30MAY25-90000-C,94042.48,buy,1.4,1.4,,,,,,1746456061.728
2945,364760289,1746456061735,1,0.0705,0.07069654,43.03,BTC-30MAY25-90000-C,94042.48,buy,0.1,0.1,,,,,,1746456061.735
2946,364760290,1746456061748,1,0.0705,0.07069654,43.03,BTC-30MAY25-90000-C,94042.48,buy,0.4,0.4,,,,,,1746456061.748
2947,364760291,1746456061758,1,0.0705,0.07069654,43.03,BTC-30MAY25-90000-C,94042.48,buy,0.1,0.1,,,,,,1746456061.758
2948,364760292,1746456061771,1,0.0705,0.07069654,43.03,BTC-30MAY25-90000-C,94042.48,buy,0.2,0.2,,,,,,1746456061.771
2949,364760293,1746456061779,1,0.0705,0.07069654,43.03,BTC-30MAY25-90000-C,94042.48,buy,0.1,0.1,,,,,,1746456061.779
2950,364761290,1746456596428,0,0.0715,0.07121728,43.38,BTC-30MAY25-90000-C,94156.0,buy,0.1,0.1,,,,,,1746456596.428
2951,364768581,1746460038872,2,0.068,0.06828474,42.88,BTC-30MAY25-90000-C,93691.53,sell,0.7,0.7,,,,,,1746460038.872
2952,364768582,1746460038882,3,0.068,0.06828474,42.88,BTC-30MAY25-90000-C,93691.53,sell,0.3,0.3,,,,,,1746460038.882
2953,364831013,1746510693177,0,0.0725,0.07120227,43.59,BTC-30MAY25-90000-C,94375.09,buy,1.0,1.0,,,,,,1746510693.177
2954,364832172,1746513161937,2,0.0715,0.07134373,42.52,BTC-30MAY25-90000-C,94376.33,sell,0.1,0.1,,,,,,1746513161.937
2955,364835845,1746517201996,2,0.071,0.07113577,42.24,BTC-30MAY25-90000-C,94368.02,sell,0.1,0.1,,,,,,1746517201.996
2956,364860620,1746536952247,2,0.0665,0.06645148,41.99,BTC-30MAY25-90000-C,93739.93,sell,0.1,0.1,,,,,,1746536952.247
2957,364860911,1746537292136,2,0.066,0.06642372,41.54,BTC-30MAY25-90000-C,93717.59,buy,0.1,0.1,,,,,,1746537292.136
2958,364872351,1746540028399,2,0.0655,0.0659466,41.7,BTC-30MAY25-90000-C,93633.73,buy,0.1,0.1,,,,,,1746540028.399
2959,364872466,1746540053373,0,0.0665,0.06666755,42.21,BTC-30MAY25-90000-C,93715.01,sell,0.2,0.2,,,,,,1746540053.373
2960,364880312,1746541893177,0,0.07,0.07005193,42.44,BTC-30MAY25-90000-C,94250.58,sell,0.1,0.1,,,,,,1746541893.177
2961,364880867,1746542114006,0,0.071,0.07090759,42.59,BTC-30MAY25-90000-C,94372.88,sell,0.1,0.1,,,,,,1746542114.006
2962,364889433,1746545783208,0,0.073,0.07279477,42.87,BTC-30MAY25-90000-C,94623.93,buy,0.3,0.3,,,,,,1746545783.208
2963,364889435,1746545787910,1,0.073,0.07311317,42.46,BTC-30MAY25-90000-C,94675.55,buy,0.3,0.3,,,,,,1746545787.91
2964,364889447,1746545791277,1,0.073,0.07315745,42.45,BTC-30MAY25-90000-C,94676.69,buy,0.3,0.3,,,,,,1746545791.277
2965,364889470,1746545806324,1,0.073,0.07317793,42.42,BTC-30MAY25-90000-C,94680.3,buy,0.1,0.1,,,,,,1746545806.324
2967,364920548,1746568189888,0,0.0745,0.07319511,43.94,BTC-30MAY25-90000-C,94704.17,buy,4.0,4.0,,,,,,1746568189.888
2966,364920547,1746568189888,0,0.074,0.07319511,43.37,BTC-30MAY25-90000-C,94704.17,buy,1.0,1.0,,,,,,1746568189.888
2968,364920677,1746568730787,2,0.0735,0.07264218,43.31,BTC-30MAY25-90000-C,94649.79,buy,1.0,1.0,,,,,,1746568730.787
2969,364920678,1746568730787,3,0.0735,0.07264218,43.31,BTC-30MAY25-90000-C,94649.79,buy,4.0,4.0,,,,,,1746568730.787
2971,364924863,1746569271653,0,0.08,0.07834097,44.34,BTC-30MAY25-90000-C,95461.24,buy,0.7,0.7,,,,,,1746569271.653
2970,364924862,1746569271653,0,0.0795,0.07834097,43.74,BTC-30MAY25-90000-C,95461.24,buy,4.3,4.3,,,,,,1746569271.653
2972,364925082,1746569323213,2,0.0785,0.07859999,42.57,BTC-30MAY25-90000-C,95460.56,sell,4.7,4.7,,,,,,1746569323.213
2973,364925083,1746569323225,3,0.0785,0.07859999,42.57,BTC-30MAY25-90000-C,95460.56,sell,0.3,0.3,,,,,,1746569323.225
2975,364927386,1746569812429,0,0.0805,0.07801333,45.52,BTC-30MAY25-90000-C,95378.09,buy,0.1,0.1,,,,,,1746569812.429
2974,364927385,1746569812429,0,0.0795,0.07801333,44.34,BTC-30MAY25-90000-C,95378.09,buy,4.9,4.9,,,,,,1746569812.429
2976,364927392,1746569814126,2,0.0795,0.0780293,44.23,BTC-30MAY25-90000-C,95391.77,buy,5.0,5.0,,,,,,1746569814.126
2977,364945813,1746573776383,0,0.086,0.08586296,43.75,BTC-30MAY25-90000-C,96394.98,buy,0.1,0.1,,,,,,1746573776.383
2978,364946269,1746573787338,0,0.0865,0.08598348,44.25,BTC-30MAY25-90000-C,96407.09,buy,0.1,0.1,,,,,,1746573787.338
2979,364947221,1746573857113,0,0.088,0.08725587,44.45,BTC-30MAY25-90000-C,96601.78,buy,0.1,0.1,,,,,,1746573857.113
2980,364947507,1746573898729,0,0.0885,0.08796155,44.29,BTC-30MAY25-90000-C,96693.73,buy,0.1,0.1,,,,,,1746573898.729
2981,364947676,1746573915217,0,0.089,0.08831739,44.32,BTC-30MAY25-90000-C,96758.72,buy,0.1,0.1,,,,,,1746573915.217
2982,364949881,1746575003001,2,0.088,0.0879961,44.0,BTC-30MAY25-90000-C,96660.49,buy,0.1,0.1,,,,,,1746575003.001
2983,364949975,1746575039895,0,0.0885,0.08850311,44.01,BTC-30MAY25-90000-C,96723.36,buy,0.1,0.1,,,,,,1746575039.895
2984,364950065,1746575071640,0,0.089,0.08877823,44.25,BTC-30MAY25-90000-C,96770.5,buy,0.1,0.1,,,,,,1746575071.64
2985,364950347,1746575103869,0,0.0895,0.08939743,44.19,BTC-30MAY25-90000-C,96850.76,buy,0.1,0.1,,,,,,1746575103.869
2986,364952763,1746576099001,0,0.09,0.08989525,44.19,BTC-30MAY25-90000-C,96926.82,buy,0.1,0.1,,,,,,1746576099.001
2987,364952764,1746576099024,1,0.09,0.08989525,44.19,BTC-30MAY25-90000-C,96926.82,buy,0.1,0.1,,,,,,1746576099.024
2988,364952769,1746576099200,1,0.09,0.08989525,44.19,BTC-30MAY25-90000-C,96926.82,buy,0.5,0.5,,,,,,1746576099.2
2989,364952771,1746576099209,1,0.09,0.08989525,44.19,BTC-30MAY25-90000-C,96926.82,buy,9.4,9.4,,,,,,1746576099.209
2990,364953453,1746576348679,2,0.0895,0.08952198,44.04,BTC-30MAY25-90000-C,96884.53,buy,0.1,0.1,,,,,,1746576348.679
2991,364953780,1746576441722,0,0.09,0.08960233,44.65,BTC-30MAY25-90000-C,96904.53,buy,0.1,0.1,,,,,,1746576441.722
2992,364955764,1746577201153,0,0.091,0.0908512,44.39,BTC-30MAY25-90000-C,97062.5,buy,0.1,0.1,,,,,,1746577201.153
2993,364970586,1746582816139,0,0.094,0.09389587,44.75,BTC-30MAY25-90000-C,97419.19,sell,0.5,0.5,,,,,,1746582816.139
2994,364978909,1746586503525,2,0.0875,0.08741174,44.24,BTC-30MAY25-90000-C,96598.5,buy,0.1,0.1,,,,,,1746586503.525
2995,364990433,1746598041617,2,0.086,0.08587256,43.07,BTC-30MAY25-90000-C,96551.43,buy,0.1,0.1,,,,,,1746598041.617
2996,364990705,1746598386721,0,0.087,0.08645657,43.77,BTC-30MAY25-90000-C,96628.41,sell,1.0,1.0,,,,,,1746598386.721
2997,364992417,1746600854915,2,0.086,0.08590459,43.19,BTC-30MAY25-90000-C,96536.68,sell,1.0,1.0,,,,,,1746600854.915
2998,364995488,1746603837991,0,0.088,0.08790973,43.13,BTC-30MAY25-90000-C,96839.57,buy,0.1,0.1,,,,,,1746603837.991
2999,365001093,1746609173441,1,0.088,0.08848588,42.18,BTC-30MAY25-90000-C,96953.38,buy,0.1,0.1,,,,,,1746609173.441
3000,365002005,1746610863321,0,0.089,0.08893911,43.33,BTC-30MAY25-90000-C,96946.87,buy,0.1,0.1,,,,,,1746610863.321
3001,365003480,1746613476266,2,0.088,0.08887079,42.23,BTC-30MAY25-90000-C,96937.3,buy,0.1,0.1,,,,,,1746613476.266
3002,365003487,1746613493558,0,0.0885,0.08886356,42.9,BTC-30MAY25-90000-C,96938.18,buy,0.1,0.1,,,,,,1746613493.558
3003,365004688,1746614303844,0,0.089,0.08916031,43.11,BTC-30MAY25-90000-C,96974.04,buy,0.1,0.1,,,,,,1746614303.844
3004,365018086,1746627000769,0,0.09,0.09064575,42.57,BTC-30MAY25-90000-C,97221.07,buy,0.1,0.1,,,,,,1746627000.769
3005,365018087,1746627010229,0,0.0905,0.09063141,43.32,BTC-30MAY25-90000-C,97216.82,buy,0.1,0.1,,,,,,1746627010.229
3006,365018089,1746627018377,1,0.0905,0.09064701,43.36,BTC-30MAY25-90000-C,97214.01,buy,0.1,0.1,,,,,,1746627018.377
3007,365018093,1746627028670,1,0.0905,0.09068948,43.37,BTC-30MAY25-90000-C,97213.9,buy,0.1,0.1,,,,,,1746627028.67
3008,365018100,1746627035700,1,0.0905,0.09058981,43.32,BTC-30MAY25-90000-C,97218.35,buy,0.1,0.1,,,,,,1746627035.7
3009,365018213,1746627050152,0,0.091,0.09085882,43.65,BTC-30MAY25-90000-C,97250.13,buy,0.1,0.1,,,,,,1746627050.152
3010,365019313,1746627886701,0,0.092,0.0919278,43.63,BTC-30MAY25-90000-C,97370.3,buy,0.7,0.7,,,,,,1746627886.701
3011,365019583,1746628004835,1,0.092,0.09192596,43.65,BTC-30MAY25-90000-C,97376.43,buy,0.3,0.3,,,,,,1746628004.835
3012,365019603,1746628009869,1,0.092,0.09207788,43.45,BTC-30MAY25-90000-C,97395.29,buy,1.9,1.9,,,,,,1746628009.869
3013,365019604,1746628009882,1,0.092,0.09207788,43.45,BTC-30MAY25-90000-C,97395.29,buy,0.1,0.1,,,,,,1746628009.882
3014,365019605,1746628009890,1,0.092,0.09207788,43.45,BTC-30MAY25-90000-C,97395.29,buy,0.2,0.2,,,,,,1746628009.89
3015,365019606,1746628009899,1,0.092,0.09207788,43.45,BTC-30MAY25-90000-C,97395.29,buy,0.1,0.1,,,,,,1746628009.899
3016,365019610,1746628010262,1,0.092,0.09207788,43.45,BTC-30MAY25-90000-C,97395.29,buy,1.7,1.7,,,,,,1746628010.262
3017,365024321,1746630287942,2,0.088,0.08813624,43.21,BTC-30MAY25-90000-C,96854.85,buy,0.1,0.1,,,,,,1746630287.942
3018,365024342,1746630303785,2,0.087,0.08824095,41.69,BTC-30MAY25-90000-C,96868.68,sell,0.1,0.1,,,,,,1746630303.785
3019,365024379,1746630318036,0,0.088,0.08811625,43.1,BTC-30MAY25-90000-C,96863.05,buy,0.1,0.1,,,,,,1746630318.036
3020,365024396,1746630322165,1,0.088,0.08823952,43.07,BTC-30MAY25-90000-C,96865.7,buy,0.1,0.1,,,,,,1746630322.165
3021,365024407,1746630324777,0,0.0885,0.08822718,43.63,BTC-30MAY25-90000-C,96875.55,buy,0.1,0.1,,,,,,1746630324.777
3022,365035030,1746640372748,2,0.0845,0.08445374,42.62,BTC-30MAY25-90000-C,96467.67,sell,0.1,0.1,,,,,,1746640372.748
3023,365058432,1746646204379,2,0.08,0.08074844,41.67,BTC-30MAY25-90000-C,95981.55,sell,0.1,0.1,,,,,,1746646204.379
3024,365092122,1746664476584,0,0.0885,0.08871607,42.18,BTC-30MAY25-90000-C,97090.28,sell,0.8,0.8,,,,,,1746664476.584
3025,365092123,1746664476623,1,0.0885,0.08871607,42.18,BTC-30MAY25-90000-C,97090.28,sell,0.2,0.2,,,,,,1746664476.623
3026,365094486,1746665843363,0,0.091,0.09096658,42.03,BTC-30MAY25-90000-C,97442.45,buy,0.1,0.1,,,,,,1746665843.363
3027,365100638,1746666281422,0,0.095,0.09551283,42.0,BTC-30MAY25-90000-C,97999.82,sell,0.3,0.3,,,,,,1746666281.422
3028,365242576,1746718199500,0,0.117,0.116084,45.88,BTC-30MAY25-90000-C,100640.39,sell,0.1,0.1,,,,,,1746718199.5
3029,365256170,1746719530698,0,0.1205,0.12169866,44.86,BTC-30MAY25-90000-C,101152.72,sell,0.3,0.3,,,,,,1746719530.698
3030,365260401,1746720183489,2,0.1175,0.11769241,45.44,BTC-30MAY25-90000-C,100708.35,sell,0.5,0.5,,,,,,1746720183.489
3031,365260402,1746720183498,3,0.1175,0.11769241,45.44,BTC-30MAY25-90000-C,100708.35,sell,0.1,0.1,,,,,,1746720183.498
3032,365260403,1746720183603,3,0.1175,0.11769241,45.44,BTC-30MAY25-90000-C,100708.35,sell,0.9,0.9,,,,,,1746720183.603
3033,365260432,1746720184769,3,0.1175,0.11754365,45.63,BTC-30MAY25-90000-C,100695.11,sell,0.6,0.6,,,,,,1746720184.769
3034,365260433,1746720184777,3,0.1175,0.11754365,45.63,BTC-30MAY25-90000-C,100695.11,sell,0.9,0.9,,,,,,1746720184.777
3035,365260434,1746720184808,3,0.1175,0.11754365,45.63,BTC-30MAY25-90000-C,100695.11,sell,0.9,0.9,,,,,,1746720184.808
3037,365260436,1746720184809,3,0.1175,0.11754365,45.63,BTC-30MAY25-90000-C,100695.11,sell,0.3,0.3,,,,,,1746720184.809
3036,365260435,1746720184809,3,0.1175,0.11754365,45.63,BTC-30MAY25-90000-C,100695.11,sell,6.1,6.1,,,,,,1746720184.809
3038,365269123,1746723031663,0,0.1223,0.12220064,45.7,BTC-30MAY25-90000-C,101311.72,buy,50.0,50.0,2.0,BLOCK-196687,,,BTC-CS-30MAY25-90000_100000,1746723031.663
3039,365286532,1746731289540,2,0.1213,0.12109797,45.87,BTC-30MAY25-90000-C,101180.53,buy,40.0,40.0,2.0,BLOCK-196722,,,BTC-CS-30MAY25-90000_100000,1746731289.54
3040,365315531,1746739105183,0,0.1385,0.1380224,47.35,BTC-30MAY25-90000-C,103382.41,sell,0.1,0.1,,,M,,,1746739105.183
3041,365326936,1746739897261,0,0.14,0.1390952,49.91,BTC-30MAY25-90000-C,103432.67,buy,1.0,1.0,,,,,,1746739897.261
3042,365331500,1746740540741,2,0.1355,0.13593335,47.91,BTC-30MAY25-90000-C,102963.49,sell,0.3,0.3,,,,,,1746740540.741
3043,365355100,1746747215192,2,0.135,0.13562851,45.98,BTC-30MAY25-90000-C,102983.51,sell,0.3,0.3,,,,,,1746747215.192
3044,365365224,1746751266147,2,0.1325,0.13243503,47.16,BTC-30MAY25-90000-C,102611.6,sell,0.3,0.3,,,,,,1746751266.147
3045,365365583,1746751406973,2,0.132,0.13230491,46.24,BTC-30MAY25-90000-C,102592.92,sell,0.1,0.1,,,,,,1746751406.973
3046,365365587,1746751407047,3,0.132,0.13231464,46.32,BTC-30MAY25-90000-C,102588.39,sell,0.2,0.2,,,,,,1746751407.047
3047,365396312,1746772545509,0,0.1355,0.135645,47.8,BTC-30MAY25-90000-C,103027.75,buy,1.0,1.0,,,,,,1746772545.509
3048,365422172,1746776997033,0,0.1435,0.14319732,49.62,BTC-30MAY25-90000-C,104100.76,sell,0.1,0.1,,,,,,1746776997.033
3049,365422374,1746777008156,1,0.1435,0.1433386,49.06,BTC-30MAY25-90000-C,104130.07,sell,0.1,0.1,,,,,,1746777008.156
3050,365423292,1746777070396,2,0.142,0.14200642,48.59,BTC-30MAY25-90000-C,103959.19,sell,0.1,0.1,,,,,,1746777070.396
3051,365423309,1746777070407,3,0.142,0.14200642,48.59,BTC-30MAY25-90000-C,103959.19,sell,0.1,0.1,,,,,,1746777070.407
3052,365423321,1746777070434,3,0.142,0.14200642,48.59,BTC-30MAY25-90000-C,103959.19,sell,0.1,0.1,,,,,,1746777070.434
3053,365454870,1746781868138,2,0.132,0.13265771,45.25,BTC-30MAY25-90000-C,102689.58,sell,0.3,0.3,,,,,,1746781868.138
3054,365475005,1746790054955,0,0.133,0.13354675,45.02,BTC-30MAY25-90000-C,102838.67,sell,0.1,0.1,,,,,,1746790054.955
3055,365484464,1746795941827,0,0.1339,0.13397086,46.01,BTC-30MAY25-90000-C,102931.56,buy,13.0,13.0,2.0,BLOCK-197191,,,BTC-CDIAG-27JUN25_30MAY25-100000_90000,1746795941.827
3056,365484586,1746796012508,0,0.1342,0.13431643,45.84,BTC-30MAY25-90000-C,102971.66,buy,16.0,16.0,2.0,BLOCK-197192,,,BTC-CS-30MAY25-90000_100000,1746796012.508
3057,365497248,1746800408679,0,0.1375,0.13738444,46.88,BTC-30MAY25-90000-C,103346.13,sell,0.2,0.2,,,,,,1746800408.679
3058,365498896,1746800705778,2,0.1335,0.13484171,43.62,BTC-30MAY25-90000-C,102967.11,sell,0.1,0.1,,,,,,1746800705.778
3059,365499011,1746800706162,3,0.1335,0.13484171,43.62,BTC-30MAY25-90000-C,102967.11,sell,0.1,0.1,,,,,,1746800706.162
3060,365503883,1746801490875,2,0.1305,0.130751,45.62,BTC-30MAY25-90000-C,102487.55,sell,0.1,0.1,,,,,,1746801490.875
3061,365505298,1746801780416,0,0.1335,0.13300059,46.68,BTC-30MAY25-90000-C,102824.07,buy,0.1,0.1,,,,,,1746801780.416
3062,365547383,1746841709825,0,0.134,0.13416324,46.35,BTC-30MAY25-90000-C,102980.89,buy,0.1,0.1,,,,,,1746841709.825
3063,365547625,1746842322198,0,0.1345,0.13444778,46.91,BTC-30MAY25-90000-C,103020.55,buy,0.1,0.1,,,,,,1746842322.198
3064,365548229,1746844494163,0,0.135,0.13476549,47.3,BTC-30MAY25-90000-C,103052.87,buy,0.1,0.1,,,,,,1746844494.163
3065,365548341,1746844576291,0,0.1355,0.13539239,47.22,BTC-30MAY25-90000-C,103111.97,buy,0.1,0.1,,,,,,1746844576.291
3066,365565109,1746861399171,0,0.14,0.14039788,45.46,BTC-30MAY25-90000-C,103790.21,buy,0.1,0.1,,,,,,1746861399.171
3067,365565142,1746861417327,1,0.14,0.14032066,45.75,BTC-30MAY25-90000-C,103776.42,buy,0.1,0.1,,,,,,1746861417.327
3068,365565244,1746861475768,0,0.1405,0.14031039,47.12,BTC-30MAY25-90000-C,103780.58,buy,0.1,0.1,,,,,,1746861475.768
3069,365565441,1746861592159,1,0.1405,0.14070847,45.92,BTC-30MAY25-90000-C,103829.57,buy,0.1,0.1,,,,,,1746861592.159
3070,365565467,1746861599331,0,0.141,0.14074463,47.23,BTC-30MAY25-90000-C,103833.94,buy,0.1,0.1,,,,,,1746861599.331
3071,365565608,1746861687146,1,0.141,0.14102077,46.5,BTC-30MAY25-90000-C,103874.29,buy,0.1,0.1,,,,,,1746861687.146
3072,365566835,1746862120382,2,0.14,0.139923,46.59,BTC-30MAY25-90000-C,103723.89,buy,0.1,0.1,,,,,,1746862120.382
3073,365567299,1746862336234,0,0.1405,0.14037988,46.57,BTC-30MAY25-90000-C,103785.65,buy,0.1,0.1,,,,,,1746862336.234
3074,365572734,1746863803764,0,0.141,0.14094913,46.7,BTC-30MAY25-90000-C,103848.56,buy,0.1,0.1,,,,,,1746863803.764
3075,365574425,1746864359561,0,0.1415,0.14134549,47.01,BTC-30MAY25-90000-C,103906.78,buy,0.1,0.1,,,,,,1746864359.561
3076,365574525,1746864397364,0,0.142,0.14185317,47.29,BTC-30MAY25-90000-C,103957.86,buy,0.1,0.1,,,,,,1746864397.364
3077,365574605,1746864429334,0,0.1425,0.1420933,48.0,BTC-30MAY25-90000-C,103992.37,buy,0.1,0.1,,,,,,1746864429.334
3078,365595722,1746881174556,2,0.14,0.13997245,47.82,BTC-30MAY25-90000-C,103658.92,buy,0.1,0.1,,,,,,1746881174.556
3079,365596183,1746882066111,0,0.141,0.14072947,48.36,BTC-30MAY25-90000-C,103761.29,buy,0.1,0.1,,,,,,1746882066.111
3080,365651009,1746918844401,1,0.141,0.14114128,46.97,BTC-30MAY25-90000-C,103866.45,buy,0.1,0.1,,,,,,1746918844.401
3081,365651282,1746918895342,0,0.1415,0.14161214,47.1,BTC-30MAY25-90000-C,103923.49,buy,0.1,0.1,,,,,,1746918895.342
3082,365651363,1746918904894,0,0.142,0.14212154,47.13,BTC-30MAY25-90000-C,103985.79,buy,0.1,0.1,,,,,,1746918904.894
3083,365651591,1746918925884,0,0.1425,0.14240767,47.7,BTC-30MAY25-90000-C,104023.12,buy,0.1,0.1,,,,,,1746918925.884
3084,365651712,1746918930183,0,0.143,0.142811,48.16,BTC-30MAY25-90000-C,104069.0,buy,0.1,0.1,,,,,,1746918930.183
3085,365652161,1746918939521,0,0.144,0.14378929,48.28,BTC-30MAY25-90000-C,104195.2,buy,0.1,0.1,,,,,,1746918939.521
3086,365652527,1746918943539,0,0.145,0.14430391,49.36,BTC-30MAY25-90000-C,104279.03,buy,0.1,0.1,,,,,,1746918943.539
3087,365687215,1746923637599,2,0.144,0.14428087,46.99,BTC-30MAY25-90000-C,104263.03,buy,0.1,0.1,,,,,,1746923637.599
3088,365687243,1746923704241,0,0.1445,0.14453298,47.66,BTC-30MAY25-90000-C,104293.49,buy,0.1,0.1,,,,,,1746923704.241
3089,365688029,1746924183857,0,0.145,0.14503358,47.74,BTC-30MAY25-90000-C,104371.81,buy,0.1,0.1,,,,,,1746924183.857
3090,365700556,1746931551017,2,0.142,0.14180644,46.61,BTC-30MAY25-90000-C,104016.42,sell,0.1,0.1,,,,,,1746931551.017
3091,365727306,1746950414365,2,0.138,0.13772956,48.15,BTC-30MAY25-90000-C,103403.55,buy,0.1,0.1,,,,,,1746950414.365
3092,365728015,1746950636939,0,0.14,0.13975739,48.0,BTC-30MAY25-90000-C,103665.63,buy,0.1,0.1,,,,,,1746950636.939
3093,365728463,1746950788046,1,0.14,0.13951141,48.5,BTC-30MAY25-90000-C,103657.94,buy,0.1,0.1,,,,,,1746950788.046
3094,365728762,1746950867897,1,0.14,0.1401829,46.82,BTC-30MAY25-90000-C,103716.04,buy,0.1,0.1,,,,,,1746950867.897
3095,365728770,1746950868421,0,0.1405,0.14018544,48.3,BTC-30MAY25-90000-C,103715.16,buy,0.1,0.1,,,,,,1746950868.421
3096,365729389,1746951003429,0,0.141,0.14064117,48.62,BTC-30MAY25-90000-C,103758.43,buy,0.1,0.1,,,,,,1746951003.429
3097,365730531,1746951356861,0,0.142,0.14145179,49.42,BTC-30MAY25-90000-C,103841.53,buy,0.1,0.1,,,,,,1746951356.861
3098,365734341,1746953441147,2,0.141,0.1413749,46.82,BTC-30MAY25-90000-C,103839.46,buy,0.1,0.1,,,,,,1746953441.147
3099,365734458,1746953486313,0,0.1415,0.14133785,48.43,BTC-30MAY25-90000-C,103835.36,buy,0.1,0.1,,,,,,1746953486.313
3100,365735249,1746954262599,0,0.142,0.14185685,48.45,BTC-30MAY25-90000-C,103898.47,buy,0.1,0.1,,,,,,1746954262.599
3101,365735586,1746954551851,0,0.143,0.14284991,48.6,BTC-30MAY25-90000-C,104031.68,buy,0.1,0.1,,,,,,1746954551.851
3102,365736237,1746954880104,0,0.144,0.14401052,48.18,BTC-30MAY25-90000-C,104175.61,buy,0.1,0.1,,,,,,1746954880.104
3103,365742713,1746959716161,0,0.146,0.14610461,48.57,BTC-30MAY25-90000-C,104444.65,sell,0.1,0.1,,,,,,1746959716.161
3104,365752926,1746968674238,0,0.147,0.14708766,48.12,BTC-30MAY25-90000-C,104622.7,buy,0.1,0.1,,,,,,1746968674.238
3105,365755703,1746971002021,2,0.144,0.14410545,47.89,BTC-30MAY25-90000-C,104255.02,buy,0.1,0.1,,,,,,1746971002.021
3106,365755715,1746971007575,3,0.144,0.14412866,47.63,BTC-30MAY25-90000-C,104263.9,buy,0.1,0.1,,,,,,1746971007.575
3107,365755717,1746971010931,3,0.144,0.14425281,47.21,BTC-30MAY25-90000-C,104279.38,buy,0.1,0.1,,,,,,1746971010.931
3108,365755798,1746971067820,0,0.1445,0.14433881,48.42,BTC-30MAY25-90000-C,104285.53,buy,0.1,0.1,,,,,,1746971067.82
3109,365755901,1746971148109,0,0.145,0.14479323,48.44,BTC-30MAY25-90000-C,104350.99,buy,0.1,0.1,,,,,,1746971148.109
3110,365756482,1746971553369,0,0.1455,0.14534147,48.5,BTC-30MAY25-90000-C,104417.3,buy,0.1,0.1,,,,,,1746971553.369
3111,365763268,1746976384932,0,0.146,0.14565421,49.82,BTC-30MAY25-90000-C,104422.48,buy,0.1,0.1,,,,,,1746976384.932
3112,365763398,1746976396632,0,0.1465,0.14644475,48.95,BTC-30MAY25-90000-C,104521.38,buy,0.1,0.1,,,,,,1746976396.632
3113,365764049,1746976639145,0,0.1475,0.14735241,49.25,BTC-30MAY25-90000-C,104640.51,buy,0.1,0.1,,,,,,1746976639.145
3114,365774152,1746983222558,2,0.1415,0.14142414,47.77,BTC-30MAY25-90000-C,103955.44,buy,0.1,0.1,,,,,,1746983222.558
3115,365781194,1746989312531,0,0.148,0.14785846,48.8,BTC-30MAY25-90000-C,104765.67,buy,0.1,0.1,,,,,,1746989312.531
3116,365804783,1747006523216,2,0.141,0.14138574,46.76,BTC-30MAY25-90000-C,103929.79,buy,0.1,0.1,,,,,,1747006523.216
3117,365805243,1747007036982,0,0.142,0.14194624,48.25,BTC-30MAY25-90000-C,103988.52,buy,0.1,0.1,,,,,,1747007036.982
3118,365834728,1747019479298,2,0.1395,0.13958847,48.1,BTC-30MAY25-90000-C,103736.92,buy,2.0,2.0,,,,,,1747019479.298
3119,365910332,1747050450200,0,0.1435,0.1429058,49.96,BTC-30MAY25-90000-C,104201.59,sell,0.1,0.1,,,,,,1747050450.2
3120,365972404,1747063076731,2,0.1315,0.13271691,42.12,BTC-30MAY25-90000-C,102990.22,sell,2.0,2.0,,,,,,1747063076.731
3121,365978267,1747064997410,2,0.128,0.1281826,45.37,BTC-30MAY25-90000-C,102442.16,sell,0.1,0.1,,,,,,1747064997.41
3122,366014816,1747075701363,2,0.1175,0.11754601,44.71,BTC-30MAY25-90000-C,101047.81,sell,1.4,1.4,,,,,,1747075701.363
3123,366014819,1747075702590,3,0.1175,0.11747229,45.03,BTC-30MAY25-90000-C,101031.82,sell,0.3,0.3,,,,,,1747075702.59
3124,366014820,1747075702599,3,0.1175,0.11747229,45.03,BTC-30MAY25-90000-C,101031.82,sell,0.3,0.3,,,,,,1747075702.599
3125,366018238,1747076128739,0,0.123,0.12248476,46.35,BTC-30MAY25-90000-C,101668.94,sell,0.1,0.1,,,,,,1747076128.739
3126,366027064,1747080120360,0,0.1245,0.12444518,44.92,BTC-30MAY25-90000-C,101943.15,buy,4.6,4.6,,,,,,1747080120.36
3127,366027065,1747080120379,1,0.1245,0.12444518,44.92,BTC-30MAY25-90000-C,101943.15,buy,0.6,0.6,,,,,,1747080120.379
3128,366027067,1747080125058,1,0.1245,0.12458915,44.86,BTC-30MAY25-90000-C,101946.5,buy,4.8,4.8,,,,,,1747080125.058
3129,366027286,1747080188963,2,0.1235,0.12363876,44.7,BTC-30MAY25-90000-C,101844.38,buy,4.6,4.6,,,,,,1747080188.963
3130,366027287,1747080188965,3,0.1235,0.12363876,44.7,BTC-30MAY25-90000-C,101844.38,buy,2.2,2.2,,,,,,1747080188.965
3131,366027288,1747080188966,3,0.1235,0.12363876,44.7,BTC-30MAY25-90000-C,101844.38,buy,1.7,1.7,,,,,,1747080188.966
3132,366027289,1747080188981,3,0.1235,0.12363876,44.7,BTC-30MAY25-90000-C,101844.38,buy,0.1,0.1,,,,,,1747080188.981
3133,366027324,1747080195792,3,0.1235,0.12342032,45.45,BTC-30MAY25-90000-C,101811.82,buy,0.3,0.3,,,,,,1747080195.792
3134,366027326,1747080195820,3,0.1235,0.12342032,45.45,BTC-30MAY25-90000-C,101811.82,buy,0.2,0.2,,,,,,1747080195.82
3135,366027328,1747080195829,3,0.1235,0.12342032,45.45,BTC-30MAY25-90000-C,101811.82,buy,0.2,0.2,,,,,,1747080195.829
3136,366027329,1747080195830,3,0.1235,0.12342032,45.45,BTC-30MAY25-90000-C,101811.82,buy,0.1,0.1,,,,,,1747080195.83
3137,366027330,1747080195833,3,0.1235,0.12342032,45.45,BTC-30MAY25-90000-C,101811.82,buy,0.1,0.1,,,,,,1747080195.833
3138,366027331,1747080195836,3,0.1235,0.12342032,45.45,BTC-30MAY25-90000-C,101811.82,buy,0.1,0.1,,,,,,1747080195.836
3139,366027332,1747080195873,3,0.1235,0.12342032,45.45,BTC-30MAY25-90000-C,101811.82,buy,0.1,0.1,,,,,,1747080195.873
3140,366027333,1747080195914,3,0.1235,0.12342032,45.45,BTC-30MAY25-90000-C,101811.82,buy,0.3,0.3,,,,,,1747080195.914
3141,366054018,1747097993962,0,0.1265,0.12671776,45.17,BTC-30MAY25-90000-C,102247.22,buy,0.9,0.9,,,,,,1747097993.962
3142,366054019,1747097994026,1,0.1265,0.12671418,45.08,BTC-30MAY25-90000-C,102251.27,buy,0.8,0.8,,,,,,1747097994.026
3143,366054026,1747097997562,1,0.1265,0.12676718,44.94,BTC-30MAY25-90000-C,102255.95,buy,0.4,0.4,,,,,,1747097997.562
3144,366054031,1747097997748,1,0.1265,0.12676718,44.94,BTC-30MAY25-90000-C,102255.95,buy,0.1,0.1,,,,,,1747097997.748
3145,366054032,1747097997782,1,0.1265,0.12676718,44.94,BTC-30MAY25-90000-C,102255.95,buy,0.1,0.1,,,,,,1747097997.782
3146,366054035,1747098003516,1,0.1265,0.12690011,44.6,BTC-30MAY25-90000-C,102268.33,buy,0.1,0.1,,,,,,1747098003.516
3147,366054072,1747098004605,1,0.1265,0.12690012,44.58,BTC-30MAY25-90000-C,102268.86,buy,1.1,1.1,,,,,,1747098004.605
3148,366054073,1747098004616,1,0.1265,0.12690012,44.58,BTC-30MAY25-90000-C,102268.86,buy,0.1,0.1,,,,,,1747098004.616
3149,366054074,1747098004618,1,0.1265,0.12690012,44.58,BTC-30MAY25-90000-C,102268.86,buy,1.4,1.4,,,,,,1747098004.618
3150,366077883,1747107049421,2,0.121,0.12117982,45.04,BTC-30MAY25-90000-C,101514.61,sell,0.1,0.1,,,,,,1747107049.421
3151,366078007,1747107056575,2,0.1205,0.12093701,44.63,BTC-30MAY25-90000-C,101473.24,sell,3.0,3.0,,,,,,1747107056.575
3152,366150981,1747145858039,0,0.133,0.13278252,46.27,BTC-30MAY25-90000-C,103038.33,sell,0.1,0.1,,,,,,1747145858.039
3153,366154910,1747147663373,1,0.133,0.13286935,46.03,BTC-30MAY25-90000-C,103040.31,sell,0.1,0.1,,,,,,1747147663.373
3154,366169775,1747153652887,0,0.1425,0.14239625,47.81,BTC-30MAY25-90000-C,104212.67,sell,0.5,0.5,,,,,,1747153652.887
3155,366232393,1747187960468,2,0.139,0.13885982,46.85,BTC-30MAY25-90000-C,103778.56,sell,2.0,2.0,,,,,,1747187960.468
3156,366339004,1747244591396,2,0.133,0.13311353,45.83,BTC-30MAY25-90000-C,103149.33,buy,0.6,0.6,,,,,,1747244591.396
3157,366625681,1747333281064,0,0.137,0.13712512,47.6,BTC-30MAY25-90000-C,103738.61,sell,0.1,0.1,,,,,,1747333281.064
3158,366625722,1747333308900,1,0.137,0.13698813,47.69,BTC-30MAY25-90000-C,103728.87,sell,0.1,0.1,,,,,,1747333308.9
3159,366626202,1747333412123,2,0.136,0.1358774,48.08,BTC-30MAY25-90000-C,103583.28,sell,0.1,0.1,,,,,,1747333412.123
3160,366626214,1747333414744,3,0.136,0.1358832,48.2,BTC-30MAY25-90000-C,103579.56,sell,0.1,0.1,,,,,,1747333414.744
3161,366626426,1747333478799,2,0.1355,0.1354763,47.84,BTC-30MAY25-90000-C,103527.52,sell,0.1,0.1,,,,,,1747333478.799
3162,366626471,1747333486122,3,0.1355,0.13537785,48.1,BTC-30MAY25-90000-C,103518.42,sell,0.1,0.1,,,,,,1747333486.122
3163,366626497,1747333497945,3,0.1355,0.13545115,47.81,BTC-30MAY25-90000-C,103524.21,sell,0.1,0.1,,,,,,1747333497.945
3164,366627169,1747333636509,0,0.136,0.13602858,47.61,BTC-30MAY25-90000-C,103599.82,sell,0.1,0.1,,,,,,1747333636.509
3165,366628358,1747333895759,2,0.1355,0.13539904,48.38,BTC-30MAY25-90000-C,103516.24,sell,0.1,0.1,,,,,,1747333895.759
3166,366628576,1747334012251,0,0.136,0.13596559,47.89,BTC-30MAY25-90000-C,103585.77,sell,0.1,0.1,,,,,,1747334012.251
3167,366628767,1747334104694,2,0.1355,0.13558036,47.61,BTC-30MAY25-90000-C,103537.75,sell,0.1,0.1,,,,,,1747334104.694
3168,366628776,1747334115261,3,0.1355,0.13537482,48.28,BTC-30MAY25-90000-C,103516.35,sell,0.1,0.1,,,,,,1747334115.261
3169,366629126,1747334217107,2,0.1345,0.13447204,48.05,BTC-30MAY25-90000-C,103404.24,sell,0.1,0.1,,,,,,1747334217.107
3170,366629534,1747334273675,2,0.1335,0.13347792,47.91,BTC-30MAY25-90000-C,103283.08,sell,0.1,0.1,,,,,,1747334273.675
3171,366629551,1747334276446,3,0.1335,0.13338306,48.33,BTC-30MAY25-90000-C,103270.38,sell,0.1,0.1,,,,,,1747334276.446
3172,366629958,1747334328730,2,0.133,0.13282303,48.42,BTC-30MAY25-90000-C,103198.99,sell,0.1,0.1,,,,,,1747334328.73
3173,366630033,1747334349873,3,0.133,0.13285571,48.35,BTC-30MAY25-90000-C,103199.65,sell,0.1,0.1,,,,,,1747334349.873
3174,366630278,1747334417920,3,0.133,0.13297834,47.7,BTC-30MAY25-90000-C,103218.31,sell,0.1,0.1,,,,,,1747334417.92
3175,366630640,1747334543924,3,0.133,0.13330433,47.63,BTC-30MAY25-90000-C,103220.29,sell,0.1,0.1,,,,,,1747334543.924
3176,366631061,1747334772752,0,0.1335,0.1334352,48.2,BTC-30MAY25-90000-C,103261.14,sell,0.1,0.1,,,,,,1747334772.752
3177,366631076,1747334775393,1,0.1335,0.13335656,48.39,BTC-30MAY25-90000-C,103255.59,sell,0.1,0.1,,,,,,1747334775.393
3178,366694201,1747365882552,0,0.1405,0.14031324,47.64,BTC-30MAY25-90000-C,104210.31,buy,0.4,0.4,,,,,,1747365882.552
3179,366694203,1747365882562,1,0.1405,0.14031324,47.64,BTC-30MAY25-90000-C,104210.31,buy,0.1,0.1,,,,,,1747365882.562
3180,366694211,1747365882720,1,0.1405,0.14031324,47.64,BTC-30MAY25-90000-C,104210.31,buy,0.1,0.1,,,,,,1747365882.72
3181,366694212,1747365882736,1,0.1405,0.14031324,47.64,BTC-30MAY25-90000-C,104210.31,buy,1.0,1.0,,,,,,1747365882.736
3182,366694229,1747365882783,1,0.1405,0.14031324,47.64,BTC-30MAY25-90000-C,104210.31,buy,0.1,0.1,,,,,,1747365882.783
3183,366694230,1747365882875,1,0.1405,0.14031324,47.64,BTC-30MAY25-90000-C,104210.31,buy,0.1,0.1,,,,,,1747365882.875
3184,366694231,1747365882880,1,0.1405,0.14031324,47.64,BTC-30MAY25-90000-C,104210.31,buy,0.1,0.1,,,,,,1747365882.88
3185,366694232,1747365882890,1,0.1405,0.14031324,47.64,BTC-30MAY25-90000-C,104210.31,buy,0.1,0.1,,,,,,1747365882.89
3186,366694240,1747365883433,1,0.1405,0.14039479,47.45,BTC-30MAY25-90000-C,104214.42,buy,0.1,0.1,,,,,,1747365883.433
3187,366694241,1747365883436,1,0.1405,0.14039479,47.45,BTC-30MAY25-90000-C,104214.42,buy,2.9,2.9,,,,,,1747365883.436
3188,366712271,1747381173353,2,0.1375,0.13734683,46.51,BTC-30MAY25-90000-C,103893.41,sell,0.2,0.2,,,,,,1747381173.353
3189,366882327,1747493174140,2,0.131,0.1307052,46.15,BTC-30MAY25-90000-C,103165.15,buy,0.1,0.1,,,,,,1747493174.14
3190,366882484,1747493383661,2,0.1305,0.13027904,45.89,BTC-30MAY25-90000-C,103110.88,sell,0.1,0.1,,,,,,1747493383.661
3191,367241210,1747638498729,2,0.1255,0.12600726,47.5,BTC-30MAY25-90000-C,102556.68,buy,1.0,1.0,,,,,,1747638498.729
3192,367248173,1747640918717,0,0.132,0.13121414,53.2,BTC-30MAY25-90000-C,103250.06,sell,2.0,2.0,,,,,,1747640918.717
3193,367298313,1747658442809,2,0.1235,0.12313431,49.91,BTC-30MAY25-90000-C,102189.97,buy,0.1,0.1,,,,,,1747658442.809
3194,367356653,1747678475406,0,0.15,0.14900877,58.82,BTC-30MAY25-90000-C,105351.41,sell,0.1,0.1,,,,,,1747678475.406
3195,367544965,1747774593729,0,0.162,0.16155335,60.29,BTC-30MAY25-90000-C,106966.45,sell,0.5,0.5,,,,,,1747774593.729
3196,367571547,1747789790416,1,0.162,0.16184845,57.45,BTC-30MAY25-90000-C,107026.13,buy,1.0,1.0,,,,,,1747789790.416
3197,367571548,1747789790419,1,0.162,0.16184845,57.45,BTC-30MAY25-90000-C,107026.13,buy,4.7,4.7,,,,,,1747789790.419
3198,367571549,1747789790444,1,0.162,0.16184845,57.45,BTC-30MAY25-90000-C,107026.13,buy,3.8,3.8,,,,,,1747789790.444
3200,367571551,1747789790450,1,0.162,0.16184845,57.45,BTC-30MAY25-90000-C,107026.13,buy,0.1,0.1,,,,,,1747789790.45
3199,367571550,1747789790450,1,0.162,0.16184845,57.45,BTC-30MAY25-90000-C,107026.13,buy,0.5,0.5,,,,,,1747789790.45
3201,367579754,1747798244177,1,0.162,0.16204243,55.51,BTC-30MAY25-90000-C,107061.63,buy,10.9,10.9,,,,,,1747798244.177
3202,367580018,1747798443191,1,0.162,0.1620373,55.69,BTC-30MAY25-90000-C,107067.03,buy,4.6,4.6,,,,,,1747798443.191
3203,367580028,1747798458909,1,0.162,0.16206385,54.81,BTC-30MAY25-90000-C,107073.71,buy,4.5,4.5,,,,,,1747798458.909
3204,367580971,1747799289073,1,0.162,0.16215264,54.15,BTC-30MAY25-90000-C,107087.86,buy,10.9,10.9,,,,,,1747799289.073
3205,367580984,1747799289109,1,0.162,0.16215264,54.15,BTC-30MAY25-90000-C,107087.86,buy,0.4,0.4,,,,,,1747799289.109
3206,367580996,1747799289162,1,0.162,0.16215264,54.15,BTC-30MAY25-90000-C,107087.86,buy,0.9,0.9,,,,,,1747799289.162
3207,367580999,1747799289286,1,0.162,0.16215264,54.15,BTC-30MAY25-90000-C,107087.86,buy,4.6,4.6,,,,,,1747799289.286
3208,367581000,1747799289291,1,0.162,0.16215264,54.15,BTC-30MAY25-90000-C,107087.86,buy,0.5,0.5,,,,,,1747799289.291
3209,367581002,1747799289296,1,0.162,0.16215264,54.15,BTC-30MAY25-90000-C,107087.86,buy,2.7,2.7,,,,,,1747799289.296
3210,367584686,1747802234805,1,0.162,0.16208187,54.85,BTC-30MAY25-90000-C,107053.35,buy,4.6,4.6,,,,,,1747802234.805
3211,367584748,1747802242959,1,0.162,0.16216469,53.8,BTC-30MAY25-90000-C,107060.99,buy,0.2,0.2,,,,,,1747802242.959
3212,367584750,1747802242979,1,0.162,0.16216469,53.8,BTC-30MAY25-90000-C,107060.99,buy,0.6,0.6,,,,,,1747802242.979
3213,367584751,1747802243039,1,0.162,0.16216469,53.8,BTC-30MAY25-90000-C,107060.99,buy,0.8,0.8,,,,,,1747802243.039
3214,367584752,1747802243040,1,0.162,0.16216469,53.8,BTC-30MAY25-90000-C,107060.99,buy,4.6,4.6,,,,,,1747802243.04
3215,367584753,1747802243046,1,0.162,0.16216469,53.8,BTC-30MAY25-90000-C,107060.99,buy,0.5,0.5,,,,,,1747802243.046
3216,367584754,1747802243067,1,0.162,0.16216469,53.8,BTC-30MAY25-90000-C,107060.99,buy,1.1,1.1,,,,,,1747802243.067
3217,367584756,1747802243146,1,0.162,0.16216469,53.8,BTC-30MAY25-90000-C,107060.99,buy,0.1,0.1,,,,,,1747802243.146
3219,367584758,1747802243175,1,0.162,0.16216469,53.8,BTC-30MAY25-90000-C,107060.99,buy,0.2,0.2,,,,,,1747802243.175
3218,367584757,1747802243175,1,0.162,0.16216469,53.8,BTC-30MAY25-90000-C,107060.99,buy,7.5,7.5,,,,,,1747802243.175
3220,367584827,1747802274753,0,0.1625,0.16268894,53.28,BTC-30MAY25-90000-C,107126.56,buy,0.8,0.8,,,,,,1747802274.753
3221,367584830,1747802275392,1,0.1625,0.16268894,53.28,BTC-30MAY25-90000-C,107126.56,buy,0.6,0.6,,,,,,1747802275.392
3222,367584834,1747802278311,1,0.1625,0.16273816,52.69,BTC-30MAY25-90000-C,107131.17,buy,0.1,0.1,,,,,,1747802278.311
3223,367584835,1747802278311,1,0.1625,0.16273816,52.69,BTC-30MAY25-90000-C,107131.17,buy,4.6,4.6,,,,,,1747802278.311
3224,367584836,1747802278315,1,0.1625,0.16273816,52.69,BTC-30MAY25-90000-C,107131.17,buy,3.9,3.9,,,,,,1747802278.315
3225,367595227,1747803855737,0,0.166,0.16608667,56.88,BTC-30MAY25-90000-C,107534.32,buy,4.7,4.7,,,,,,1747803855.737
3226,367595228,1747803855742,1,0.166,0.16608667,56.88,BTC-30MAY25-90000-C,107534.32,buy,0.1,0.1,,,,,,1747803855.742
3227,367595229,1747803856628,1,0.166,0.16608341,56.81,BTC-30MAY25-90000-C,107535.04,buy,5.2,5.2,,,,,,1747803856.628
3228,367595274,1747803892165,1,0.166,0.16614559,55.91,BTC-30MAY25-90000-C,107541.45,buy,10.0,10.0,,,,,,1747803892.165
3229,367692702,1747842561644,0,0.175,0.17409226,70.7,BTC-30MAY25-90000-C,108648.68,sell,0.5,0.5,,,,,,1747842561.644
3230,367785772,1747859034682,2,0.1725,0.17215268,66.03,BTC-30MAY25-90000-C,108382.63,buy,0.1,0.1,,,,,,1747859034.682
3231,367882586,1747882514145,0,0.189,0.18886088,70.07,BTC-30MAY25-90000-C,110584.52,sell,0.1,0.1,,,,,,1747882514.145
3232,367882587,1747882516565,1,0.189,0.18886325,70.17,BTC-30MAY25-90000-C,110583.84,sell,0.1,0.1,,,,,,1747882516.565
3233,367882589,1747882518964,1,0.189,0.1888557,70.06,BTC-30MAY25-90000-C,110585.26,sell,0.1,0.1,,,,,,1747882518.964
3234,367882591,1747882520310,1,0.189,0.18886397,70.12,BTC-30MAY25-90000-C,110584.86,sell,0.1,0.1,,,,,,1747882520.31
3235,367921344,1747887844681,0,0.194,0.19399402,70.26,BTC-30MAY25-90000-C,111321.82,sell,0.1,0.1,,,,,,1747887844.681
3236,367921345,1747887844692,1,0.194,0.19399402,70.26,BTC-30MAY25-90000-C,111321.82,sell,0.1,0.1,,,,,,1747887844.692
3237,367921346,1747887844693,1,0.194,0.19399402,70.26,BTC-30MAY25-90000-C,111321.82,sell,0.1,0.1,,,,,,1747887844.693
3238,367921347,1747887844839,0,0.1945,0.19399402,76.61,BTC-30MAY25-90000-C,111321.82,sell,0.2,0.2,,,,,,1747887844.839
3239,368136047,1747944186084,1,0.1945,0.19446281,70.67,BTC-30MAY25-90000-C,111406.28,buy,1.0,1.0,,,,,,1747944186.084
3240,368226106,1747999204442,2,0.1895,0.18955467,70.98,BTC-30MAY25-90000-C,110772.53,sell,0.2,0.2,,,,,,1747999204.442
3241,368226107,1747999204459,3,0.1895,0.18955467,70.98,BTC-30MAY25-90000-C,110772.53,sell,0.2,0.2,,,,,,1747999204.459
3242,368226108,1747999204472,3,0.1895,0.18955467,70.98,BTC-30MAY25-90000-C,110772.53,sell,0.3,0.3,,,,,,1747999204.472
3243,368246483,1748001462268,2,0.1785,0.17919429,0.0,BTC-30MAY25-90000-C,109405.16,sell,0.1,0.1,,,,,,1748001462.268
3244,368406563,1748069193441,2,0.1675,0.16730315,70.26,BTC-30MAY25-90000-C,107850.84,sell,0.1,0.1,,,,,,1748069193.441
3245,368911966,1748372354248,0,0.1825,0.18223159,110.34,BTC-30MAY25-90000-C,109930.02,sell,1.0,1.0,,,,,,1748372354.248
3246,368921344,1748378252535,2,0.1815,0.18137188,102.72,BTC-30MAY25-90000-C,109855.74,sell,0.1,0.1,,,,,,1748378252.535
3247,368921346,1748378270585,3,0.1815,0.18139492,103.35,BTC-30MAY25-90000-C,109850.96,sell,0.1,0.1,,,,,,1748378270.585
3248,368921353,1748378306023,3,0.1815,0.18146228,99.82,BTC-30MAY25-90000-C,109856.96,sell,0.1,0.1,,,,,,1748378306.023
3249,368921357,1748378313896,3,0.1815,0.18146972,98.51,BTC-30MAY25-90000-C,109859.2,sell,0.1,0.1,,,,,,1748378313.896
3250,368921849,1748378936697,2,0.181,0.1805666,116.55,BTC-30MAY25-90000-C,109748.14,sell,0.1,0.1,,,,,,1748378936.697
3251,368921860,1748378968662,3,0.181,0.18060471,113.59,BTC-30MAY25-90000-C,109758.22,sell,0.1,0.1,,,,,,1748378968.662
3252,368921881,1748378972565,3,0.181,0.18075607,108.64,BTC-30MAY25-90000-C,109776.18,sell,0.1,0.1,,,,,,1748378972.565
3253,368921883,1748378976696,3,0.181,0.18075256,109.74,BTC-30MAY25-90000-C,109773.01,sell,0.1,0.1,,,,,,1748378976.696
3254,368921885,1748378980354,3,0.181,0.1807467,110.13,BTC-30MAY25-90000-C,109771.98,sell,0.1,0.1,,,,,,1748378980.354
3255,368921911,1748378987520,3,0.181,0.18073995,113.22,BTC-30MAY25-90000-C,109761.26,sell,0.1,0.1,,,,,,1748378987.52
3256,368921918,1748378990951,3,0.181,0.18062206,114.4,BTC-30MAY25-90000-C,109757.11,sell,0.1,0.1,,,,,,1748378990.951
3257,368921963,1748379060952,3,0.181,0.18072187,110.87,BTC-30MAY25-90000-C,109767.26,sell,0.1,0.1,,,,,,1748379060.952
3258,368921966,1748379063130,3,0.181,0.18072706,110.61,BTC-30MAY25-90000-C,109768.15,sell,0.1,0.1,,,,,,1748379063.13
3259,368921967,1748379075617,3,0.181,0.18077714,109.0,BTC-30MAY25-90000-C,109771.21,sell,0.1,0.1,,,,,,1748379075.617
3260,368921969,1748379076508,3,0.181,0.18077462,108.82,BTC-30MAY25-90000-C,109771.64,sell,0.1,0.1,,,,,,1748379076.508
3261,368921971,1748379077839,3,0.181,0.18077891,108.95,BTC-30MAY25-90000-C,109771.2,sell,0.1,0.1,,,,,,1748379077.839
3262,368921973,1748379078840,3,0.181,0.18077573,108.91,BTC-30MAY25-90000-C,109771.2,sell,0.1,0.1,,,,,,1748379078.84
3263,368921976,1748379081321,3,0.181,0.18077758,108.75,BTC-30MAY25-90000-C,109771.31,sell,0.1,0.1,,,,,,1748379081.321
3264,368921985,1748379147920,3,0.181,0.18086178,105.05,BTC-30MAY25-90000-C,109778.59,sell,0.1,0.1,,,,,,1748379147.92
3265,368921988,1748379150018,3,0.181,0.18086519,104.95,BTC-30MAY25-90000-C,109778.56,sell,0.1,0.1,,,,,,1748379150.018
3266,368921992,1748379161712,3,0.181,0.18077272,108.23,BTC-30MAY25-90000-C,109768.71,sell,0.1,0.1,,,,,,1748379161.712
3267,368921994,1748379162636,3,0.181,0.18079405,107.69,BTC-30MAY25-90000-C,109770.07,sell,0.1,0.1,,,,,,1748379162.636
3268,368921996,1748379164040,3,0.181,0.18080694,107.51,BTC-30MAY25-90000-C,109770.36,sell,0.1,0.1,,,,,,1748379164.04
3269,368921998,1748379164956,3,0.181,0.18081117,107.38,BTC-30MAY25-90000-C,109770.49,sell,0.1,0.1,,,,,,1748379164.956
3270,368922000,1748379166272,3,0.181,0.18081413,107.3,BTC-30MAY25-90000-C,109770.68,sell,0.1,0.1,,,,,,1748379166.272
3271,368922039,1748379211137,2,0.1805,0.18045514,100.44,BTC-30MAY25-90000-C,109724.94,sell,0.1,0.1,,,,,,1748379211.137
3272,368922090,1748379232420,3,0.1805,0.18003329,118.71,BTC-30MAY25-90000-C,109668.96,sell,0.1,0.1,,,,,,1748379232.42
3273,368922110,1748379232924,2,0.18,0.17996345,100.02,BTC-30MAY25-90000-C,109668.04,sell,0.1,0.1,,,,,,1748379232.924
3274,368922120,1748379244534,3,0.18,0.17988591,102.99,BTC-30MAY25-90000-C,109663.33,sell,0.1,0.1,,,,,,1748379244.534
3275,368922122,1748379245572,3,0.18,0.17990185,102.35,BTC-30MAY25-90000-C,109664.68,sell,0.1,0.1,,,,,,1748379245.572
3276,368922212,1748379311783,0,0.1805,0.18005615,116.06,BTC-30MAY25-90000-C,109674.12,sell,0.1,0.1,,,,,,1748379311.783
3277,368922219,1748379320660,1,0.1805,0.18009742,114.58,BTC-30MAY25-90000-C,109680.12,sell,0.1,0.1,,,,,,1748379320.66
3278,368922227,1748379322112,1,0.1805,0.18010899,114.46,BTC-30MAY25-90000-C,109680.46,sell,0.1,0.1,,,,,,1748379322.112
3279,368922229,1748379323045,1,0.1805,0.18011284,114.14,BTC-30MAY25-90000-C,109681.69,sell,0.1,0.1,,,,,,1748379323.045
3280,368922243,1748379334429,2,0.18,0.18000693,98.48,BTC-30MAY25-90000-C,109664.92,sell,0.1,0.1,,,,,,1748379334.429
3281,368922257,1748379398415,0,0.1805,0.17992148,119.65,BTC-30MAY25-90000-C,109660.64,sell,0.1,0.1,,,,,,1748379398.415
3282,368922258,1748379399044,1,0.1805,0.17992712,119.75,BTC-30MAY25-90000-C,109660.14,sell,0.1,0.1,,,,,,1748379399.044
3283,368922259,1748379406024,2,0.18,0.17991905,102.39,BTC-30MAY25-90000-C,109659.65,sell,0.1,0.1,,,,,,1748379406.024
3284,368922318,1748379475033,3,0.18,0.1797303,110.24,BTC-30MAY25-90000-C,109637.17,sell,0.1,0.1,,,,,,1748379475.033
3285,368922527,1748379618187,3,0.18,0.17951589,117.08,BTC-30MAY25-90000-C,109612.58,sell,0.1,0.1,,,,,,1748379618.187
3286,368922804,1748379702094,3,0.18,0.17956764,114.98,BTC-30MAY25-90000-C,109616.0,sell,0.1,0.1,,,,,,1748379702.094
3287,368923138,1748379838210,2,0.1795,0.17962723,0.0,BTC-30MAY25-90000-C,109629.07,sell,0.1,0.1,,,,,,1748379838.21
3288,368923279,1748379839173,2,0.179,0.17968487,0.0,BTC-30MAY25-90000-C,109561.94,sell,0.1,0.1,,,,,,1748379839.173
3289,368923809,1748379918624,3,0.179,0.17868791,111.52,BTC-30MAY25-90000-C,109495.65,sell,0.1,0.1,,,,,,1748379918.624
3290,368923892,1748380002244,3,0.179,0.17875497,108.59,BTC-30MAY25-90000-C,109503.16,sell,0.1,0.1,,,,,,1748380002.244
3291,368925808,1748381063324,2,0.177,0.17697528,98.66,BTC-30MAY25-90000-C,109278.65,sell,0.1,0.1,,,,,,1748381063.324
3292,368931744,1748383106439,2,0.1745,0.17442738,99.88,BTC-30MAY25-90000-C,108967.0,sell,0.1,0.1,,,,,,1748383106.439
3293,368969812,1748401863268,2,0.1729,0.17303846,71.06,BTC-30MAY25-90000-C,108794.74,sell,50.0,50.0,2.0,BLOCK-201542,,4721.0,BTC-CCAL-6JUN25_30MAY25-90000,1748401863.268
3294,368969971,1748402037426,0,0.1731,0.17334422,0.0,BTC-30MAY25-90000-C,108839.67,sell,100.0,100.0,2.0,BLOCK-201543,,4724.0,BTC-CCAL-6JUN25_30MAY25-90000,1748402037.426
3295,368996863,1748420792958,0,0.175,0.17431427,132.23,BTC-30MAY25-90000-C,108946.6,sell,0.1,0.1,,,,,,1748420792.958
3296,369051753,1748440862545,2,0.1675,0.16767452,0.0,BTC-30MAY25-90000-C,108075.18,sell,0.2,0.2,,,,,,1748440862.545
3297,369051756,1748440862555,3,0.1675,0.16767452,0.0,BTC-30MAY25-90000-C,108075.18,sell,0.8,0.8,,,,,,1748440862.555
3298,369164089,1748488132947,0,0.1693,0.16942497,0.0,BTC-30MAY25-90000-C,108306.21,sell,50.0,50.0,2.0,BLOCK-201795,,4830.0,BTC-CDIAG-6JUN25_30MAY25-85000_90000,1748488132.947
3299,369165389,1748489043110,2,0.1689,0.16859915,146.29,BTC-30MAY25-90000-C,108194.96,sell,50.0,50.0,2.0,BLOCK-201799,,4833.0,BTC-CDIAG-6JUN25_30MAY25-85000_90000,1748489043.11
3300,369217055,1748518514199,0,0.174,0.17311863,203.31,BTC-30MAY25-90000-C,108793.31,sell,1.1,1.1,,,M,,,1748518514.199
3301,369238696,1748526026458,2,0.1655,0.16535643,162.15,BTC-30MAY25-90000-C,107807.18,sell,5.0,5.0,,,,,,1748526026.458
3302,369240371,1748526249526,2,0.165,0.16499198,145.24,BTC-30MAY25-90000-C,107756.62,sell,1.3,1.3,,,,,,1748526249.526
3303,369252768,1748528753520,2,0.1595,0.15970408,0.0,BTC-30MAY25-90000-C,107077.18,sell,1.7,1.7,,,,,,1748528753.52
3304,369272355,1748532585347,0,0.163,0.16303868,0.0,BTC-30MAY25-90000-C,107518.51,sell,0.1,0.1,,,,,,1748532585.347
3305,369303134,1748542230707,2,0.155,0.15488817,149.88,BTC-30MAY25-90000-C,106499.1,buy,0.6,0.6,,,,,,1748542230.707
3306,369396206,1748583247907,2,0.153,0.15277205,427.36,BTC-30MAY25-90000-C,106232.34,buy,0.1,0.1,,,,,,1748583247.907
3307,369397632,1748583479682,0,0.1535,0.15326242,436.37,BTC-30MAY25-90000-C,106294.61,buy,0.1,0.1,,,,,,1748583479.682
3308,369405579,1748585338782,2,0.1517,0.15168359,367.62,BTC-30MAY25-90000-C,106106.66,sell,11.3,11.3,3.0,BLOCK-202107,,,,1748585338.782
3309,369407992,1748586488685,2,0.151,0.15093523,507.59,BTC-30MAY25-90000-C,105971.25,sell,0.2,0.2,,,,,,1748586488.685
3310,369408017,1748586491034,3,0.151,0.15085408,509.68,BTC-30MAY25-90000-C,105971.94,sell,0.2,0.2,,,,,,1748586491.034
3311,369408053,1748586491172,3,0.151,0.15085408,509.68,BTC-30MAY25-90000-C,105971.94,sell,0.3,0.3,,,,,,1748586491.172
3312,369408056,1748586491178,3,0.151,0.15085408,509.68,BTC-30MAY25-90000-C,105971.94,sell,0.3,0.3,,,,,,1748586491.178
3313,369408105,1748586491320,3,0.151,0.15085408,509.68,BTC-30MAY25-90000-C,105971.94,sell,0.9,0.9,,,,,,1748586491.32
3314,369408163,1748586494607,3,0.151,0.15080216,547.47,BTC-30MAY25-90000-C,105958.04,sell,0.3,0.3,,,,,,1748586494.607
3315,369408176,1748586496665,3,0.151,0.15072194,555.98,BTC-30MAY25-90000-C,105953.86,sell,0.3,0.3,,,,,,1748586496.665
3316,369408208,1748586498098,3,0.151,0.15069077,561.06,BTC-30MAY25-90000-C,105951.8,sell,0.2,0.2,,,,,,1748586498.098
3317,369408212,1748586498169,3,0.151,0.15069077,561.06,BTC-30MAY25-90000-C,105951.8,sell,17.3,17.3,,,,,,1748586498.169
