trade_seq,trade_id,timestamp,tick_direction,price,mark_price,iv,instrument_name,index_price,direction,contracts,block_trade_leg_count,block_trade_id,amount,combo_id,block_rfq_id,unix_sec
712,369581675,1748643949499,2,0.0036,0.00359788,50.78,BTC-25JUL25-150000-C,104556.75,sell,0.4,,,0.4,,,1748643949.499
713,369597040,1748650406100,2,0.003,0.00315668,49.68,BTC-25JUL25-150000-C,104067.35,sell,0.1,,,0.1,,,1748650406.1
714,369597049,1748650407101,3,0.003,0.00315513,49.68,BTC-25JUL25-150000-C,104062.76,sell,0.2,,,0.2,,,1748650407.101
715,369597063,1748650415640,3,0.003,0.00314783,49.69,BTC-25JUL25-150000-C,104052.22,sell,0.1,,,0.1,,,1748650415.64
716,369597072,1748650417140,3,0.003,0.00314733,49.71,BTC-25JUL25-150000-C,104039.69,sell,0.1,,,0.1,,,1748650417.14
717,369597087,1748650420863,3,0.003,0.00313756,49.73,BTC-25JUL25-150000-C,104021.34,sell,0.1,,,0.1,,,1748650420.863
718,369597121,1748650438369,3,0.003,0.00312216,49.76,BTC-25JUL25-150000-C,104002.11,sell,0.1,,,0.1,,,1748650438.369
719,369597130,1748650440324,3,0.003,0.00312163,49.76,BTC-25JUL25-150000-C,103992.52,sell,0.1,,,0.1,,,1748650440.324
720,369597820,1748650586350,3,0.003,0.00303983,49.97,BTC-25JUL25-150000-C,103803.02,sell,0.2,,,0.2,,,1748650586.35
721,369597821,1748650586350,3,0.003,0.00303983,49.97,BTC-25JUL25-150000-C,103803.02,sell,0.1,,,0.1,,,1748650586.35
722,369598049,1748650616333,0,0.0032,0.00304288,50.51,BTC-25JUL25-150000-C,103832.82,buy,0.1,,,0.1,,,1748650616.333
723,369614014,1748659212772,2,0.0029,0.00306757,49.92,BTC-25JUL25-150000-C,103596.59,buy,4.5,,,4.5,,,1748659212.772
725,369614020,1748659220022,3,0.0028,0.00306572,49.61,BTC-25JUL25-150000-C,103599.0,sell,17.0,,,17.0,,,1748659220.022
724,369614019,1748659220022,2,0.0028,0.00306572,49.61,BTC-25JUL25-150000-C,103599.0,sell,1.0,,,1.0,,,1748659220.022
726,369614021,1748659220022,3,0.0028,0.00306572,49.61,BTC-25JUL25-150000-C,103599.0,sell,1.1,,,1.1,,,1748659220.022
727,369614022,1748659220489,3,0.0028,0.00306572,49.61,BTC-25JUL25-150000-C,103599.0,buy,0.1,,,0.1,,,1748659220.489
728,369614028,1748659225076,3,0.0028,0.00306494,49.61,BTC-25JUL25-150000-C,103605.31,buy,0.1,,,0.1,,,1748659225.076
729,369614942,1748660010734,2,0.0027,0.00287467,49.74,BTC-25JUL25-150000-C,103227.61,sell,0.4,,,0.4,,,1748660010.734
730,369614943,1748660010734,3,0.0027,0.00287467,49.74,BTC-25JUL25-150000-C,103227.61,sell,15.8,,,15.8,,,1748660010.734
731,369614993,1748660015421,3,0.0027,0.00287158,49.75,BTC-25JUL25-150000-C,103201.7,sell,1.4,,,1.4,,,1748660015.421
732,369616210,1748660468438,0,0.0028,0.00292863,49.95,BTC-25JUL25-150000-C,103299.77,sell,12.0,,,12.0,,,1748660468.438
733,369625101,1748665855983,0,0.0033,0.00324392,50.76,BTC-25JUL25-150000-C,103806.43,sell,0.1,,,0.1,,,1748665855.983
734,369626599,1748667703741,1,0.0033,0.00329918,50.71,BTC-25JUL25-150000-C,103866.03,sell,0.1,,,0.1,,,1748667703.741
735,369627249,1748668003769,1,0.0033,0.00331747,50.69,BTC-25JUL25-150000-C,103876.57,sell,0.1,,,0.1,,,1748668003.769
737,369659832,1748690024175,3,0.0032,0.00335436,51.21,BTC-25JUL25-150000-C,103399.25,sell,0.5,,,0.5,,,1748690024.175
736,369659831,1748690024175,2,0.0032,0.00335436,51.21,BTC-25JUL25-150000-C,103399.25,sell,0.1,,,0.1,,,1748690024.175
738,369659834,1748690032870,2,0.0031,0.0033536,50.92,BTC-25JUL25-150000-C,103398.12,sell,0.4,,,0.4,,,1748690032.87
739,369664821,1748696469849,0,0.0037,0.00352121,51.86,BTC-25JUL25-150000-C,104050.19,buy,0.3,,,0.3,,,1748696469.849
740,369689159,1748716939917,0,0.004,0.00400045,52.16,BTC-25JUL25-150000-C,104531.5,buy,0.1,,,0.1,,,1748716939.917
741,369690046,1748718490745,0,0.0041,0.00416043,52.21,BTC-25JUL25-150000-C,104730.41,buy,0.1,,,0.1,,,1748718490.745
742,369700031,1748732271166,0,0.0042,0.00427965,52.6,BTC-25JUL25-150000-C,104697.42,sell,1.0,,,1.0,,,1748732271.166
743,369738260,1748783414287,2,0.0036,0.0035517,52.0,BTC-25JUL25-150000-C,104160.29,buy,3.0,,,3.0,,,1748783414.287
744,369749866,1748793681727,2,0.0035,0.00372359,51.07,BTC-25JUL25-150000-C,104755.89,sell,0.1,,,0.1,,,1748793681.727
745,369749867,1748793698388,2,0.0034,0.00372126,50.8,BTC-25JUL25-150000-C,104759.27,sell,0.4,,,0.4,,,1748793698.388
746,369753425,1748794267040,0,0.0036,0.00385432,50.7,BTC-25JUL25-150000-C,105314.99,sell,0.1,,,0.1,,,1748794267.04
747,369787566,1748819750053,0,0.0038,0.00382823,50.8,BTC-25JUL25-150000-C,105827.53,buy,0.2,,,0.2,,,1748819750.053
748,369787567,1748819750053,1,0.0038,0.00382823,50.8,BTC-25JUL25-150000-C,105827.53,buy,0.1,,,0.1,,,1748819750.053
749,369799145,1748830492088,2,0.0032,0.00332307,49.96,BTC-25JUL25-150000-C,105283.52,sell,0.1,,,0.1,,,1748830492.088
750,369801461,1748833084074,2,0.0031,0.00307415,49.91,BTC-25JUL25-150000-C,105077.0,sell,0.1,,,0.1,,,1748833084.074
751,369816069,1748848339390,3,0.0031,0.0030589,49.69,BTC-25JUL25-150000-C,105341.8,buy,0.3,,,0.3,,,1748848339.39
752,369832149,1748857442685,2,0.0027,0.00266022,49.25,BTC-25JUL25-150000-C,104691.26,sell,0.2,,,0.2,,,1748857442.685
753,369833134,1748857899193,2,0.0026,0.00262886,49.04,BTC-25JUL25-150000-C,104587.69,sell,0.1,,,0.1,,,1748857899.193
754,369833170,1748857906340,2,0.0025,0.00262693,48.73,BTC-25JUL25-150000-C,104572.22,sell,0.4,,,0.4,,,1748857906.34
755,369837054,1748859800997,0,0.0026,0.00256667,49.25,BTC-25JUL25-150000-C,104401.55,sell,0.1,,,0.1,,,1748859800.997
756,369888608,1748877387596,2,0.0024,0.00249683,48.93,BTC-25JUL25-150000-C,104210.86,sell,0.1,,,0.1,,,1748877387.596
757,369893047,1748879716823,0,0.0027,0.002591,49.66,BTC-25JUL25-150000-C,104457.31,buy,0.1,,,0.1,,,1748879716.823
758,369901077,1748882902704,1,0.0027,0.00248213,49.93,BTC-25JUL25-150000-C,104231.28,buy,4.0,6.0,BLOCK-202709,4.0,,5210.0,1748882902.704
759,369951331,1748916732719,0,0.0029,0.00293652,48.35,BTC-25JUL25-150000-C,106360.6,sell,0.1,,,0.1,,,1748916732.719
760,369961298,1748926627232,2,0.0028,0.00282702,49.42,BTC-25JUL25-150000-C,105211.86,sell,0.1,,,0.1,,,1748926627.232
761,369979026,1748941536823,3,0.0028,0.00282343,49.59,BTC-25JUL25-150000-C,105158.67,sell,0.5,,,0.5,,,1748941536.823
762,369979032,1748941582857,3,0.0028,0.00281831,49.59,BTC-25JUL25-150000-C,105160.57,buy,0.3,,,0.3,,,1748941582.857
763,369984864,1748946851740,3,0.0028,0.00278881,49.42,BTC-25JUL25-150000-C,105354.78,sell,0.7,,,0.7,,,1748946851.74
764,369988021,1748950171352,2,0.0026,0.00268838,48.89,BTC-25JUL25-150000-C,105286.74,sell,0.1,,,0.1,,,1748950171.352
765,369988022,1748950179636,2,0.0025,0.00268846,48.56,BTC-25JUL25-150000-C,105287.21,sell,0.4,,,0.4,,,1748950179.636
766,369997668,1748958967693,0,0.0027,0.00280689,49.03,BTC-25JUL25-150000-C,105499.84,sell,0.1,,,0.1,,,1748958967.693
767,370004721,1748961921155,0,0.003,0.00309039,48.91,BTC-25JUL25-150000-C,106448.71,buy,1.0,,,1.0,,,1748961921.155
768,370013974,1748964246541,0,0.0032,0.00316752,49.16,BTC-25JUL25-150000-C,106775.97,buy,0.9,,,0.9,,,1748964246.541
769,370034201,1748979185454,1,0.0032,0.00316019,49.66,BTC-25JUL25-150000-C,106440.06,buy,1.0,,,1.0,,,1748979185.454
770,370059689,1749003910733,2,0.0028,0.0029021,49.37,BTC-25JUL25-150000-C,105763.95,sell,0.1,,,0.1,,,1749003910.733
771,370069912,1749020014631,3,0.0028,0.00281335,49.86,BTC-25JUL25-150000-C,105429.31,buy,0.1,,,0.1,,,1749020014.631
772,370084191,1749034446716,0,0.0032,0.00320228,50.78,BTC-25JUL25-150000-C,105712.16,sell,0.1,,,0.1,,,1749034446.716
773,370084952,1749035749865,1,0.0032,0.00322662,50.79,BTC-25JUL25-150000-C,105710.51,sell,0.4,,,0.4,,,1749035749.865
774,370088447,1749038407073,2,0.0031,0.00310441,51.17,BTC-25JUL25-150000-C,105131.49,sell,0.6,,,0.6,,,1749038407.073
775,370091088,1749039971484,3,0.0031,0.00303139,51.36,BTC-25JUL25-150000-C,105000.54,sell,0.4,,,0.4,,,1749039971.484
776,370091092,1749039981538,2,0.0029,0.00303347,50.75,BTC-25JUL25-150000-C,105004.57,sell,0.1,,,0.1,,,1749039981.538
777,370096285,1749043286879,3,0.0029,0.00297558,50.63,BTC-25JUL25-150000-C,105180.34,sell,0.1,,,0.1,,,1749043286.879
778,370097096,1749043829781,3,0.0029,0.00293079,50.83,BTC-25JUL25-150000-C,105018.19,sell,0.1,,,0.1,,,1749043829.781
779,370107945,1749046070488,2,0.0026,0.00271956,50.62,BTC-25JUL25-150000-C,104358.55,sell,0.1,,,0.1,,,1749046070.488
780,370164147,1749100462563,0,0.0028,0.00285951,50.71,BTC-25JUL25-150000-C,105118.92,sell,0.1,,,0.1,,,1749100462.563
781,370164520,1749100978769,2,0.0027,0.0028541,50.46,BTC-25JUL25-150000-C,105063.72,sell,0.2,,,0.2,,,1749100978.769
782,370164521,1749100978769,3,0.0027,0.0028541,50.46,BTC-25JUL25-150000-C,105063.72,sell,0.1,,,0.1,,,1749100978.769
783,370164762,1749101300896,2,0.0026,0.00271924,50.23,BTC-25JUL25-150000-C,104978.87,sell,0.3,,,0.3,,,1749101300.896
784,370164763,1749101300896,3,0.0026,0.00271924,50.23,BTC-25JUL25-150000-C,104978.87,sell,0.1,,,0.1,,,1749101300.896
785,370165190,1749101827676,3,0.0026,0.00261924,50.33,BTC-25JUL25-150000-C,104880.07,sell,0.1,,,0.1,,,1749101827.676
786,370165639,1749102479599,2,0.0024,0.00250113,49.78,BTC-25JUL25-150000-C,104760.76,sell,0.1,,,0.1,,,1749102479.599
787,370165640,1749102479620,3,0.0024,0.00250113,49.78,BTC-25JUL25-150000-C,104760.76,buy,0.9,,,0.9,,,1749102479.62
788,370180674,1749117481770,0,0.0026,0.0025473,50.42,BTC-25JUL25-150000-C,104917.45,buy,9.2,,,9.2,,,1749117481.77
789,370181341,1749118500834,1,0.0026,0.00258286,50.47,BTC-25JUL25-150000-C,104868.17,sell,0.1,,,0.1,,,1749118500.834
790,370181343,1749118509949,2,0.0025,0.00258246,50.13,BTC-25JUL25-150000-C,104869.01,sell,0.4,,,0.4,,,1749118509.949
791,370188296,1749125937941,0,0.0027,0.00268478,50.46,BTC-25JUL25-150000-C,105231.19,buy,3.5,,,3.5,,,1749125937.941
792,370195210,1749128014343,0,0.0028,0.00292738,50.17,BTC-25JUL25-150000-C,105766.62,sell,0.1,,,0.1,,,1749128014.343
793,370201012,1749130676277,2,0.0027,0.00280083,49.98,BTC-25JUL25-150000-C,105655.57,sell,0.1,,,0.1,,,1749130676.277
794,370203615,1749131417706,2,0.0026,0.00259952,50.37,BTC-25JUL25-150000-C,105005.35,sell,0.1,,,0.1,,,1749131417.706
795,370203631,1749131426603,2,0.0025,0.00259836,50.02,BTC-25JUL25-150000-C,105009.14,sell,0.9,,,0.9,,,1749131426.603
796,370225550,1749136708553,3,0.0025,0.00254918,50.63,BTC-25JUL25-150000-C,104474.9,sell,0.1,,,0.1,,,1749136708.553
797,370266677,1749149053119,2,0.0022,0.00221716,51.42,BTC-25JUL25-150000-C,102885.87,sell,0.1,,,0.1,,,1749149053.119
798,370271348,1749150950211,3,0.0022,0.00214813,51.8,BTC-25JUL25-150000-C,102554.64,sell,0.1,,,0.1,,,1749150950.211
799,370274912,1749151108656,2,0.0021,0.00199572,52.22,BTC-25JUL25-150000-C,101826.5,sell,1.0,,,1.0,,,1749151108.656
800,370297931,1749154768301,2,0.002,0.00198978,52.38,BTC-25JUL25-150000-C,101302.82,sell,0.1,,,0.1,,,1749154768.301
801,370320294,1749158003385,3,0.002,0.00203037,53.16,BTC-25JUL25-150000-C,100658.74,sell,2.0,,,2.0,,,1749158003.385
802,370331133,1749160542527,0,0.0024,0.00224589,53.71,BTC-25JUL25-150000-C,101545.74,buy,0.6,,,0.6,,,1749160542.527
803,370331134,1749160542527,1,0.0024,0.00224589,53.71,BTC-25JUL25-150000-C,101545.74,buy,4.4,,,4.4,,,1749160542.527
806,370374083,1749190462165,1,0.0024,0.00224369,52.12,BTC-25JUL25-150000-C,103200.4,buy,0.6,,,0.6,,,1749190462.165
805,370374082,1749190462165,1,0.0024,0.00224369,52.12,BTC-25JUL25-150000-C,103200.4,buy,2.0,,,2.0,,,1749190462.165
804,370374081,1749190462165,1,0.0024,0.00224369,52.12,BTC-25JUL25-150000-C,103200.4,buy,0.6,,,0.6,,,1749190462.165
807,370374099,1749190469430,1,0.0024,0.00224449,52.12,BTC-25JUL25-150000-C,103201.39,buy,2.0,,,2.0,,,1749190469.43
808,370374110,1749190473709,1,0.0024,0.002244,52.12,BTC-25JUL25-150000-C,103201.03,buy,0.6,,,0.6,,,1749190473.709
809,370374111,1749190473711,1,0.0024,0.002244,52.12,BTC-25JUL25-150000-C,103201.03,sell,1.4,,,1.4,,,1749190473.711
810,370374117,1749190477633,1,0.0024,0.00224504,52.11,BTC-25JUL25-150000-C,103208.75,buy,1.1,,,1.1,,,1749190477.633
811,370374118,1749190477635,1,0.0024,0.00224504,52.11,BTC-25JUL25-150000-C,103208.75,sell,0.9,,,0.9,,,1749190477.635
812,370374119,1749190482275,1,0.0024,0.00224471,52.12,BTC-25JUL25-150000-C,103204.76,sell,1.8,,,1.8,,,1749190482.275
813,370374120,1749190482275,1,0.0024,0.00224471,52.12,BTC-25JUL25-150000-C,103204.76,sell,0.2,,,0.2,,,1749190482.275
814,370374121,1749190486679,1,0.0024,0.00224345,52.12,BTC-25JUL25-150000-C,103204.26,sell,2.0,,,2.0,,,1749190486.679
815,370374122,1749190490692,1,0.0024,0.00224329,52.12,BTC-25JUL25-150000-C,103203.19,sell,2.0,,,2.0,,,1749190490.692
816,370374232,1749190495050,1,0.0024,0.00224281,52.12,BTC-25JUL25-150000-C,103204.11,sell,2.0,,,2.0,,,1749190495.05
817,370374243,1749190499178,1,0.0024,0.00225063,52.09,BTC-25JUL25-150000-C,103231.02,sell,2.0,,,2.0,,,1749190499.178
818,370374248,1749190503091,1,0.0024,0.0022504,52.09,BTC-25JUL25-150000-C,103231.41,sell,2.0,,,2.0,,,1749190503.091
819,370374250,1749190507773,1,0.0024,0.00225205,52.09,BTC-25JUL25-150000-C,103233.78,sell,2.0,,,2.0,,,1749190507.773
820,370452381,1749232485362,2,0.0023,0.00242594,50.18,BTC-25JUL25-150000-C,104818.21,sell,0.1,,,0.1,,,1749232485.362
821,370452821,1749232786760,3,0.0023,0.00241548,49.97,BTC-25JUL25-150000-C,105010.53,buy,0.9,,,0.9,,,1749232786.76
822,370498324,1749300158766,0,0.0024,0.00249064,50.04,BTC-25JUL25-150000-C,105696.25,sell,0.1,,,0.1,,,1749300158.766
823,370505939,1749307928406,1,0.0024,0.00251268,50.33,BTC-25JUL25-150000-C,105497.88,sell,0.1,,,0.1,,,1749307928.406
824,370531238,1749368117465,0,0.0025,0.0025403,51.1,BTC-25JUL25-150000-C,105506.91,sell,0.1,,,0.1,,,1749368117.465
825,370531547,1749368742244,1,0.0025,0.00251904,51.11,BTC-25JUL25-150000-C,105491.52,sell,0.1,,,0.1,,,1749368742.244
826,370531679,1749369042269,1,0.0025,0.00251383,51.12,BTC-25JUL25-150000-C,105496.71,sell,0.1,,,0.1,,,1749369042.269
827,370532391,1749369342322,1,0.0025,0.00251554,51.13,BTC-25JUL25-150000-C,105478.4,sell,0.1,,,0.1,,,1749369342.322
829,370536711,1749375031770,3,0.0024,0.00253034,51.01,BTC-25JUL25-150000-C,105281.42,sell,0.1,,,0.1,,,1749375031.77
828,370536710,1749375031770,2,0.0024,0.00253034,51.01,BTC-25JUL25-150000-C,105281.42,sell,1.9,,,1.9,,,1749375031.77
830,370550198,1749389631692,3,0.0024,0.0023618,50.38,BTC-25JUL25-150000-C,105863.11,buy,8.0,,,8.0,,,1749389631.692
831,370550199,1749389631819,3,0.0024,0.00236024,50.38,BTC-25JUL25-150000-C,105864.35,sell,0.1,,,0.1,,,1749389631.819
832,370556046,1749393986210,3,0.0024,0.00238362,50.53,BTC-25JUL25-150000-C,105784.01,sell,0.1,,,0.1,,,1749393986.21
833,370592457,1749446504283,2,0.0022,0.0022447,50.47,BTC-25JUL25-150000-C,105510.16,sell,0.1,,,0.1,,,1749446504.283
834,370592472,1749446545885,2,0.0021,0.00223086,50.1,BTC-25JUL25-150000-C,105500.78,sell,0.6,,,0.6,,,1749446545.885
835,370604445,1749461973945,0,0.0023,0.00236288,49.99,BTC-25JUL25-150000-C,106359.79,buy,0.5,,,0.5,,,1749461973.945
836,370604564,1749461997585,0,0.0024,0.00236531,50.36,BTC-25JUL25-150000-C,106359.28,sell,0.1,,,0.1,,,1749461997.585
837,370622061,1749467788451,0,0.0025,0.00253927,49.45,BTC-25JUL25-150000-C,107498.6,buy,0.3,,,0.3,,,1749467788.451
838,370622404,1749467796498,0,0.0026,0.00253461,49.83,BTC-25JUL25-150000-C,107462.17,sell,0.1,,,0.1,,,1749467796.498
839,370672455,1749488975153,2,0.0025,0.00248981,48.84,BTC-25JUL25-150000-C,108162.71,sell,0.1,,,0.1,,,1749488975.153
840,370684212,1749495201419,2,0.0024,0.00240895,48.27,BTC-25JUL25-150000-C,108411.04,sell,0.1,,,0.1,,,1749495201.419
841,370685686,1749496489625,0,0.0025,0.0024176,48.42,BTC-25JUL25-150000-C,108583.93,buy,2.1,,,2.1,,,1749496489.625
842,370686309,1749496865296,1,0.0025,0.00243973,48.39,BTC-25JUL25-150000-C,108616.2,sell,0.1,,,0.1,,,1749496865.296
843,370707226,1749504596074,0,0.0028,0.00292043,47.57,BTC-25JUL25-150000-C,110249.16,buy,0.1,,,0.1,,,1749504596.074
844,370717306,1749505592963,1,0.0028,0.00282886,47.9,BTC-25JUL25-150000-C,110007.51,sell,50.0,2.0,BLOCK-204145,50.0,BTC-CS-25JUL25-135000_150000,,1749505592.963
845,370722081,1749506920443,1,0.0028,0.00283088,47.92,BTC-25JUL25-150000-C,109946.07,sell,0.1,,,0.1,,,1749506920.443
846,370723499,1749507573266,0,0.0029,0.00285594,48.09,BTC-25JUL25-150000-C,110086.12,sell,0.1,,,0.1,,,1749507573.266
847,370727699,1749508886984,0,0.003,0.00296184,48.24,BTC-25JUL25-150000-C,110207.23,buy,0.1,,,0.1,,,1749508886.984
848,370727700,1749508886984,1,0.003,0.00296184,48.24,BTC-25JUL25-150000-C,110207.23,buy,0.1,,,0.1,,,1749508886.984
849,370730285,1749509850876,0,0.0031,0.00303499,48.55,BTC-25JUL25-150000-C,110176.75,sell,0.1,,,0.1,,,1749509850.876
850,370730994,1749510150922,1,0.0031,0.00309595,48.44,BTC-25JUL25-150000-C,110261.49,sell,0.1,,,0.1,,,1749510150.922
851,370731783,1749510600624,1,0.0031,0.00304528,48.68,BTC-25JUL25-150000-C,110064.16,sell,0.1,,,0.1,,,1749510600.624
852,370732214,1749510819692,2,0.003,0.00302637,48.52,BTC-25JUL25-150000-C,109942.92,sell,2.0,,,2.0,,,1749510819.692
853,370736688,1749513656711,3,0.003,0.00295608,48.21,BTC-25JUL25-150000-C,110238.87,sell,0.1,,,0.1,,,1749513656.711
854,370738006,1749514565534,3,0.003,0.00296258,48.4,BTC-25JUL25-150000-C,110068.73,sell,0.1,,,0.1,,,1749514565.534
855,370738367,1749514920734,3,0.003,0.00300586,48.41,BTC-25JUL25-150000-C,110056.49,sell,0.1,,,0.1,,,1749514920.734
856,370741816,1749517135978,2,0.0029,0.00293232,48.21,BTC-25JUL25-150000-C,109990.04,sell,0.1,,,0.1,,,1749517135.978
857,370742217,1749517436161,3,0.0029,0.00289823,48.34,BTC-25JUL25-150000-C,109894.58,sell,0.1,,,0.1,,,1749517436.161
858,370742739,1749517870168,3,0.0029,0.00291137,48.36,BTC-25JUL25-150000-C,109879.93,sell,0.1,,,0.1,,,1749517870.168
859,370749692,1749523748431,3,0.0029,0.0028284,48.62,BTC-25JUL25-150000-C,109672.08,sell,0.1,,,0.1,,,1749523748.431
860,370751269,1749524914943,2,0.0028,0.00277143,48.58,BTC-25JUL25-150000-C,109441.86,sell,0.1,,,0.1,,,1749524914.943
861,370754973,1749528815302,3,0.0028,0.00278332,48.54,BTC-25JUL25-150000-C,109503.35,sell,0.1,,,0.1,,,1749528815.302
862,370761672,1749535700071,2,0.0026,0.00265738,48.25,BTC-25JUL25-150000-C,109210.96,sell,0.1,,,0.1,,,1749535700.071
863,370761678,1749535717692,2,0.0025,0.00265367,47.92,BTC-25JUL25-150000-C,109206.73,sell,9.9,,,9.9,,,1749535717.692
864,370768841,1749541017871,0,0.0028,0.00276013,48.9,BTC-25JUL25-150000-C,109260.44,sell,0.1,,,0.1,,,1749541017.871
865,370793494,1749558148090,1,0.0028,0.002809,48.58,BTC-25JUL25-150000-C,109545.62,sell,1.0,,,1.0,,,1749558148.09
866,370799661,1749562854029,2,0.0026,0.00261938,48.05,BTC-25JUL25-150000-C,109460.31,sell,0.1,,,0.1,,,1749562854.029
867,370800953,1749563068745,2,0.0023,0.00248635,47.45,BTC-25JUL25-150000-C,109094.26,sell,0.3,,,0.3,,,1749563068.745
868,370801842,1749563214287,0,0.0024,0.00244288,47.93,BTC-25JUL25-150000-C,108959.49,sell,0.1,,,0.1,,,1749563214.287
869,370802035,1749563226812,2,0.0023,0.00242234,47.64,BTC-25JUL25-150000-C,108932.22,sell,0.9,,,0.9,,,1749563226.812
870,370803185,1749563711530,0,0.0025,0.00248087,48.01,BTC-25JUL25-150000-C,109223.11,sell,0.1,,,0.1,,,1749563711.53
871,370803911,1749564138674,1,0.0025,0.00250056,47.94,BTC-25JUL25-150000-C,109289.37,sell,0.1,,,0.1,,,1749564138.674
872,370814063,1749567460689,2,0.0023,0.00230101,47.98,BTC-25JUL25-150000-C,108669.83,sell,0.1,,,0.1,,,1749567460.689
873,370814915,1749567762264,3,0.0023,0.00229,48.03,BTC-25JUL25-150000-C,108630.65,sell,0.1,,,0.1,,,1749567762.264
874,370816253,1749568379497,0,0.0024,0.00237165,47.96,BTC-25JUL25-150000-C,109002.43,buy,3.9,,,3.9,,,1749568379.497
875,370816404,1749568399509,1,0.0024,0.00240816,47.84,BTC-25JUL25-150000-C,109116.55,sell,0.1,,,0.1,,,1749568399.509
876,370817897,1749569326673,1,0.0024,0.00245243,47.8,BTC-25JUL25-150000-C,109163.43,sell,0.1,,,0.1,,,1749569326.673
877,370819935,1749569748906,2,0.0023,0.00229571,48.06,BTC-25JUL25-150000-C,108604.6,sell,0.1,,,0.1,,,1749569748.906
878,370840423,1749583494708,0,0.0025,0.00257608,47.5,BTC-25JUL25-150000-C,109800.09,buy,0.1,,,0.1,,,1749583494.708
879,370843081,1749584013232,0,0.0026,0.00270188,47.36,BTC-25JUL25-150000-C,110229.41,buy,0.2,,,0.2,,,1749584013.232
880,370843175,1749584024575,0,0.0027,0.0027126,47.66,BTC-25JUL25-150000-C,110243.28,sell,0.1,,,0.1,,,1749584024.575
881,370870869,1749605062748,2,0.0024,0.0023931,47.53,BTC-25JUL25-150000-C,109608.18,sell,0.1,,,0.1,,,1749605062.748
882,370875041,1749613309132,3,0.0024,0.00234177,47.46,BTC-25JUL25-150000-C,109734.82,buy,2.0,,,2.0,,,1749613309.132
883,370884773,1749628627832,3,0.0024,0.00228584,47.83,BTC-25JUL25-150000-C,109468.75,buy,0.1,,,0.1,,,1749628627.832
884,370884774,1749628627832,3,0.0024,0.00228584,47.83,BTC-25JUL25-150000-C,109468.75,buy,2.1,,,2.1,,,1749628627.832
885,370890514,1749633482606,2,0.0022,0.00226644,47.1,BTC-25JUL25-150000-C,109532.64,sell,0.1,,,0.1,,,1749633482.606
886,370890701,1749633662311,3,0.0022,0.00226828,47.08,BTC-25JUL25-150000-C,109547.67,buy,0.1,,,0.1,,,1749633662.311
887,370891398,1749634201233,3,0.0022,0.00223844,47.2,BTC-25JUL25-150000-C,109475.26,sell,0.1,,,0.1,,,1749634201.233
888,370893948,1749637151147,3,0.0022,0.0022387,47.44,BTC-25JUL25-150000-C,109284.1,sell,0.1,,,0.1,,,1749637151.147
889,370894099,1749637691164,2,0.0021,0.00222111,47.08,BTC-25JUL25-150000-C,109282.96,sell,0.1,,,0.1,,,1749637691.164
890,370895559,1749640900084,0,0.0023,0.00223996,47.82,BTC-25JUL25-150000-C,109293.87,buy,0.1,,,0.1,,,1749640900.084
891,370895824,1749641584141,1,0.0023,0.00224246,47.81,BTC-25JUL25-150000-C,109302.0,buy,0.2,,,0.2,,,1749641584.141
892,370898823,1749644026547,2,0.0022,0.00227184,47.35,BTC-25JUL25-150000-C,109414.18,sell,0.1,,,0.1,,,1749644026.547
893,370899023,1749644235754,2,0.0021,0.00219681,47.23,BTC-25JUL25-150000-C,109198.39,buy,0.2,,,0.2,,,1749644235.754
894,370908432,1749647096285,0,0.0023,0.00232101,47.51,BTC-25JUL25-150000-C,109600.2,buy,0.2,,,0.2,,,1749647096.285
895,370916705,1749651081536,0,0.0024,0.00236247,47.62,BTC-25JUL25-150000-C,109798.9,buy,0.2,,,0.2,,,1749651081.536
896,370916719,1749651090270,0,0.0025,0.00235216,48.01,BTC-25JUL25-150000-C,109759.84,buy,9.9,,,9.9,,,1749651090.27
897,370916720,1749651090270,1,0.0025,0.00235216,48.01,BTC-25JUL25-150000-C,109759.84,buy,0.6,,,0.6,,,1749651090.27
898,370916721,1749651090275,1,0.0025,0.00235216,48.01,BTC-25JUL25-150000-C,109759.84,sell,0.5,,,0.5,,,1749651090.275
899,370916741,1749651098445,0,0.0026,0.00235255,48.33,BTC-25JUL25-150000-C,109772.8,buy,1.6,,,1.6,,,1749651098.445
900,370916742,1749651098453,1,0.0026,0.00235255,48.33,BTC-25JUL25-150000-C,109772.8,sell,37.2,,,37.2,,,1749651098.453
901,370916747,1749651098621,2,0.0023,0.00235459,47.29,BTC-25JUL25-150000-C,109778.05,buy,12.6,2.0,BLOCK-204627,12.6,BTC-CS-25JUL25-140000_150000,,1749651098.621
902,370927276,1749654714803,0,0.0024,0.00238064,47.63,BTC-25JUL25-150000-C,109794.22,sell,0.1,,,0.1,,,1749654714.803
903,370928067,1749655074819,2,0.0023,0.00232027,47.36,BTC-25JUL25-150000-C,109737.2,sell,0.1,,,0.1,,,1749655074.819
904,370931215,1749658058050,3,0.0023,0.00218919,47.63,BTC-25JUL25-150000-C,109520.36,sell,0.1,,,0.1,,,1749658058.05
905,370932635,1749658838962,2,0.0021,0.00220075,46.86,BTC-25JUL25-150000-C,109530.14,sell,0.1,,,0.1,,,1749658838.962
906,370932883,1749659019257,3,0.0021,0.00220121,46.85,BTC-25JUL25-150000-C,109550.84,buy,0.1,,,0.1,,,1749659019.257
907,370936612,1749662303549,0,0.0022,0.00222334,47.24,BTC-25JUL25-150000-C,109572.71,sell,0.1,,,0.1,,,1749662303.549
908,370937795,1749662902979,1,0.0022,0.00226126,47.05,BTC-25JUL25-150000-C,109737.07,sell,0.1,,,0.1,,,1749662902.979
909,370947117,1749665830519,2,0.002,0.00204688,47.58,BTC-25JUL25-150000-C,108612.52,sell,0.1,,,0.1,,,1749665830.519
910,370948805,1749666430259,2,0.0019,0.00204584,47.11,BTC-25JUL25-150000-C,108691.63,sell,0.1,,,0.1,,,1749666430.259
911,370953750,1749669624170,3,0.0019,0.00197477,46.98,BTC-25JUL25-150000-C,108826.97,sell,0.1,,,0.1,,,1749669624.17
912,370954445,1749670223625,3,0.0019,0.00196806,46.88,BTC-25JUL25-150000-C,108917.2,sell,0.1,,,0.1,,,1749670223.625
913,370961289,1749676314187,3,0.0019,0.00200454,46.69,BTC-25JUL25-150000-C,109115.27,sell,0.1,,,0.1,,,1749676314.187
914,370961970,1749676434770,3,0.0019,0.00201755,46.58,BTC-25JUL25-150000-C,109214.41,buy,0.1,,,0.1,,,1749676434.77
915,370967332,1749678589805,0,0.002,0.00205085,47.65,BTC-25JUL25-150000-C,108676.39,sell,2.0,,,2.0,,,1749678589.805
916,370985245,1749694629077,2,0.0017,0.00159177,46.63,BTC-25JUL25-150000-C,108625.27,buy,10.0,,,10.0,,,1749694629.077
917,371032595,1749727884692,0,0.0018,0.00154534,49.03,BTC-25JUL25-150000-C,107038.01,buy,1.0,,,1.0,,,1749727884.692
918,371184639,1749774751028,2,0.0016,0.00145638,52.04,BTC-25JUL25-150000-C,103868.69,buy,0.2,,,0.2,,,1749774751.028
919,371184640,1749774751031,3,0.0016,0.00145638,52.04,BTC-25JUL25-150000-C,103868.69,sell,9.8,,,9.8,,,1749774751.031
920,371253428,1749785980389,3,0.0016,0.00159254,51.76,BTC-25JUL25-150000-C,104231.92,sell,1.0,,,1.0,,,1749785980.389
922,371364928,1749825103905,3,0.0015,0.00158646,51.46,BTC-25JUL25-150000-C,104280.46,sell,0.1,,,0.1,,,1749825103.905
921,371364927,1749825103905,2,0.0015,0.00158646,51.46,BTC-25JUL25-150000-C,104280.46,sell,0.1,,,0.1,,,1749825103.905
923,371364929,1749825103905,3,0.0015,0.00158646,51.46,BTC-25JUL25-150000-C,104280.46,sell,1.8,,,1.8,,,1749825103.905
924,371381005,1749830137780,0,0.0016,0.00159924,50.64,BTC-25JUL25-150000-C,105500.71,sell,0.1,,,0.1,,,1749830137.78
925,371392086,1749835714736,2,0.0015,0.00154071,50.54,BTC-25JUL25-150000-C,105183.28,sell,0.1,,,0.1,,,1749835714.736
926,371455571,1749886208761,2,0.0014,0.00150435,50.5,BTC-25JUL25-150000-C,105029.6,sell,0.1,,,0.1,,,1749886208.761
927,371468182,1749900868465,0,0.0016,0.00144482,51.63,BTC-25JUL25-150000-C,105084.06,buy,1.0,,,1.0,,,1749900868.465
928,371472738,1749911283716,2,0.0013,0.00134393,50.16,BTC-25JUL25-150000-C,105065.37,sell,1.0,,,1.0,,,1749911283.716
929,371489715,1749930692218,0,0.0014,0.00135946,51.19,BTC-25JUL25-150000-C,104755.69,sell,0.2,,,0.2,,,1749930692.218
930,371505403,1749950087210,2,0.0013,0.00141618,49.77,BTC-25JUL25-150000-C,105622.01,sell,0.5,,,0.5,,,1749950087.21
931,371505633,1749950422877,3,0.0013,0.00139497,49.89,BTC-25JUL25-150000-C,105526.44,sell,0.5,,,0.5,,,1749950422.877
932,371518625,1749974635637,3,0.0013,0.00140221,50.16,BTC-25JUL25-150000-C,105450.5,sell,14.0,,,14.0,,,1749974635.637
933,371526716,1749987443768,2,0.0011,0.00121817,49.52,BTC-25JUL25-150000-C,105030.16,sell,1.0,,,1.0,,,1749987443.768
935,371545675,1750016504166,1,0.0012,0.00120367,50.2,BTC-25JUL25-150000-C,105206.94,sell,0.5,,,0.5,,,1750016504.166
934,371545674,1750016504166,0,0.0012,0.00120367,50.2,BTC-25JUL25-150000-C,105206.94,sell,0.1,,,0.1,,,1750016504.166
936,371545676,1750016504166,1,0.0012,0.00120367,50.2,BTC-25JUL25-150000-C,105206.94,sell,0.5,,,0.5,,,1750016504.166
937,371585379,1750051848690,1,0.0012,0.00117213,48.62,BTC-25JUL25-150000-C,106710.09,buy,0.1,,,0.1,,,1750051848.69
938,371600457,1750062879172,1,0.0012,0.00119201,48.35,BTC-25JUL25-150000-C,107021.45,sell,0.1,,,0.1,,,1750062879.172
939,371605437,1750068178442,1,0.0012,0.00117412,48.47,BTC-25JUL25-150000-C,106953.55,sell,0.1,,,0.1,,,1750068178.442
940,371606849,1750069133275,1,0.0012,0.00118304,48.26,BTC-25JUL25-150000-C,107165.73,sell,0.1,,,0.1,,,1750069133.275
941,371606998,1750069433331,1,0.0012,0.00117238,48.3,BTC-25JUL25-150000-C,107124.01,sell,0.1,,,0.1,,,1750069433.331
942,371607191,1750069733357,1,0.0012,0.0011717,48.3,BTC-25JUL25-150000-C,107119.86,sell,0.1,,,0.1,,,1750069733.357
943,371607379,1750070033386,1,0.0012,0.00116436,48.36,BTC-25JUL25-150000-C,107068.85,sell,0.1,,,0.1,,,1750070033.386
944,371607523,1750070333407,1,0.0012,0.00116772,48.42,BTC-25JUL25-150000-C,107024.1,sell,0.1,,,0.1,,,1750070333.407
945,371607641,1750070633442,1,0.0012,0.00116873,48.49,BTC-25JUL25-150000-C,106961.15,sell,0.1,,,0.1,,,1750070633.442
946,371608255,1750071021901,1,0.0012,0.00115959,48.64,BTC-25JUL25-150000-C,106831.12,sell,0.1,,,0.1,,,1750071021.901
947,371608590,1750071321929,1,0.0012,0.00117042,48.65,BTC-25JUL25-150000-C,106818.23,sell,0.1,,,0.1,,,1750071321.929
948,371608708,1750071621956,1,0.0012,0.00117547,48.64,BTC-25JUL25-150000-C,106819.5,sell,0.1,,,0.1,,,1750071621.956
949,371609045,1750071921983,1,0.0012,0.00117526,48.67,BTC-25JUL25-150000-C,106801.29,sell,0.1,,,0.1,,,1750071921.983
950,371609307,1750072222011,1,0.0012,0.00117165,48.68,BTC-25JUL25-150000-C,106801.56,sell,0.1,,,0.1,,,1750072222.011
951,371609445,1750072522034,1,0.0012,0.00117141,48.7,BTC-25JUL25-150000-C,106769.59,sell,0.1,,,0.1,,,1750072522.034
952,371610081,1750072822051,1,0.0012,0.00116224,48.8,BTC-25JUL25-150000-C,106693.4,sell,0.1,,,0.1,,,1750072822.051
953,371610583,1750073122107,1,0.0012,0.0011519,48.92,BTC-25JUL25-150000-C,106600.59,sell,0.1,,,0.1,,,1750073122.107
954,371611657,1750073422120,1,0.0012,0.00117422,48.82,BTC-25JUL25-150000-C,106690.17,sell,0.1,,,0.1,,,1750073422.12
955,371611947,1750073693316,2,0.0011,0.00118185,48.14,BTC-25JUL25-150000-C,106759.37,sell,0.5,,,0.5,,,1750073693.316
956,371611997,1750073721578,3,0.0011,0.00118907,48.08,BTC-25JUL25-150000-C,106803.01,sell,0.5,,,0.5,,,1750073721.578
957,371611998,1750073722146,0,0.0012,0.00118907,48.7,BTC-25JUL25-150000-C,106803.01,sell,0.1,,,0.1,,,1750073722.146
958,371613961,1750075609178,1,0.0012,0.00115286,48.68,BTC-25JUL25-150000-C,106826.16,sell,0.1,,,0.1,,,1750075609.178
959,371614267,1750075909216,1,0.0012,0.00114802,48.7,BTC-25JUL25-150000-C,106808.37,sell,0.1,,,0.1,,,1750075909.216
960,371615412,1750076631248,1,0.0012,0.0011623,48.72,BTC-25JUL25-150000-C,106805.81,sell,0.1,,,0.1,,,1750076631.248
961,371615831,1750076931303,1,0.0012,0.00116108,48.85,BTC-25JUL25-150000-C,106683.71,sell,0.1,,,0.1,,,1750076931.303
962,371617972,1750079233587,1,0.0012,0.00117833,48.98,BTC-25JUL25-150000-C,106600.99,sell,0.1,,,0.1,,,1750079233.587
963,371618915,1750080506288,1,0.0012,0.00120001,48.93,BTC-25JUL25-150000-C,106656.33,sell,0.1,,,0.1,,,1750080506.288
964,371618916,1750080523470,2,0.0011,0.00119932,48.31,BTC-25JUL25-150000-C,106652.63,sell,0.1,,,0.1,,,1750080523.47
965,371618984,1750080600020,3,0.0011,0.00119979,48.31,BTC-25JUL25-150000-C,106658.48,sell,0.1,,,0.1,,,1750080600.02
966,371620242,1750080821180,0,0.0012,0.00119647,48.92,BTC-25JUL25-150000-C,106675.15,sell,0.1,,,0.1,,,1750080821.18
967,371641064,1750087080156,0,0.0013,0.00137228,48.41,BTC-25JUL25-150000-C,107664.26,sell,0.1,,,0.1,,,1750087080.156
968,371641065,1750087080167,1,0.0013,0.00137228,48.41,BTC-25JUL25-150000-C,107664.26,buy,0.9,,,0.9,,,1750087080.167
969,371641373,1750087217699,1,0.0013,0.00135839,48.47,BTC-25JUL25-150000-C,107617.52,buy,1.0,,,1.0,,,1750087217.699
970,371645411,1750089471899,1,0.0013,0.00131233,48.77,BTC-25JUL25-150000-C,107374.42,sell,0.1,,,0.1,,,1750089471.899
971,371645412,1750089471907,1,0.0013,0.00131233,48.77,BTC-25JUL25-150000-C,107374.42,buy,0.9,,,0.9,,,1750089471.907
972,371674030,1750103951322,0,0.0014,0.0013593,48.03,BTC-25JUL25-150000-C,108583.25,sell,0.1,,,0.1,,,1750103951.322
973,371677549,1750105330082,2,0.0013,0.00136105,47.47,BTC-25JUL25-150000-C,108596.92,sell,0.1,,,0.1,,,1750105330.082
974,371677550,1750105330089,3,0.0013,0.00136105,47.47,BTC-25JUL25-150000-C,108596.92,buy,0.4,,,0.4,,,1750105330.089
975,371677966,1750105666948,0,0.0014,0.0013809,47.91,BTC-25JUL25-150000-C,108691.33,sell,0.1,,,0.1,,,1750105666.948
976,371681027,1750107589385,1,0.0014,0.00139143,47.79,BTC-25JUL25-150000-C,108826.87,sell,0.1,,,0.1,,,1750107589.385
977,371684113,1750109772609,2,0.0013,0.00133464,47.71,BTC-25JUL25-150000-C,108448.61,sell,0.1,,,0.1,,,1750109772.609
978,371684558,1750110072650,3,0.0013,0.00133084,47.63,BTC-25JUL25-150000-C,108497.4,sell,0.1,,,0.1,,,1750110072.65
979,371684827,1750110372669,3,0.0013,0.00133149,47.55,BTC-25JUL25-150000-C,108566.27,sell,0.1,,,0.1,,,1750110372.669
980,371692209,1750113562923,3,0.0013,0.00128809,48.11,BTC-25JUL25-150000-C,108118.7,sell,0.1,,,0.1,,,1750113562.923
981,371693498,1750113745881,3,0.0013,0.00126404,48.41,BTC-25JUL25-150000-C,107836.79,sell,0.1,,,0.1,,,1750113745.881
982,371696973,1750114048183,3,0.0013,0.00128934,48.48,BTC-25JUL25-150000-C,107775.22,sell,0.1,,,0.1,,,1750114048.183
983,371703364,1750115955819,3,0.0013,0.00132674,48.53,BTC-25JUL25-150000-C,107764.4,sell,0.1,,,0.1,,,1750115955.819
984,371704032,1750116255862,3,0.0013,0.00126565,48.72,BTC-25JUL25-150000-C,107609.4,sell,0.1,,,0.1,,,1750116255.862
985,371704870,1750116555942,3,0.0013,0.00126228,48.71,BTC-25JUL25-150000-C,107606.25,sell,0.1,,,0.1,,,1750116555.942
986,371705390,1750116855962,3,0.0013,0.00123433,48.86,BTC-25JUL25-150000-C,107488.84,sell,0.1,,,0.1,,,1750116855.962
987,371706385,1750116930392,2,0.0012,0.00119393,48.57,BTC-25JUL25-150000-C,107215.24,sell,0.4,,,0.4,,,1750116930.392
988,371708867,1750117320241,0,0.0013,0.00120013,49.2,BTC-25JUL25-150000-C,107170.01,sell,0.1,,,0.1,,,1750117320.241
989,371713966,1750118323541,2,0.0012,0.00117724,49.05,BTC-25JUL25-150000-C,106796.41,sell,0.1,,,0.1,,,1750118323.541
990,371715363,1750118623581,3,0.0012,0.00117192,49.15,BTC-25JUL25-150000-C,106730.67,sell,0.1,,,0.1,,,1750118623.581
991,371735517,1750127289229,2,0.0011,0.00111835,48.47,BTC-25JUL25-150000-C,106773.3,sell,0.1,,,0.1,,,1750127289.229
992,371752501,1750140617168,0,0.0012,0.00114671,48.7,BTC-25JUL25-150000-C,107255.35,sell,0.1,,,0.1,,,1750140617.168
993,371762494,1750146126297,1,0.0012,0.0009936,49.46,BTC-25JUL25-150000-C,106667.83,buy,10.0,,,10.0,,,1750146126.297
994,371765284,1750147921253,2,0.0009,0.00098885,47.39,BTC-25JUL25-150000-C,106753.21,buy,1.0,,,1.0,,,1750147921.253
995,371765607,1750148291288,0,0.001,0.00098438,48.11,BTC-25JUL25-150000-C,106735.95,sell,0.1,,,0.1,,,1750148291.288
996,371765968,1750148591299,1,0.001,0.00098329,48.17,BTC-25JUL25-150000-C,106686.74,sell,0.1,,,0.1,,,1750148591.299
997,371766415,1750148891421,1,0.001,0.00102932,47.99,BTC-25JUL25-150000-C,106835.84,sell,0.1,,,0.1,,,1750148891.421
998,371766642,1750149191456,1,0.001,0.00101741,48.01,BTC-25JUL25-150000-C,106827.8,sell,0.1,,,0.1,,,1750149191.456
999,371770847,1750152632550,2,0.0009,0.00094106,47.8,BTC-25JUL25-150000-C,106417.84,sell,0.1,,,0.1,,,1750152632.55
1000,371771167,1750152932593,3,0.0009,0.00093871,47.82,BTC-25JUL25-150000-C,106406.61,sell,0.1,,,0.1,,,1750152932.593
1001,371772097,1750153232649,3,0.0009,0.00093004,47.95,BTC-25JUL25-150000-C,106280.0,sell,0.1,,,0.1,,,1750153232.649
1002,371772570,1750153681338,3,0.0009,0.00093302,48.0,BTC-25JUL25-150000-C,106241.75,sell,0.1,,,0.1,,,1750153681.338
1003,371773229,1750154113707,3,0.0009,0.00094377,48.04,BTC-25JUL25-150000-C,106210.0,sell,0.1,,,0.1,,,1750154113.707
1005,371773231,1750154113729,3,0.0009,0.00094377,48.04,BTC-25JUL25-150000-C,106210.0,sell,0.1,,,0.1,,,1750154113.729
1004,371773230,1750154113729,3,0.0009,0.00094377,48.04,BTC-25JUL25-150000-C,106210.0,sell,0.9,,,0.9,,,1750154113.729
1006,371773909,1750154418274,3,0.0009,0.00094199,48.06,BTC-25JUL25-150000-C,106173.64,sell,0.1,,,0.1,,,1750154418.274
1007,371775154,1750155386057,3,0.0009,0.0009464,48.09,BTC-25JUL25-150000-C,106159.82,sell,0.1,,,0.1,,,1750155386.057
1008,371775624,1750155770876,3,0.0009,0.00093751,48.17,BTC-25JUL25-150000-C,106096.75,sell,0.1,,,0.1,,,1750155770.876
1009,371776426,1750156412233,3,0.0009,0.00088902,48.24,BTC-25JUL25-150000-C,106028.52,sell,0.1,,,0.1,,,1750156412.233
1010,371778859,1750156904681,3,0.0009,0.00084776,48.46,BTC-25JUL25-150000-C,105829.74,buy,1.0,,,1.0,,,1750156904.681
1011,371779069,1750157036025,3,0.0009,0.00084602,48.45,BTC-25JUL25-150000-C,105848.59,buy,1.0,,,1.0,,,1750157036.025
1012,371779134,1750157084997,3,0.0009,0.00084082,48.49,BTC-25JUL25-150000-C,105816.95,buy,0.1,,,0.1,,,1750157084.997
1013,371783839,1750160451409,2,0.0008,0.0008285,48.03,BTC-25JUL25-150000-C,105546.06,sell,0.1,,,0.1,,,1750160451.409
1014,371801174,1750168204770,3,0.0008,0.00081864,48.27,BTC-25JUL25-150000-C,105366.62,sell,0.1,,,0.1,,,1750168204.77
1015,371815375,1750172569755,0,0.0009,0.00081351,49.66,BTC-25JUL25-150000-C,104815.01,sell,0.1,,,0.1,,,1750172569.755
1016,371820911,1750173542781,1,0.0009,0.00081457,50.02,BTC-25JUL25-150000-C,104506.3,sell,0.1,,,0.1,,,1750173542.781
1017,371822715,1750173909862,2,0.0008,0.00082191,49.3,BTC-25JUL25-150000-C,104461.53,sell,0.1,,,0.1,,,1750173909.862
1018,371825204,1750174353505,3,0.0008,0.00082771,49.49,BTC-25JUL25-150000-C,104291.13,sell,0.1,,,0.1,,,1750174353.505
1019,371842411,1750177715863,0,0.0009,0.00085017,50.41,BTC-25JUL25-150000-C,104233.78,sell,0.1,,,0.1,,,1750177715.863
1020,371851637,1750179227529,2,0.0008,0.00078244,50.32,BTC-25JUL25-150000-C,103603.87,sell,0.1,,,0.1,,,1750179227.529
1021,371859753,1750180054065,3,0.0008,0.0008231,50.57,BTC-25JUL25-150000-C,103401.55,sell,0.1,,,0.1,,,1750180054.065
1022,371900044,1750194639640,0,0.0009,0.00092062,50.49,BTC-25JUL25-150000-C,104303.04,sell,0.1,,,0.1,,,1750194639.64
1023,371913531,1750205682016,2,0.0008,0.00083733,49.42,BTC-25JUL25-150000-C,104601.19,sell,0.1,,,0.1,,,1750205682.016
1024,371933864,1750227554004,3,0.0008,0.00084665,48.58,BTC-25JUL25-150000-C,105488.98,sell,0.1,,,0.1,,,1750227554.004
1025,371934766,1750228228270,3,0.0008,0.00082995,48.78,BTC-25JUL25-150000-C,105327.7,sell,0.1,,,0.1,,,1750228228.27
1026,371935897,1750229188166,3,0.0008,0.00078294,49.11,BTC-25JUL25-150000-C,105044.86,sell,0.1,,,0.1,,,1750229188.166
1027,371939449,1750231336777,3,0.0008,0.0007929,49.24,BTC-25JUL25-150000-C,104934.56,sell,0.1,,,0.1,,,1750231336.777
1028,371939626,1750231636818,3,0.0008,0.00081247,49.22,BTC-25JUL25-150000-C,104961.41,sell,0.1,,,0.1,,,1750231636.818
1029,371939916,1750231940028,3,0.0008,0.00081655,49.25,BTC-25JUL25-150000-C,104940.04,sell,0.1,,,0.1,,,1750231940.028
1030,371940787,1750232397195,3,0.0008,0.00081571,49.21,BTC-25JUL25-150000-C,104993.32,sell,0.1,,,0.1,,,1750232397.195
1031,371941897,1750232924072,3,0.0008,0.00079325,49.26,BTC-25JUL25-150000-C,104965.57,sell,0.1,,,0.1,,,1750232924.072
1032,371950287,1750238311090,3,0.0008,0.00081335,49.25,BTC-25JUL25-150000-C,105012.58,sell,0.1,,,0.1,,,1750238311.09
1033,371973470,1750251906238,3,0.0008,0.0008225,50.13,BTC-25JUL25-150000-C,104369.78,sell,0.1,,,0.1,,,1750251906.238
1034,371986644,1750254736793,3,0.0008,0.00077135,50.52,BTC-25JUL25-150000-C,104086.88,sell,0.1,,,0.1,,,1750254736.793
1035,371993805,1750255855376,3,0.0008,0.00084956,49.63,BTC-25JUL25-150000-C,104814.5,sell,0.1,,,0.1,,,1750255855.376
1036,371998679,1750256764412,3,0.0008,0.00085963,49.19,BTC-25JUL25-150000-C,105208.95,sell,0.1,,,0.1,,,1750256764.412
1037,371999529,1750257067112,3,0.0008,0.00080802,49.41,BTC-25JUL25-150000-C,105025.98,sell,0.1,,,0.1,,,1750257067.112
1038,372000101,1750257369612,3,0.0008,0.00079631,49.43,BTC-25JUL25-150000-C,105016.2,sell,0.1,,,0.1,,,1750257369.612
1039,372001918,1750258122272,3,0.0008,0.00081039,49.48,BTC-25JUL25-150000-C,104977.83,sell,0.1,,,0.1,,,1750258122.272
1040,372003045,1750258429951,3,0.0008,0.00075937,49.93,BTC-25JUL25-150000-C,104593.67,sell,0.1,,,0.1,,,1750258429.951
1041,372003817,1750258734477,3,0.0008,0.00076499,49.86,BTC-25JUL25-150000-C,104658.75,sell,0.1,,,0.1,,,1750258734.477
1042,372004818,1750259034532,3,0.0008,0.00078525,49.79,BTC-25JUL25-150000-C,104727.2,sell,0.1,,,0.1,,,1750259034.532
1043,372005788,1750259460837,3,0.0008,0.00078739,49.91,BTC-25JUL25-150000-C,104613.62,sell,0.1,,,0.1,,,1750259460.837
1044,372007950,1750259946826,3,0.0008,0.00077745,50.18,BTC-25JUL25-150000-C,104378.93,sell,0.1,,,0.1,,,1750259946.826
1045,372008408,1750260246877,3,0.0008,0.00080592,49.93,BTC-25JUL25-150000-C,104600.5,sell,0.1,,,0.1,,,1750260246.877
1046,372012981,1750262675157,3,0.0008,0.00081821,49.91,BTC-25JUL25-150000-C,104664.25,sell,0.1,,,0.1,,,1750262675.157
1047,372013611,1750263073477,3,0.0008,0.00084081,49.7,BTC-25JUL25-150000-C,104825.08,sell,0.1,,,0.1,,,1750263073.477
1048,372015164,1750264150067,2,0.0007,0.00074571,49.33,BTC-25JUL25-150000-C,104419.4,sell,0.1,,,0.1,,,1750264150.067
1049,372021747,1750267881468,3,0.0007,0.00071461,49.8,BTC-25JUL25-150000-C,103995.43,sell,0.1,,,0.1,,,1750267881.468
1050,372037686,1750272830030,3,0.0007,0.00069509,49.76,BTC-25JUL25-150000-C,104032.81,sell,0.1,,,0.1,,,1750272830.03
1051,372039899,1750273130120,3,0.0007,0.00065784,50.16,BTC-25JUL25-150000-C,103685.01,sell,0.1,,,0.1,,,1750273130.12
1052,372043237,1750273986130,3,0.0007,0.00067041,49.97,BTC-25JUL25-150000-C,103870.94,sell,0.1,,,0.1,,,1750273986.13
1053,372045766,1750274286369,3,0.0007,0.00067688,49.62,BTC-25JUL25-150000-C,104172.33,sell,0.1,,,0.1,,,1750274286.369
1054,372047460,1750274694421,3,0.0007,0.00065919,49.7,BTC-25JUL25-150000-C,104115.8,sell,0.1,,,0.1,,,1750274694.421
1055,372048597,1750274994444,3,0.0007,0.00064808,50.05,BTC-25JUL25-150000-C,103818.17,sell,0.1,,,0.1,,,1750274994.444
1056,372050940,1750275947124,3,0.0007,0.00066381,49.71,BTC-25JUL25-150000-C,104120.15,sell,0.1,,,0.1,,,1750275947.124
1057,372051519,1750276247164,3,0.0007,0.0006534,49.8,BTC-25JUL25-150000-C,104047.07,sell,0.1,,,0.1,,,1750276247.164
1058,372052594,1750276743859,3,0.0007,0.00064421,49.93,BTC-25JUL25-150000-C,103924.5,sell,0.1,,,0.1,,,1750276743.859
1059,372054524,1750277699992,3,0.0007,0.00065025,50.05,BTC-25JUL25-150000-C,103812.43,sell,0.1,,,0.1,,,1750277699.992
1060,372062218,1750280656582,3,0.0007,0.00067275,49.05,BTC-25JUL25-150000-C,104776.09,sell,0.1,,,0.1,,,1750280656.582
1061,372071599,1750284715110,3,0.0007,0.00064121,48.9,BTC-25JUL25-150000-C,104945.72,sell,0.1,,,0.1,,,1750284715.11
1062,372071837,1750285015125,3,0.0007,0.00063807,48.97,BTC-25JUL25-150000-C,104883.25,sell,0.1,,,0.1,,,1750285015.125
1063,372072116,1750285315146,3,0.0007,0.00064074,48.93,BTC-25JUL25-150000-C,104917.82,sell,0.1,,,0.1,,,1750285315.146
1064,372074974,1750289685365,3,0.0007,0.00062726,49.16,BTC-25JUL25-150000-C,104753.27,sell,0.1,,,0.1,,,1750289685.365
1065,372075286,1750289985385,3,0.0007,0.00063598,49.16,BTC-25JUL25-150000-C,104751.09,sell,0.1,,,0.1,,,1750289985.385
1066,372092557,1750301966318,3,0.0007,0.00067116,49.28,BTC-25JUL25-150000-C,104742.58,sell,0.1,,,0.1,,,1750301966.318
1067,372092851,1750302266356,3,0.0007,0.00069495,49.11,BTC-25JUL25-150000-C,104878.54,sell,0.1,,,0.1,,,1750302266.356
1068,372093005,1750302567220,3,0.0007,0.00069306,49.13,BTC-25JUL25-150000-C,104880.51,sell,0.1,,,0.1,,,1750302567.22
1069,372093180,1750302867244,3,0.0007,0.00069405,49.13,BTC-25JUL25-150000-C,104880.19,sell,0.1,,,0.1,,,1750302867.244
1070,372093592,1750303167263,3,0.0007,0.00069181,49.15,BTC-25JUL25-150000-C,104875.16,sell,0.1,,,0.1,,,1750303167.263
1071,372094665,1750303967414,3,0.0007,0.0007,49.03,BTC-25JUL25-150000-C,104979.75,sell,0.1,,,0.1,,,1750303967.414
1072,372094855,1750304267462,3,0.0007,0.00069533,49.06,BTC-25JUL25-150000-C,104953.89,sell,0.1,,,0.1,,,1750304267.462
1073,372095220,1750304729817,3,0.0007,0.00067597,48.99,BTC-25JUL25-150000-C,105007.56,sell,0.1,,,0.1,,,1750304729.817
1074,372098170,1750307941196,3,0.0007,0.00065854,49.21,BTC-25JUL25-150000-C,104832.87,sell,0.1,,,0.1,,,1750307941.196
1075,372098881,1750308716568,3,0.0007,0.00069064,49.02,BTC-25JUL25-150000-C,105007.77,sell,0.1,,,0.1,,,1750308716.568
1076,372099135,1750309102367,3,0.0007,0.00069027,48.97,BTC-25JUL25-150000-C,105057.18,sell,0.1,,,0.1,,,1750309102.367
1077,372099373,1750309402389,3,0.0007,0.00068191,48.97,BTC-25JUL25-150000-C,105061.19,sell,0.1,,,0.1,,,1750309402.389
1078,372100544,1750310016152,3,0.0007,0.00068218,48.95,BTC-25JUL25-150000-C,105079.95,sell,0.1,,,0.1,,,1750310016.152
1079,372100950,1750310316185,3,0.0007,0.00066979,49.01,BTC-25JUL25-150000-C,105039.41,sell,0.1,,,0.1,,,1750310316.185
1080,372103138,1750313356877,0,0.0011,0.00068956,52.33,BTC-25JUL25-150000-C,104903.91,buy,50.0,2.0,BLOCK-205978,50.0,BTC-CCAL-26DEC25_25JUL25-150000,,1750313356.877
1081,372103304,1750313465881,2,0.0007,0.00068407,49.27,BTC-25JUL25-150000-C,104834.81,sell,0.1,,,0.1,,,1750313465.881
1082,372104501,1750314407690,3,0.0007,0.0006427,49.43,BTC-25JUL25-150000-C,104688.85,buy,0.2,,,0.2,,,1750314407.69
1083,372106131,1750316537016,3,0.0007,0.00064577,49.37,BTC-25JUL25-150000-C,104776.62,sell,0.1,,,0.1,,,1750316537.016
1084,372108350,1750318478552,3,0.0007,0.00063675,49.45,BTC-25JUL25-150000-C,104741.62,sell,0.1,,,0.1,,,1750318478.552
1085,372108736,1750318778589,3,0.0007,0.00064478,49.43,BTC-25JUL25-150000-C,104764.99,sell,0.1,,,0.1,,,1750318778.589
1086,372109214,1750319078632,3,0.0007,0.00065443,49.44,BTC-25JUL25-150000-C,104756.58,sell,0.1,,,0.1,,,1750319078.632
1087,372110392,1750319927775,3,0.0007,0.00063638,49.55,BTC-25JUL25-150000-C,104654.94,sell,0.1,,,0.1,,,1750319927.775
1088,372112562,1750320893427,3,0.0007,0.0007082,49.29,BTC-25JUL25-150000-C,104898.98,sell,0.1,,,0.1,,,1750320893.427
1089,372135685,1750341016397,3,0.0007,0.0007463,50.17,BTC-25JUL25-150000-C,104288.56,sell,0.1,,,0.1,,,1750341016.397
1090,372136481,1750341316425,3,0.0007,0.00074966,50.08,BTC-25JUL25-150000-C,104357.37,sell,0.1,,,0.1,,,1750341316.425
1091,372143804,1750345031424,3,0.0007,0.00073577,50.28,BTC-25JUL25-150000-C,104198.14,sell,0.1,,,0.1,,,1750345031.424
1092,372155253,1750351910635,3,0.0007,0.00072267,50.49,BTC-25JUL25-150000-C,104082.5,sell,0.1,,,0.1,,,1750351910.635
1093,372155957,1750352210694,3,0.0007,0.00072562,50.54,BTC-25JUL25-150000-C,104029.05,sell,0.1,,,0.1,,,1750352210.694
1094,372156561,1750352510736,3,0.0007,0.00073802,50.48,BTC-25JUL25-150000-C,104081.4,sell,0.1,,,0.1,,,1750352510.736
1095,372173114,1750364266511,3,0.0007,0.00075147,50.16,BTC-25JUL25-150000-C,104448.82,sell,0.1,,,0.1,,,1750364266.511
1096,372240343,1750407345932,0,0.0009,0.00094519,49.93,BTC-25JUL25-150000-C,106379.15,sell,0.1,,,0.1,,,1750407345.932
1097,372241553,1750407645942,1,0.0009,0.00094034,49.89,BTC-25JUL25-150000-C,106425.71,sell,0.1,,,0.1,,,1750407645.942
1098,372241802,1750407688188,1,0.0009,0.00093638,49.91,BTC-25JUL25-150000-C,106414.39,sell,2.0,,,2.0,,,1750407688.188
1099,372242009,1750407751089,1,0.0009,0.00093694,49.91,BTC-25JUL25-150000-C,106409.42,sell,0.1,,,0.1,,,1750407751.089
1100,372242038,1750407755162,1,0.0009,0.00093614,49.92,BTC-25JUL25-150000-C,106406.67,sell,0.1,,,0.1,,,1750407755.162
1101,372242039,1750407755167,1,0.0009,0.00093614,49.92,BTC-25JUL25-150000-C,106406.67,sell,0.1,,,0.1,,,1750407755.167
1102,372242049,1750407758780,1,0.0009,0.00093667,49.92,BTC-25JUL25-150000-C,106406.51,sell,2.1,,,2.1,,,1750407758.78
1103,372242520,1750407945976,1,0.0009,0.00093924,49.9,BTC-25JUL25-150000-C,106413.72,sell,0.1,,,0.1,,,1750407945.976
1104,372243643,1750408245998,1,0.0009,0.0009253,50.02,BTC-25JUL25-150000-C,106345.56,sell,0.1,,,0.1,,,1750408245.998
1105,372254343,1750412108603,2,0.0008,0.00078786,49.75,BTC-25JUL25-150000-C,105868.19,sell,0.1,,,0.1,,,1750412108.603
1106,372254654,1750412408633,3,0.0008,0.00078756,49.77,BTC-25JUL25-150000-C,105857.41,sell,0.1,,,0.1,,,1750412408.633
1107,372262939,1750418144353,3,0.0008,0.00078565,49.8,BTC-25JUL25-150000-C,105933.14,sell,0.1,,,0.1,,,1750418144.353
1108,372265081,1750419755774,2,0.0007,0.00074206,48.97,BTC-25JUL25-150000-C,105880.37,sell,0.1,,,0.1,,,1750419755.774
1109,372277937,1750427216992,3,0.0007,0.00066546,49.07,BTC-25JUL25-150000-C,105806.66,sell,0.1,,,0.1,,,1750427216.992
1110,372280474,1750427657736,3,0.0007,0.00066256,49.24,BTC-25JUL25-150000-C,105646.02,sell,0.1,,,0.1,,,1750427657.736
1111,372281114,1750427961517,3,0.0007,0.00067081,49.27,BTC-25JUL25-150000-C,105625.96,sell,0.1,,,0.1,,,1750427961.517
1112,372281810,1750428273199,3,0.0007,0.00071749,49.09,BTC-25JUL25-150000-C,105763.51,sell,0.1,,,0.1,,,1750428273.199
1113,372282453,1750428573228,3,0.0007,0.0006694,49.26,BTC-25JUL25-150000-C,105643.83,sell,0.1,,,0.1,,,1750428573.228
1114,372287034,1750429769808,3,0.0007,0.00062822,49.67,BTC-25JUL25-150000-C,105294.03,sell,0.1,,,0.1,,,1750429769.808
1115,372289221,1750430528287,3,0.0007,0.00068952,49.88,BTC-25JUL25-150000-C,105108.35,sell,0.1,,,0.1,,,1750430528.287
1116,372291832,1750430828335,3,0.0007,0.00067091,50.16,BTC-25JUL25-150000-C,104868.11,sell,0.1,,,0.1,,,1750430828.335
1117,372389468,1750484282185,2,0.0006,0.00061368,51.38,BTC-25JUL25-150000-C,103486.95,sell,0.1,,,0.1,,,1750484282.185
1118,372396629,1750491774730,3,0.0006,0.0006122,51.4,BTC-25JUL25-150000-C,103483.69,sell,0.1,,,0.1,,,1750491774.73
1119,372442840,1750532732062,3,0.0006,0.00060125,52.73,BTC-25JUL25-150000-C,102644.06,sell,0.1,,,0.1,,,1750532732.062
1120,372442906,1750532748517,3,0.0006,0.00060225,52.71,BTC-25JUL25-150000-C,102666.27,sell,1.0,,,1.0,,,1750532748.517
1121,372499580,1750550329880,0,0.0007,0.00068345,54.51,BTC-25JUL25-150000-C,102171.47,buy,0.2,,,0.2,,,1750550329.88
1122,372499597,1750550330128,1,0.0007,0.00068464,54.51,BTC-25JUL25-150000-C,102182.96,buy,0.1,,,0.1,,,1750550330.128
1123,372588398,1750599488931,2,0.0006,0.00067199,55.62,BTC-25JUL25-150000-C,100790.55,sell,2.4,,,2.4,,,1750599488.931
1124,372588399,1750599488931,3,0.0006,0.00067199,55.62,BTC-25JUL25-150000-C,100790.55,sell,0.1,,,0.1,,,1750599488.931
1125,372597813,1750599975453,3,0.0006,0.00059124,56.07,BTC-25JUL25-150000-C,100437.37,sell,0.1,,,0.1,,,1750599975.453
1126,372628509,1750602480959,3,0.0006,0.00055434,57.1,BTC-25JUL25-150000-C,99601.58,sell,0.1,,,0.1,,,1750602480.959
1127,372635053,1750602858316,3,0.0006,0.00058674,56.49,BTC-25JUL25-150000-C,100099.02,sell,0.1,,,0.1,,,1750602858.316
1128,372638030,1750603159957,3,0.0006,0.00053421,56.99,BTC-25JUL25-150000-C,99686.38,sell,0.1,,,0.1,,,1750603159.957
1129,372643356,1750603460019,3,0.0006,0.00050387,57.54,BTC-25JUL25-150000-C,99233.15,sell,0.1,,,0.1,,,1750603460.019
1130,372649993,1750604139437,2,0.0005,0.00054738,55.85,BTC-25JUL25-150000-C,99587.49,sell,0.1,,,0.1,,,1750604139.437
1131,372650067,1750604151568,3,0.0005,0.00054407,55.87,BTC-25JUL25-150000-C,99585.23,sell,4.0,,,4.0,,,1750604151.568
1132,372653201,1750604686273,0,0.0006,0.00055492,56.87,BTC-25JUL25-150000-C,99761.54,sell,0.1,,,0.1,,,1750604686.273
1133,372653552,1750604714403,2,0.0005,0.00055209,55.71,BTC-25JUL25-150000-C,99682.52,sell,1.0,,,1.0,,,1750604714.403
1134,372656167,1750605088364,0,0.0006,0.00052703,57.21,BTC-25JUL25-150000-C,99454.33,sell,0.1,,,0.1,,,1750605088.364
1135,372657911,1750605388410,1,0.0006,0.00056275,57.03,BTC-25JUL25-150000-C,99606.12,sell,0.1,,,0.1,,,1750605388.41
1136,372659629,1750605808608,1,0.0006,0.00054329,56.93,BTC-25JUL25-150000-C,99680.07,sell,0.1,,,0.1,,,1750605808.608
1137,372661450,1750606108656,1,0.0006,0.00052494,57.38,BTC-25JUL25-150000-C,99303.22,sell,0.1,,,0.1,,,1750606108.656
1138,372662778,1750606507049,1,0.0006,0.00056464,57.14,BTC-25JUL25-150000-C,99518.09,sell,0.1,,,0.1,,,1750606507.049
1139,372664394,1750607249878,1,0.0006,0.00054581,57.28,BTC-25JUL25-150000-C,99401.0,sell,0.1,,,0.1,,,1750607249.878
1140,372665560,1750607711881,1,0.0006,0.00052891,57.51,BTC-25JUL25-150000-C,99243.53,sell,0.1,,,0.1,,,1750607711.881
1141,372700063,1750617749361,1,0.0006,0.0006451,57.16,BTC-25JUL25-150000-C,99588.37,sell,0.1,,,0.1,,,1750617749.361
1142,372732463,1750628234364,1,0.0006,0.0006238,57.84,BTC-25JUL25-150000-C,99139.75,sell,0.1,,,0.1,,,1750628234.364
1143,372734175,1750628946304,1,0.0006,0.00064412,57.57,BTC-25JUL25-150000-C,99368.94,sell,0.1,,,0.1,,,1750628946.304
1145,372770659,1750640676473,3,0.0005,0.00052018,54.68,BTC-25JUL25-150000-C,100836.04,sell,0.1,,,0.1,,,1750640676.473
1144,372770658,1750640676473,2,0.0005,0.00052018,54.68,BTC-25JUL25-150000-C,100836.04,sell,0.1,,,0.1,,,1750640676.473
1146,372771381,1750640976488,3,0.0005,0.00051984,54.81,BTC-25JUL25-150000-C,100721.5,sell,0.1,,,0.1,,,1750640976.488
1147,372771928,1750641285461,3,0.0005,0.00053542,54.64,BTC-25JUL25-150000-C,100860.8,sell,0.1,,,0.1,,,1750641285.461
1148,372772364,1750641585521,3,0.0005,0.00052156,54.73,BTC-25JUL25-150000-C,100792.65,sell,0.1,,,0.1,,,1750641585.521
1149,372772880,1750641833984,3,0.0005,0.00050459,54.83,BTC-25JUL25-150000-C,100701.64,sell,1.0,,,1.0,,,1750641833.984
1150,372772945,1750641885554,3,0.0005,0.00049946,54.89,BTC-25JUL25-150000-C,100651.47,sell,0.1,,,0.1,,,1750641885.554
1151,372773803,1750642185597,3,0.0005,0.00049434,54.92,BTC-25JUL25-150000-C,100642.94,sell,0.1,,,0.1,,,1750642185.597
1152,372774433,1750642485615,3,0.0005,0.0005072,54.72,BTC-25JUL25-150000-C,100795.04,sell,0.1,,,0.1,,,1750642485.615
1153,372774782,1750642785635,3,0.0005,0.00049817,54.76,BTC-25JUL25-150000-C,100773.28,sell,0.1,,,0.1,,,1750642785.635
1154,372775753,1750643085669,3,0.0005,0.00050398,54.62,BTC-25JUL25-150000-C,100880.7,sell,0.1,,,0.1,,,1750643085.669
1155,372776547,1750643385710,3,0.0005,0.00050386,54.54,BTC-25JUL25-150000-C,100953.66,sell,0.1,,,0.1,,,1750643385.71
1156,372776951,1750643685733,3,0.0005,0.00051032,54.37,BTC-25JUL25-150000-C,101091.42,sell,0.1,,,0.1,,,1750643685.733
1157,372777519,1750643939560,3,0.0005,0.00050635,54.32,BTC-25JUL25-150000-C,101143.08,sell,0.4,,,0.4,,,1750643939.56
1158,372777647,1750643985768,3,0.0005,0.00050399,54.34,BTC-25JUL25-150000-C,101130.83,sell,0.1,,,0.1,,,1750643985.768
1159,372778530,1750644285788,3,0.0005,0.00049715,54.36,BTC-25JUL25-150000-C,101113.81,sell,0.1,,,0.1,,,1750644285.788
1160,372779054,1750644585805,3,0.0005,0.00049371,54.41,BTC-25JUL25-150000-C,101062.61,sell,0.1,,,0.1,,,1750644585.805
1161,372779991,1750645122376,3,0.0005,0.00050017,54.29,BTC-25JUL25-150000-C,101170.56,sell,0.1,,,0.1,,,1750645122.376
1162,372780500,1750645422414,3,0.0005,0.00049125,54.37,BTC-25JUL25-150000-C,101117.9,sell,0.1,,,0.1,,,1750645422.414
1163,372781605,1750645722466,3,0.0005,0.00050776,54.14,BTC-25JUL25-150000-C,101288.37,sell,0.1,,,0.1,,,1750645722.466
1164,372782438,1750646022510,3,0.0005,0.00050841,54.02,BTC-25JUL25-150000-C,101398.2,sell,0.1,,,0.1,,,1750646022.51
1165,372783099,1750646322559,3,0.0005,0.00048696,54.28,BTC-25JUL25-150000-C,101201.23,sell,0.1,,,0.1,,,1750646322.559
1166,372783584,1750646622585,3,0.0005,0.00049353,54.2,BTC-25JUL25-150000-C,101275.69,sell,0.1,,,0.1,,,1750646622.585
1167,372783987,1750646922653,3,0.0005,0.0004979,54.15,BTC-25JUL25-150000-C,101296.26,sell,0.1,,,0.1,,,1750646922.653
1168,372784051,1750646959892,3,0.0005,0.00049587,54.18,BTC-25JUL25-150000-C,101279.14,sell,15.0,,,15.0,,,1750646959.892
1169,372784052,1750646959897,3,0.0005,0.00049587,54.18,BTC-25JUL25-150000-C,101279.14,sell,5.0,,,5.0,,,1750646959.897
1170,372784053,1750646959902,3,0.0005,0.00049587,54.18,BTC-25JUL25-150000-C,101279.14,sell,0.1,,,0.1,,,1750646959.902
1171,372785635,1750647575512,3,0.0005,0.00050231,54.07,BTC-25JUL25-150000-C,101354.6,sell,0.1,,,0.1,,,1750647575.512
1172,372786272,1750647875893,3,0.0005,0.00048662,54.29,BTC-25JUL25-150000-C,101198.04,sell,0.1,,,0.1,,,1750647875.893
1173,372805197,1750657385182,0,0.0007,0.00054369,56.3,BTC-25JUL25-150000-C,101532.48,buy,0.1,,,0.1,,,1750657385.182
1174,372811876,1750661045969,2,0.0006,0.00054084,54.87,BTC-25JUL25-150000-C,101824.29,sell,0.1,,,0.1,,,1750661045.969
1175,372815079,1750662667738,0,0.0007,0.00055403,55.7,BTC-25JUL25-150000-C,102053.87,buy,0.1,,,0.1,,,1750662667.738
1176,372829178,1750669800022,2,0.0006,0.00062284,55.19,BTC-25JUL25-150000-C,101692.35,sell,0.1,,,0.1,,,1750669800.022
1177,372829664,1750670100045,3,0.0006,0.000629,55.16,BTC-25JUL25-150000-C,101707.04,sell,0.1,,,0.1,,,1750670100.045
1178,372830113,1750670400087,3,0.0006,0.00062387,55.16,BTC-25JUL25-150000-C,101719.84,sell,0.1,,,0.1,,,1750670400.087
1179,372831078,1750670700131,3,0.0006,0.0006043,55.37,BTC-25JUL25-150000-C,101537.14,sell,0.1,,,0.1,,,1750670700.131
1180,372831889,1750671000141,3,0.0006,0.00059129,55.39,BTC-25JUL25-150000-C,101539.47,sell,0.1,,,0.1,,,1750671000.141
1181,372832513,1750671300181,3,0.0006,0.00059419,55.37,BTC-25JUL25-150000-C,101560.35,sell,0.1,,,0.1,,,1750671300.181
1182,372832945,1750671600194,3,0.0006,0.00058755,55.42,BTC-25JUL25-150000-C,101525.05,sell,0.1,,,0.1,,,1750671600.194
1183,372833469,1750671900234,3,0.0006,0.00058264,55.45,BTC-25JUL25-150000-C,101496.68,sell,0.1,,,0.1,,,1750671900.234
1184,372834109,1750672200275,3,0.0006,0.00059185,55.39,BTC-25JUL25-150000-C,101546.92,sell,0.1,,,0.1,,,1750672200.275
1185,372837819,1750674302794,3,0.0006,0.00063533,55.52,BTC-25JUL25-150000-C,101436.36,sell,0.1,,,0.1,,,1750674302.794
1186,372844564,1750678400170,3,0.0006,0.00063576,55.8,BTC-25JUL25-150000-C,101260.76,sell,0.1,,,0.1,,,1750678400.17
1187,372849038,1750681705697,3,0.0006,0.00060273,55.92,BTC-25JUL25-150000-C,101195.59,sell,0.1,,,0.1,,,1750681705.697
1188,372854222,1750684113502,3,0.0006,0.00058691,55.59,BTC-25JUL25-150000-C,101478.94,sell,0.1,,,0.1,,,1750684113.502
1189,372854859,1750684413548,3,0.0006,0.0005743,55.74,BTC-25JUL25-150000-C,101354.11,sell,0.1,,,0.1,,,1750684413.548
1190,372855266,1750684747192,3,0.0006,0.00055558,55.79,BTC-25JUL25-150000-C,101326.05,sell,0.1,,,0.1,,,1750684747.192
1191,372860728,1750685801237,2,0.0005,0.00059533,54.3,BTC-25JUL25-150000-C,101545.79,sell,0.1,,,0.1,,,1750685801.237
1192,372860928,1750685826231,3,0.0005,0.00058512,54.39,BTC-25JUL25-150000-C,101498.59,sell,0.1,,,0.1,,,1750685826.231
1193,372861282,1750685907395,3,0.0005,0.00059572,54.27,BTC-25JUL25-150000-C,101587.64,sell,0.1,,,0.1,,,1750685907.395
1194,372885304,1750691228627,0,0.0006,0.00055168,55.09,BTC-25JUL25-150000-C,101994.45,sell,0.1,,,0.1,,,1750691228.627
1195,373023346,1750721355726,2,0.0005,0.00051098,50.0,BTC-25JUL25-150000-C,105508.71,buy,1.5,,,1.5,,,1750721355.726
1196,373028440,1750722850655,0,0.0006,0.00054157,51.07,BTC-25JUL25-150000-C,105578.94,sell,0.1,,,0.1,,,1750722850.655
1197,373030609,1750723781275,1,0.0006,0.00054654,51.16,BTC-25JUL25-150000-C,105504.67,sell,0.1,,,0.1,,,1750723781.275
1198,373030667,1750723802440,0,0.0007,0.0005499,52.15,BTC-25JUL25-150000-C,105523.9,buy,1.0,,,1.0,,,1750723802.44
1199,373037664,1750728629495,2,0.0006,0.00054033,51.55,BTC-25JUL25-150000-C,105249.45,sell,0.1,,,0.1,,,1750728629.495
1200,373041105,1750731012959,3,0.0006,0.00050141,51.96,BTC-25JUL25-150000-C,104920.25,sell,0.1,,,0.1,,,1750731012.959
1201,373043501,1750732561522,3,0.0006,0.00053939,51.8,BTC-25JUL25-150000-C,105065.29,sell,0.1,,,0.1,,,1750732561.522
1202,373043731,1750732861555,3,0.0006,0.00053777,51.92,BTC-25JUL25-150000-C,104954.54,sell,0.1,,,0.1,,,1750732861.555
1203,373044109,1750733161589,3,0.0006,0.00055347,51.85,BTC-25JUL25-150000-C,105014.45,sell,0.1,,,0.1,,,1750733161.589
1204,373044424,1750733461624,3,0.0006,0.00055355,51.92,BTC-25JUL25-150000-C,104955.87,sell,0.1,,,0.1,,,1750733461.624
1205,373044822,1750733761658,3,0.0006,0.00055681,51.99,BTC-25JUL25-150000-C,104908.2,sell,0.1,,,0.1,,,1750733761.658
1206,373045069,1750734061669,3,0.0006,0.00055732,52.06,BTC-25JUL25-150000-C,104851.65,sell,0.1,,,0.1,,,1750734061.669
1207,373045338,1750734361699,3,0.0006,0.00056618,52.01,BTC-25JUL25-150000-C,104888.61,sell,0.1,,,0.1,,,1750734361.699
1208,373045942,1750734661738,3,0.0006,0.00057514,51.86,BTC-25JUL25-150000-C,105020.44,sell,0.1,,,0.1,,,1750734661.738
1209,373046543,1750734961823,3,0.0006,0.00056323,51.98,BTC-25JUL25-150000-C,104915.12,sell,0.1,,,0.1,,,1750734961.823
1210,373048693,1750736619342,3,0.0006,0.00058114,51.95,BTC-25JUL25-150000-C,104966.37,sell,0.1,,,0.1,,,1750736619.342
1211,373049089,1750736957302,3,0.0006,0.00057402,51.95,BTC-25JUL25-150000-C,104963.23,sell,0.1,,,0.1,,,1750736957.302
1212,373050370,1750738320649,3,0.0006,0.00057552,52.01,BTC-25JUL25-150000-C,104918.92,sell,0.1,,,0.1,,,1750738320.649
1213,373051039,1750738620706,3,0.0006,0.00056449,52.16,BTC-25JUL25-150000-C,104802.96,sell,0.1,,,0.1,,,1750738620.706
1214,373051369,1750738920766,3,0.0006,0.00057193,52.06,BTC-25JUL25-150000-C,104886.99,sell,0.1,,,0.1,,,1750738920.766
1215,373051676,1750739220783,3,0.0006,0.0005772,51.92,BTC-25JUL25-150000-C,104996.93,sell,0.1,,,0.1,,,1750739220.783
1216,373051806,1750739520837,3,0.0006,0.00057028,51.95,BTC-25JUL25-150000-C,104991.63,sell,0.1,,,0.1,,,1750739520.837
1217,373052060,1750739820891,3,0.0006,0.0005608,52.05,BTC-25JUL25-150000-C,104922.66,sell,0.1,,,0.1,,,1750739820.891
1218,373058588,1750744290073,3,0.0006,0.00056418,51.52,BTC-25JUL25-150000-C,105372.58,sell,0.1,,,0.1,,,1750744290.073
1219,373058954,1750744605105,3,0.0006,0.00057046,51.42,BTC-25JUL25-150000-C,105447.23,sell,0.1,,,0.1,,,1750744605.105
1220,373059316,1750744905133,3,0.0006,0.00057074,51.38,BTC-25JUL25-150000-C,105486.35,sell,0.1,,,0.1,,,1750744905.133
1221,373060050,1750745205149,3,0.0006,0.00055597,51.55,BTC-25JUL25-150000-C,105368.9,sell,0.1,,,0.1,,,1750745205.149
1222,373060836,1750745505206,3,0.0006,0.00057175,51.35,BTC-25JUL25-150000-C,105524.04,sell,0.1,,,0.1,,,1750745505.206
1223,373061110,1750745805249,3,0.0006,0.00057083,51.35,BTC-25JUL25-150000-C,105517.29,sell,0.1,,,0.1,,,1750745805.249
1224,373061371,1750746105281,3,0.0006,0.00057061,51.32,BTC-25JUL25-150000-C,105544.78,sell,0.1,,,0.1,,,1750746105.281
1225,373061664,1750746405340,3,0.0006,0.00057173,51.31,BTC-25JUL25-150000-C,105545.24,sell,0.1,,,0.1,,,1750746405.34
1226,373061922,1750746705384,3,0.0006,0.00057623,51.26,BTC-25JUL25-150000-C,105587.15,sell,0.1,,,0.1,,,1750746705.384
1227,373062559,1750747005421,3,0.0006,0.00058369,51.17,BTC-25JUL25-150000-C,105670.28,sell,0.1,,,0.1,,,1750747005.421
1228,373063280,1750747305442,3,0.0006,0.00058328,51.06,BTC-25JUL25-150000-C,105764.32,sell,0.1,,,0.1,,,1750747305.442
1229,373064211,1750747605461,3,0.0006,0.00057924,51.0,BTC-25JUL25-150000-C,105821.07,sell,0.1,,,0.1,,,1750747605.461
1230,373064729,1750747905497,3,0.0006,0.00056511,51.1,BTC-25JUL25-150000-C,105755.49,sell,0.1,,,0.1,,,1750747905.497
1231,373065056,1750748205557,3,0.0006,0.00056818,51.12,BTC-25JUL25-150000-C,105734.82,sell,0.1,,,0.1,,,1750748205.557
1232,373065801,1750748506018,3,0.0006,0.00056548,51.21,BTC-25JUL25-150000-C,105654.55,sell,0.1,,,0.1,,,1750748506.018
1234,373066664,1750749127792,3,0.0006,0.00060296,51.3,BTC-25JUL25-150000-C,105582.57,sell,0.1,,,0.1,,,1750749127.792
1233,373066663,1750749127792,3,0.0006,0.00060296,51.3,BTC-25JUL25-150000-C,105582.57,sell,2.0,,,2.0,,,1750749127.792
1235,373068683,1750750102250,3,0.0006,0.00059436,51.04,BTC-25JUL25-150000-C,105805.91,sell,0.1,,,0.1,,,1750750102.25
1236,373070849,1750750403085,3,0.0006,0.00054123,51.59,BTC-25JUL25-150000-C,105338.19,sell,0.1,,,0.1,,,1750750403.085
1237,373072720,1750750717886,3,0.0006,0.00056449,51.64,BTC-25JUL25-150000-C,105290.59,sell,0.1,,,0.1,,,1750750717.886
1238,373072817,1750750766370,0,0.0007,0.00056195,52.73,BTC-25JUL25-150000-C,105243.25,buy,24.0,,,24.0,,,1750750766.37
1239,373073638,1750751017940,2,0.0006,0.00060205,51.64,BTC-25JUL25-150000-C,105269.42,sell,0.1,,,0.1,,,1750751017.94
1240,373074950,1750751317969,3,0.0006,0.00061288,51.68,BTC-25JUL25-150000-C,105232.75,sell,0.1,,,0.1,,,1750751317.969
1241,373076745,1750751618353,3,0.0006,0.00060384,51.94,BTC-25JUL25-150000-C,105024.35,sell,0.1,,,0.1,,,1750751618.353
1242,373078440,1750751918399,3,0.0006,0.00061366,51.98,BTC-25JUL25-150000-C,104996.03,sell,0.1,,,0.1,,,1750751918.399
1243,373083804,1750753491576,3,0.0006,0.00062725,52.12,BTC-25JUL25-150000-C,104921.3,sell,0.1,,,0.1,,,1750753491.576
1244,373090452,1750756772308,0,0.0007,0.00065059,52.79,BTC-25JUL25-150000-C,105258.48,buy,0.1,,,0.1,,,1750756772.308
1245,373095240,1750759302684,2,0.0006,0.00064212,51.7,BTC-25JUL25-150000-C,105326.22,sell,0.1,,,0.1,,,1750759302.684
1246,373104216,1750765232998,0,0.0007,0.00063376,52.88,BTC-25JUL25-150000-C,105245.76,sell,1.0,,,1.0,,,1750765232.998
1247,373104217,1750765236511,1,0.0007,0.00063398,52.88,BTC-25JUL25-150000-C,105245.53,sell,1.0,,,1.0,,,1750765236.511
1248,373104218,1750765239442,1,0.0007,0.00063402,52.88,BTC-25JUL25-150000-C,105245.53,sell,1.0,,,1.0,,,1750765239.442
1249,373104731,1750765512174,1,0.0007,0.00063814,52.87,BTC-25JUL25-150000-C,105243.11,sell,1.0,,,1.0,,,1750765512.174
1250,373107771,1750768142057,2,0.0006,0.00062425,52.01,BTC-25JUL25-150000-C,105133.29,sell,0.1,,,0.1,,,1750768142.057
1251,373133345,1750778421935,3,0.0006,0.00063953,51.49,BTC-25JUL25-150000-C,105644.1,sell,0.1,,,0.1,,,1750778421.935
1252,373136295,1750779718123,3,0.0006,0.0006087,51.93,BTC-25JUL25-150000-C,105291.94,sell,0.1,,,0.1,,,1750779718.123
1254,373141669,1750782834100,3,0.0006,0.00065376,51.74,BTC-25JUL25-150000-C,105486.78,sell,2.0,,,2.0,,,1750782834.1
1253,373141668,1750782834100,3,0.0006,0.00065376,51.74,BTC-25JUL25-150000-C,105486.78,sell,0.1,,,0.1,,,1750782834.1
1255,373160502,1750789066246,3,0.0006,0.00065686,51.36,BTC-25JUL25-150000-C,105878.54,sell,1.0,,,1.0,,,1750789066.246
1256,373160503,1750789066246,3,0.0006,0.00065686,51.36,BTC-25JUL25-150000-C,105878.54,sell,0.1,,,0.1,,,1750789066.246
1257,373164635,1750791660945,3,0.0006,0.00062201,51.73,BTC-25JUL25-150000-C,105562.29,sell,0.1,,,0.1,,,1750791660.945
1258,373166049,1750792140630,3,0.0006,0.00063204,51.77,BTC-25JUL25-150000-C,105541.48,sell,0.1,,,0.1,,,1750792140.63
1259,373169363,1750794593839,3,0.0006,0.00063296,51.94,BTC-25JUL25-150000-C,105426.94,sell,0.1,,,0.1,,,1750794593.839
1260,373171141,1750795778460,3,0.0006,0.00063795,51.79,BTC-25JUL25-150000-C,105572.47,sell,0.1,,,0.1,,,1750795778.46
1261,373189803,1750808905961,3,0.0006,0.00059018,51.47,BTC-25JUL25-150000-C,105917.38,sell,0.1,,,0.1,,,1750808905.961
1262,373213701,1750820124165,3,0.0006,0.00061997,50.82,BTC-25JUL25-150000-C,106552.5,sell,0.1,,,0.1,,,1750820124.165
1263,373213985,1750820343563,2,0.0005,0.00062512,49.65,BTC-25JUL25-150000-C,106550.0,sell,0.1,,,0.1,,,1750820343.563
1264,373218941,1750823549649,0,0.0006,0.00057364,51.08,BTC-25JUL25-150000-C,106338.05,sell,0.1,,,0.1,,,1750823549.649
1265,373219216,1750823849661,1,0.0006,0.00058356,51.12,BTC-25JUL25-150000-C,106300.05,sell,0.1,,,0.1,,,1750823849.661
1266,373219517,1750824149683,1,0.0006,0.00059195,51.1,BTC-25JUL25-150000-C,106328.34,sell,0.1,,,0.1,,,1750824149.683
1267,373219823,1750824449706,1,0.0006,0.00059584,51.11,BTC-25JUL25-150000-C,106291.83,sell,0.1,,,0.1,,,1750824449.706
1268,373220072,1750824749729,1,0.0006,0.0005913,51.22,BTC-25JUL25-150000-C,106234.86,sell,0.1,,,0.1,,,1750824749.729
1269,373220426,1750825049763,1,0.0006,0.00060196,51.13,BTC-25JUL25-150000-C,106288.12,sell,0.1,,,0.1,,,1750825049.763
1270,373220578,1750825349811,1,0.0006,0.00060065,51.16,BTC-25JUL25-150000-C,106267.19,sell,0.1,,,0.1,,,1750825349.811
1271,373220881,1750825649855,1,0.0006,0.00060639,51.09,BTC-25JUL25-150000-C,106316.67,sell,0.1,,,0.1,,,1750825649.855
1272,373221526,1750825949902,1,0.0006,0.00059801,51.16,BTC-25JUL25-150000-C,106275.35,sell,0.1,,,0.1,,,1750825949.902
1273,373222074,1750826249916,1,0.0006,0.00058005,51.33,BTC-25JUL25-150000-C,106146.02,sell,0.1,,,0.1,,,1750826249.916
1274,373223046,1750826549942,1,0.0006,0.00056914,51.38,BTC-25JUL25-150000-C,106124.82,sell,0.1,,,0.1,,,1750826549.942
1275,373225280,1750826926467,1,0.0006,0.00057521,51.34,BTC-25JUL25-150000-C,106176.07,sell,0.1,,,0.1,,,1750826926.467
1276,373225417,1750827226496,1,0.0006,0.00058668,51.34,BTC-25JUL25-150000-C,106174.27,sell,0.1,,,0.1,,,1750827226.496
1277,373225685,1750827526512,1,0.0006,0.0006008,51.23,BTC-25JUL25-150000-C,106258.87,sell,0.1,,,0.1,,,1750827526.512
1278,373226254,1750828219393,1,0.0006,0.00059474,51.32,BTC-25JUL25-150000-C,106199.63,sell,0.1,,,0.1,,,1750828219.393
1279,373226404,1750828519426,1,0.0006,0.00059929,51.29,BTC-25JUL25-150000-C,106217.56,sell,0.1,,,0.1,,,1750828519.426
1280,373226525,1750828819455,1,0.0006,0.00059692,51.34,BTC-25JUL25-150000-C,106189.89,sell,0.1,,,0.1,,,1750828819.455
1281,373226801,1750829119481,1,0.0006,0.00058412,51.44,BTC-25JUL25-150000-C,106104.27,sell,0.1,,,0.1,,,1750829119.481
1282,373227231,1750829705032,1,0.0006,0.00060573,51.23,BTC-25JUL25-150000-C,106262.46,sell,0.1,,,0.1,,,1750829705.032
1283,373227335,1750830005052,1,0.0006,0.00060493,51.21,BTC-25JUL25-150000-C,106296.34,sell,0.1,,,0.1,,,1750830005.052
1284,373228652,1750831032066,1,0.0006,0.00058435,51.17,BTC-25JUL25-150000-C,106345.49,sell,0.1,,,0.1,,,1750831032.066
1285,373230109,1750832122211,1,0.0006,0.00056545,51.33,BTC-25JUL25-150000-C,106224.32,sell,0.1,,,0.1,,,1750832122.211
1286,373230399,1750832422227,1,0.0006,0.00056806,51.28,BTC-25JUL25-150000-C,106253.06,sell,0.1,,,0.1,,,1750832422.227
1287,373235477,1750834902354,1,0.0006,0.00058753,51.15,BTC-25JUL25-150000-C,106409.79,sell,0.1,,,0.1,,,1750834902.354
1288,373236039,1750835202366,1,0.0006,0.00057583,51.17,BTC-25JUL25-150000-C,106395.65,sell,0.1,,,0.1,,,1750835202.366
1289,373236535,1750835502388,1,0.0006,0.00057806,51.18,BTC-25JUL25-150000-C,106378.45,sell,0.1,,,0.1,,,1750835502.388
1290,373236960,1750835802406,1,0.0006,0.00059279,51.11,BTC-25JUL25-150000-C,106441.57,sell,0.1,,,0.1,,,1750835802.406
1291,373237223,1750836102461,1,0.0006,0.00059859,51.07,BTC-25JUL25-150000-C,106482.97,sell,0.1,,,0.1,,,1750836102.461
1293,373245899,1750839144837,1,0.0007,0.00061619,51.98,BTC-25JUL25-150000-C,106625.04,buy,0.1,,,0.1,,,1750839144.837
1292,373245898,1750839144837,0,0.0007,0.00061619,51.98,BTC-25JUL25-150000-C,106625.04,buy,0.1,,,0.1,,,1750839144.837
1294,373245900,1750839144839,1,0.0007,0.00061619,51.98,BTC-25JUL25-150000-C,106625.04,sell,0.3,,,0.3,,,1750839144.839
1295,373246513,1750839642575,2,0.0006,0.00064381,51.01,BTC-25JUL25-150000-C,106587.2,sell,1.0,,,1.0,,,1750839642.575
1296,373246514,1750839642575,3,0.0006,0.00064381,51.01,BTC-25JUL25-150000-C,106587.2,sell,0.1,,,0.1,,,1750839642.575
1297,373246934,1750839942610,3,0.0006,0.00063092,51.05,BTC-25JUL25-150000-C,106541.0,sell,0.1,,,0.1,,,1750839942.61
1298,373247503,1750840242631,3,0.0006,0.00061349,51.11,BTC-25JUL25-150000-C,106487.82,sell,0.1,,,0.1,,,1750840242.631
1299,373247804,1750840542660,3,0.0006,0.00060753,51.15,BTC-25JUL25-150000-C,106441.32,sell,0.1,,,0.1,,,1750840542.66
1300,373248080,1750840842683,3,0.0006,0.00060654,51.15,BTC-25JUL25-150000-C,106441.47,sell,0.1,,,0.1,,,1750840842.683
1301,373248359,1750841142706,3,0.0006,0.00060591,51.15,BTC-25JUL25-150000-C,106435.18,sell,0.1,,,0.1,,,1750841142.706
1302,373248740,1750841442724,3,0.0006,0.0006052,51.16,BTC-25JUL25-150000-C,106438.94,sell,0.1,,,0.1,,,1750841442.724
1303,373249096,1750841742754,3,0.0006,0.00061395,51.03,BTC-25JUL25-150000-C,106554.35,sell,0.1,,,0.1,,,1750841742.754
1304,373250360,1750842304982,3,0.0006,0.00063699,50.87,BTC-25JUL25-150000-C,106709.26,sell,0.1,,,0.1,,,1750842304.982
1305,373253225,1750843768639,3,0.0006,0.00063978,50.64,BTC-25JUL25-150000-C,106920.31,sell,0.1,,,0.1,,,1750843768.639
1306,373253390,1750844068685,3,0.0006,0.00064272,50.59,BTC-25JUL25-150000-C,106955.17,sell,0.1,,,0.1,,,1750844068.685
1307,373254204,1750844368715,3,0.0006,0.00061983,50.88,BTC-25JUL25-150000-C,106701.82,sell,0.1,,,0.1,,,1750844368.715
1308,373254865,1750844669024,3,0.0006,0.00061485,51.06,BTC-25JUL25-150000-C,106538.04,sell,0.1,,,0.1,,,1750844669.024
1309,373255341,1750844969100,3,0.0006,0.00062632,51.01,BTC-25JUL25-150000-C,106584.6,sell,0.1,,,0.1,,,1750844969.1
1310,373255623,1750845316363,3,0.0006,0.00063563,50.94,BTC-25JUL25-150000-C,106649.75,sell,0.1,,,0.1,,,1750845316.363
1311,373255829,1750845616385,3,0.0006,0.0006414,50.88,BTC-25JUL25-150000-C,106688.54,sell,0.1,,,0.1,,,1750845616.385
1312,373260062,1750847479914,3,0.0006,0.00065196,50.4,BTC-25JUL25-150000-C,107130.23,sell,0.1,,,0.1,,,1750847479.914
1313,373260648,1750847779931,3,0.0006,0.00063132,50.58,BTC-25JUL25-150000-C,106987.25,sell,0.1,,,0.1,,,1750847779.931
1314,373262487,1750848908250,3,0.0006,0.00063184,50.52,BTC-25JUL25-150000-C,107030.66,sell,0.1,,,0.1,,,1750848908.25
1315,373285659,1750858196691,0,0.0007,0.00065447,50.45,BTC-25JUL25-150000-C,107928.2,sell,0.1,,,0.1,,,1750858196.691
1316,373291325,1750859044238,1,0.0007,0.00066795,50.36,BTC-25JUL25-150000-C,107997.71,sell,2.0,,,2.0,,,1750859044.238
1317,373291326,1750859044238,1,0.0007,0.00066795,50.36,BTC-25JUL25-150000-C,107997.71,sell,0.1,,,0.1,,,1750859044.238
1318,373291849,1750859071855,1,0.0007,0.00067036,50.32,BTC-25JUL25-150000-C,108032.12,sell,3.0,,,3.0,,,1750859071.855
1319,373298392,1750860231010,1,0.0007,0.00064998,50.31,BTC-25JUL25-150000-C,108035.76,sell,0.1,,,0.1,,,1750860231.01
1320,373299039,1750860531052,1,0.0007,0.00066875,50.17,BTC-25JUL25-150000-C,108164.33,sell,0.1,,,0.1,,,1750860531.052
1321,373299983,1750860831083,1,0.0007,0.000656,50.33,BTC-25JUL25-150000-C,108019.14,sell,0.1,,,0.1,,,1750860831.083
1322,373302138,1750861131096,1,0.0007,0.00063079,50.82,BTC-25JUL25-150000-C,107631.85,sell,0.1,,,0.1,,,1750861131.096
1323,373305218,1750861384392,1,0.0007,0.00065211,50.99,BTC-25JUL25-150000-C,107495.54,sell,1.0,,,1.0,,,1750861384.392
1324,373305235,1750861389200,1,0.0007,0.00065065,51.01,BTC-25JUL25-150000-C,107486.0,sell,1.0,,,1.0,,,1750861389.2
1325,373305399,1750861413259,1,0.0007,0.00065991,50.91,BTC-25JUL25-150000-C,107564.79,sell,1.0,,,1.0,,,1750861413.259
1326,373305416,1750861417942,1,0.0007,0.00066313,50.87,BTC-25JUL25-150000-C,107598.01,sell,1.0,,,1.0,,,1750861417.942
1327,373305478,1750861436979,1,0.0007,0.00066459,50.84,BTC-25JUL25-150000-C,107618.13,sell,0.1,,,0.1,,,1750861436.979
1328,373307053,1750861737034,1,0.0007,0.00065721,50.94,BTC-25JUL25-150000-C,107546.14,sell,0.1,,,0.1,,,1750861737.034
1329,373308370,1750862037045,1,0.0007,0.00066812,50.83,BTC-25JUL25-150000-C,107647.95,sell,0.1,,,0.1,,,1750862037.045
1330,373309237,1750862337076,1,0.0007,0.00067802,50.67,BTC-25JUL25-150000-C,107801.28,sell,0.1,,,0.1,,,1750862337.076
1331,373310014,1750862637117,1,0.0007,0.00067404,50.66,BTC-25JUL25-150000-C,107792.98,sell,0.1,,,0.1,,,1750862637.117
1332,373311945,1750863250826,1,0.0007,0.00065948,50.74,BTC-25JUL25-150000-C,107750.4,sell,0.1,,,0.1,,,1750863250.826
1333,373312667,1750863656458,1,0.0007,0.00065458,50.86,BTC-25JUL25-150000-C,107657.85,sell,0.1,,,0.1,,,1750863656.458
1334,373313751,1750863956469,1,0.0007,0.00064455,51.09,BTC-25JUL25-150000-C,107481.99,sell,0.1,,,0.1,,,1750863956.469
1335,373315297,1750864256540,1,0.0007,0.00065632,51.06,BTC-25JUL25-150000-C,107513.34,sell,0.1,,,0.1,,,1750864256.54
1336,373316859,1750864556561,1,0.0007,0.0006474,51.23,BTC-25JUL25-150000-C,107372.12,sell,0.1,,,0.1,,,1750864556.561
1337,373319568,1750864856600,1,0.0007,0.00064157,51.41,BTC-25JUL25-150000-C,107208.62,sell,0.1,,,0.1,,,1750864856.6
1338,373321043,1750865156645,1,0.0007,0.00065502,51.39,BTC-25JUL25-150000-C,107221.71,sell,0.1,,,0.1,,,1750865156.645
1339,373323257,1750865456686,1,0.0007,0.00065926,51.44,BTC-25JUL25-150000-C,107179.27,sell,0.1,,,0.1,,,1750865456.686
1340,373326114,1750865756741,1,0.0007,0.00064058,51.78,BTC-25JUL25-150000-C,106933.21,sell,0.1,,,0.1,,,1750865756.741
1341,373327966,1750866056791,1,0.0007,0.00065553,51.67,BTC-25JUL25-150000-C,107036.23,sell,0.1,,,0.1,,,1750866056.791
1342,373329509,1750866356880,1,0.0007,0.00065697,51.72,BTC-25JUL25-150000-C,106980.0,sell,0.1,,,0.1,,,1750866356.88
1343,373332901,1750866927656,1,0.0007,0.00067134,51.52,BTC-25JUL25-150000-C,107134.72,sell,0.1,,,0.1,,,1750866927.656
1344,373341542,1750869398765,1,0.0007,0.00065105,51.47,BTC-25JUL25-150000-C,107185.72,sell,0.1,,,0.1,,,1750869398.765
1345,373343217,1750870090107,1,0.0007,0.00064958,51.61,BTC-25JUL25-150000-C,107093.2,sell,0.1,,,0.1,,,1750870090.107
1346,373348337,1750873003932,1,0.0007,0.00066163,51.33,BTC-25JUL25-150000-C,107335.37,sell,0.1,,,0.1,,,1750873003.932
1347,373349036,1750873303970,1,0.0007,0.00063145,51.73,BTC-25JUL25-150000-C,107015.71,sell,0.1,,,0.1,,,1750873303.97
1348,373349525,1750873604023,1,0.0007,0.00064998,51.67,BTC-25JUL25-150000-C,107064.16,sell,0.1,,,0.1,,,1750873604.023
1349,373349862,1750873904054,1,0.0007,0.00066949,51.5,BTC-25JUL25-150000-C,107206.68,sell,0.1,,,0.1,,,1750873904.054
1350,373351687,1750875633810,1,0.0007,0.00067881,51.13,BTC-25JUL25-150000-C,107532.6,sell,0.1,,,0.1,,,1750875633.81
1351,373352076,1750875933864,1,0.0007,0.00066523,51.25,BTC-25JUL25-150000-C,107440.3,sell,0.1,,,0.1,,,1750875933.864
1352,373352714,1750876558865,1,0.0007,0.00065972,51.32,BTC-25JUL25-150000-C,107401.79,sell,0.1,,,0.1,,,1750876558.865
1353,373366134,1750885922948,1,0.0007,0.00066376,51.03,BTC-25JUL25-150000-C,107720.93,sell,0.1,,,0.1,,,1750885922.948
1354,373366464,1750886222980,1,0.0007,0.00066682,51.02,BTC-25JUL25-150000-C,107708.8,sell,0.1,,,0.1,,,1750886222.98
1355,373366593,1750886523000,1,0.0007,0.00066498,51.05,BTC-25JUL25-150000-C,107699.52,sell,0.1,,,0.1,,,1750886523.0
1356,373367040,1750886823024,1,0.0007,0.00067318,50.99,BTC-25JUL25-150000-C,107721.06,sell,0.1,,,0.1,,,1750886823.024
1357,373367355,1750887123053,1,0.0007,0.0006524,51.23,BTC-25JUL25-150000-C,107558.75,sell,0.1,,,0.1,,,1750887123.053
1358,373367890,1750887423069,1,0.0007,0.00066506,51.14,BTC-25JUL25-150000-C,107630.13,sell,0.1,,,0.1,,,1750887423.069
1359,373368411,1750887723121,1,0.0007,0.00065603,51.26,BTC-25JUL25-150000-C,107548.24,sell,0.1,,,0.1,,,1750887723.121
1360,373368659,1750888023153,1,0.0007,0.000663,51.23,BTC-25JUL25-150000-C,107557.63,sell,0.1,,,0.1,,,1750888023.153
1361,373369271,1750888323207,1,0.0007,0.00066389,51.24,BTC-25JUL25-150000-C,107570.47,sell,0.1,,,0.1,,,1750888323.207
1362,373371180,1750889103092,1,0.0007,0.0006552,51.41,BTC-25JUL25-150000-C,107449.97,sell,0.1,,,0.1,,,1750889103.092
1363,373371511,1750889403165,1,0.0007,0.00066649,51.34,BTC-25JUL25-150000-C,107504.73,sell,0.1,,,0.1,,,1750889403.165
1364,373372833,1750890229891,1,0.0007,0.0006582,51.46,BTC-25JUL25-150000-C,107427.33,sell,0.1,,,0.1,,,1750890229.891
1365,373372994,1750890529910,1,0.0007,0.0006602,51.47,BTC-25JUL25-150000-C,107423.34,sell,0.1,,,0.1,,,1750890529.91
1367,373379311,1750895512265,3,0.0006,0.00066675,50.76,BTC-25JUL25-150000-C,107235.58,sell,0.1,,,0.1,,,1750895512.265
1366,373379310,1750895512265,2,0.0006,0.00066675,50.76,BTC-25JUL25-150000-C,107235.58,sell,1.0,,,1.0,,,1750895512.265
1368,373402615,1750908577690,0,0.0007,0.00066047,51.05,BTC-25JUL25-150000-C,107944.06,sell,2.0,,,2.0,,,1750908577.69
1369,373427419,1750927427576,1,0.0007,0.00066811,51.26,BTC-25JUL25-150000-C,107884.94,sell,0.1,,,0.1,,,1750927427.576
1370,373427681,1750927727599,1,0.0007,0.00067756,51.3,BTC-25JUL25-150000-C,107858.28,sell,0.1,,,0.1,,,1750927727.599
1371,373428017,1750928027626,1,0.0007,0.00068348,51.33,BTC-25JUL25-150000-C,107838.95,sell,0.1,,,0.1,,,1750928027.626
1372,373428199,1750928327673,1,0.0007,0.00068863,51.32,BTC-25JUL25-150000-C,107844.47,sell,0.1,,,0.1,,,1750928327.673
1373,373428760,1750928627696,1,0.0007,0.00069053,51.34,BTC-25JUL25-150000-C,107825.18,sell,0.1,,,0.1,,,1750928627.696
1374,373429242,1750928927717,1,0.0007,0.00067644,51.53,BTC-25JUL25-150000-C,107674.79,sell,0.1,,,0.1,,,1750928927.717
1375,373436481,1750932646545,1,0.0007,0.00070117,51.78,BTC-25JUL25-150000-C,107491.38,sell,0.1,,,0.1,,,1750932646.545
1376,373436936,1750932946647,1,0.0007,0.00069316,51.87,BTC-25JUL25-150000-C,107419.85,sell,0.1,,,0.1,,,1750932946.647
1377,373437698,1750933246673,1,0.0007,0.00069247,51.9,BTC-25JUL25-150000-C,107400.04,sell,0.1,,,0.1,,,1750933246.673
1378,373437888,1750933546707,1,0.0007,0.00068859,51.98,BTC-25JUL25-150000-C,107335.55,sell,0.1,,,0.1,,,1750933546.707
1379,373438302,1750933846748,1,0.0007,0.00069901,51.87,BTC-25JUL25-150000-C,107413.15,sell,0.1,,,0.1,,,1750933846.748
1380,373438810,1750934221512,1,0.0007,0.00069886,51.86,BTC-25JUL25-150000-C,107426.3,sell,0.1,,,0.1,,,1750934221.512
1381,373439628,1750934763900,1,0.0007,0.00070085,51.83,BTC-25JUL25-150000-C,107457.6,sell,0.1,,,0.1,,,1750934763.9
1382,373440413,1750935448974,1,0.0007,0.00069681,51.86,BTC-25JUL25-150000-C,107440.34,sell,0.1,,,0.1,,,1750935448.974
1383,373440536,1750935748999,1,0.0007,0.0006944,51.89,BTC-25JUL25-150000-C,107424.13,sell,0.1,,,0.1,,,1750935748.999
1384,373440850,1750936049043,1,0.0007,0.00069558,51.88,BTC-25JUL25-150000-C,107425.66,sell,0.1,,,0.1,,,1750936049.043
1385,373441112,1750936349065,1,0.0007,0.00069532,51.89,BTC-25JUL25-150000-C,107417.32,sell,0.1,,,0.1,,,1750936349.065
1386,373441665,1750936649103,1,0.0007,0.00068721,51.98,BTC-25JUL25-150000-C,107357.3,sell,0.1,,,0.1,,,1750936649.103
1387,373442469,1750936949136,1,0.0007,0.0006838,52.07,BTC-25JUL25-150000-C,107280.62,sell,0.1,,,0.1,,,1750936949.136
1388,373443951,1750937712879,1,0.0007,0.00069528,52.08,BTC-25JUL25-150000-C,107263.78,sell,0.1,,,0.1,,,1750937712.879
1389,373445480,1750938352729,1,0.0007,0.00068993,52.15,BTC-25JUL25-150000-C,107231.54,sell,0.1,,,0.1,,,1750938352.729
1391,373462064,1750945320281,3,0.0006,0.0006624,51.27,BTC-25JUL25-150000-C,107198.58,sell,0.1,,,0.1,,,1750945320.281
1390,373462063,1750945320281,2,0.0006,0.0006624,51.27,BTC-25JUL25-150000-C,107198.58,sell,4.0,,,4.0,,,1750945320.281
1392,373463439,1750945687722,3,0.0006,0.00061368,51.39,BTC-25JUL25-150000-C,107085.16,sell,0.1,,,0.1,,,1750945687.722
1393,373464582,1750945987764,3,0.0006,0.00059773,51.52,BTC-25JUL25-150000-C,106971.26,sell,0.1,,,0.1,,,1750945987.764
1394,373479055,1750951931545,3,0.0006,0.00059339,51.68,BTC-25JUL25-150000-C,106887.36,sell,0.1,,,0.1,,,1750951931.545
1395,373483908,1750953302670,3,0.0006,0.00065009,51.3,BTC-25JUL25-150000-C,107243.51,sell,0.1,,,0.1,,,1750953302.67
1396,373502142,1750963380024,3,0.0006,0.00060325,51.32,BTC-25JUL25-150000-C,107296.37,sell,0.1,,,0.1,,,1750963380.024
1397,373502590,1750963735499,3,0.0006,0.00061463,51.32,BTC-25JUL25-150000-C,107312.35,sell,0.1,,,0.1,,,1750963735.499
1398,373511400,1750970742471,3,0.0006,0.00062916,50.68,BTC-25JUL25-150000-C,107908.16,sell,0.1,,,0.1,,,1750970742.471
1399,373514845,1750972096529,3,0.0006,0.00062469,50.95,BTC-25JUL25-150000-C,107673.58,sell,0.1,,,0.1,,,1750972096.529
1400,373514873,1750972114661,3,0.0006,0.00062443,50.95,BTC-25JUL25-150000-C,107667.19,sell,10.0,,,10.0,,,1750972114.661
1401,373515445,1750972396601,3,0.0006,0.00061068,51.21,BTC-25JUL25-150000-C,107435.71,sell,0.1,,,0.1,,,1750972396.601
1402,373515904,1750972696616,3,0.0006,0.0006177,51.27,BTC-25JUL25-150000-C,107407.99,sell,0.1,,,0.1,,,1750972696.616
1403,373516721,1750972996662,3,0.0006,0.00061629,51.39,BTC-25JUL25-150000-C,107300.09,sell,0.1,,,0.1,,,1750972996.662
1404,373517289,1750973296687,3,0.0006,0.00062661,51.38,BTC-25JUL25-150000-C,107323.83,sell,0.1,,,0.1,,,1750973296.687
1405,373518793,1750973596707,3,0.0006,0.00060536,51.63,BTC-25JUL25-150000-C,107118.33,sell,0.1,,,0.1,,,1750973596.707
1406,373521100,1750973896755,3,0.0006,0.00059486,51.77,BTC-25JUL25-150000-C,107015.13,sell,0.1,,,0.1,,,1750973896.755
1407,373522125,1750974196800,3,0.0006,0.00059337,51.85,BTC-25JUL25-150000-C,106975.57,sell,0.1,,,0.1,,,1750974196.8
1408,373523414,1750974990471,3,0.0006,0.0006244,51.83,BTC-25JUL25-150000-C,106998.17,sell,0.1,,,0.1,,,1750974990.471
1409,373532948,1750983295259,3,0.0006,0.00063733,51.79,BTC-25JUL25-150000-C,107080.19,sell,0.1,,,0.1,,,1750983295.259
1410,373533697,1750984385675,3,0.0006,0.00063714,51.68,BTC-25JUL25-150000-C,107171.12,sell,0.1,,,0.1,,,1750984385.675
1411,373533877,1750984685688,3,0.0006,0.00063788,51.65,BTC-25JUL25-150000-C,107194.1,sell,0.1,,,0.1,,,1750984685.688
1412,373534279,1750984985742,3,0.0006,0.00061385,51.93,BTC-25JUL25-150000-C,106990.07,sell,0.1,,,0.1,,,1750984985.742
1413,373534554,1750985285777,3,0.0006,0.00062339,51.94,BTC-25JUL25-150000-C,106971.74,sell,0.1,,,0.1,,,1750985285.777
1414,373542537,1750992483710,3,0.0006,0.00064212,51.6,BTC-25JUL25-150000-C,107314.27,sell,0.1,,,0.1,,,1750992483.71
1415,373551144,1751002457115,3,0.0006,0.00063142,51.64,BTC-25JUL25-150000-C,107387.22,sell,0.1,,,0.1,,,1751002457.115
1416,373565321,1751009902219,3,0.0006,0.00061539,52.02,BTC-25JUL25-150000-C,107216.45,sell,0.1,,,0.1,,,1751009902.219
1417,373567187,1751010202242,3,0.0006,0.00062116,52.25,BTC-25JUL25-150000-C,107032.53,sell,0.1,,,0.1,,,1751010202.242
1418,373568794,1751010502290,3,0.0006,0.00062854,52.24,BTC-25JUL25-150000-C,107050.57,sell,0.1,,,0.1,,,1751010502.29
1419,373571079,1751010802323,3,0.0006,0.00062565,52.35,BTC-25JUL25-150000-C,106988.3,sell,0.1,,,0.1,,,1751010802.323
1420,373576694,1751011426971,2,0.0005,0.00063398,51.17,BTC-25JUL25-150000-C,107020.91,sell,0.1,,,0.1,,,1751011426.971
1421,373578665,1751012027658,0,0.0006,0.00063738,52.4,BTC-25JUL25-150000-C,106952.07,sell,0.1,,,0.1,,,1751012027.658
1422,373579396,1751012347735,1,0.0006,0.00062882,52.51,BTC-25JUL25-150000-C,106888.81,sell,0.1,,,0.1,,,1751012347.735
1423,373580031,1751012647749,1,0.0006,0.00062403,52.63,BTC-25JUL25-150000-C,106799.26,sell,0.1,,,0.1,,,1751012647.749
1424,373580549,1751012947862,1,0.0006,0.00063001,52.61,BTC-25JUL25-150000-C,106799.56,sell,0.1,,,0.1,,,1751012947.862
1425,373580960,1751013247878,1,0.0006,0.00062894,52.68,BTC-25JUL25-150000-C,106748.86,sell,0.1,,,0.1,,,1751013247.878
1426,373581794,1751013547915,1,0.0006,0.00064137,52.54,BTC-25JUL25-150000-C,106852.07,sell,0.1,,,0.1,,,1751013547.915
1427,373582243,1751013847942,1,0.0006,0.00063883,52.52,BTC-25JUL25-150000-C,106838.63,sell,0.1,,,0.1,,,1751013847.942
1428,373583222,1751014147956,1,0.0006,0.00065335,52.25,BTC-25JUL25-150000-C,107069.58,sell,0.1,,,0.1,,,1751014147.956
1429,373583680,1751014447991,1,0.0006,0.00064131,52.25,BTC-25JUL25-150000-C,107062.46,sell,0.1,,,0.1,,,1751014447.991
1430,373584166,1751014748053,1,0.0006,0.00063005,52.23,BTC-25JUL25-150000-C,107059.92,sell,0.1,,,0.1,,,1751014748.053
1431,373584602,1751015054823,1,0.0006,0.00060277,52.38,BTC-25JUL25-150000-C,106953.56,sell,0.1,,,0.1,,,1751015054.823
1432,373585277,1751015366086,1,0.0006,0.00059982,52.4,BTC-25JUL25-150000-C,106930.21,sell,0.1,,,0.1,,,1751015366.086
1433,373585673,1751015666114,1,0.0006,0.00059418,52.46,BTC-25JUL25-150000-C,106877.84,sell,0.1,,,0.1,,,1751015666.114
1434,373586128,1751016038095,1,0.0006,0.00059913,52.38,BTC-25JUL25-150000-C,106957.69,sell,0.1,,,0.1,,,1751016038.095
1435,373587988,1751017251817,1,0.0006,0.00060269,52.23,BTC-25JUL25-150000-C,107081.19,sell,0.1,,,0.1,,,1751017251.817
1438,373592752,1751019275789,3,0.0005,0.00058826,51.02,BTC-25JUL25-150000-C,107070.15,sell,0.1,,,0.1,,,1751019275.789
1437,373592751,1751019275789,3,0.0005,0.00058826,51.02,BTC-25JUL25-150000-C,107070.15,sell,3.5,,,3.5,,,1751019275.789
1436,373592750,1751019275789,2,0.0005,0.00058826,51.02,BTC-25JUL25-150000-C,107070.15,sell,0.8,,,0.8,,,1751019275.789
1439,373596283,1751022298198,3,0.0005,0.00053984,51.07,BTC-25JUL25-150000-C,107068.93,sell,0.1,,,0.1,,,1751022298.198
1440,373596488,1751022598214,3,0.0005,0.00053674,51.09,BTC-25JUL25-150000-C,107060.95,sell,0.1,,,0.1,,,1751022598.214
1441,373596577,1751022898250,3,0.0005,0.00053508,51.11,BTC-25JUL25-150000-C,107054.08,sell,0.1,,,0.1,,,1751022898.25
1442,373596852,1751023198265,3,0.0005,0.00053269,50.99,BTC-25JUL25-150000-C,107136.26,sell,0.1,,,0.1,,,1751023198.265
1443,373597266,1751023498310,3,0.0005,0.00050403,51.16,BTC-25JUL25-150000-C,107020.55,sell,0.1,,,0.1,,,1751023498.31
1444,373597614,1751023798348,3,0.0005,0.0004952,51.22,BTC-25JUL25-150000-C,106968.65,sell,0.1,,,0.1,,,1751023798.348
1445,373597779,1751024098367,3,0.0005,0.0004978,51.17,BTC-25JUL25-150000-C,107005.2,sell,0.1,,,0.1,,,1751024098.367
1446,373598360,1751024398410,3,0.0005,0.00049549,51.16,BTC-25JUL25-150000-C,107017.08,sell,0.1,,,0.1,,,1751024398.41
1447,373598526,1751024698439,3,0.0005,0.00049459,51.16,BTC-25JUL25-150000-C,107023.53,sell,0.1,,,0.1,,,1751024698.439
1448,373598796,1751024998466,3,0.0005,0.00049717,51.12,BTC-25JUL25-150000-C,107052.14,sell,0.1,,,0.1,,,1751024998.466
1449,373599118,1751025298496,3,0.0005,0.00048852,51.22,BTC-25JUL25-150000-C,106972.77,sell,0.1,,,0.1,,,1751025298.496
1450,373599383,1751025598540,3,0.0005,0.00049324,51.17,BTC-25JUL25-150000-C,107016.59,sell,0.1,,,0.1,,,1751025598.54
1451,373599777,1751025830701,2,0.0004,0.00048837,49.86,BTC-25JUL25-150000-C,106979.8,sell,3.0,,,3.0,,,1751025830.701
1452,373599892,1751026037904,0,0.0005,0.00046634,51.24,BTC-25JUL25-150000-C,106974.33,sell,0.1,,,0.1,,,1751026037.904
1453,373600183,1751026337950,1,0.0005,0.00046697,51.22,BTC-25JUL25-150000-C,107014.71,sell,0.1,,,0.1,,,1751026337.95
1454,373600391,1751026637970,1,0.0005,0.00046687,51.22,BTC-25JUL25-150000-C,106994.55,sell,0.1,,,0.1,,,1751026637.97
1455,373600477,1751026709390,1,0.0005,0.0004662,51.23,BTC-25JUL25-150000-C,106984.88,sell,1.0,,,1.0,,,1751026709.39
1456,373600502,1751026765055,1,0.0005,0.00046823,51.21,BTC-25JUL25-150000-C,106998.12,sell,1.0,,,1.0,,,1751026765.055
1457,373600618,1751026849686,1,0.0005,0.0004747,51.11,BTC-25JUL25-150000-C,107066.22,sell,3.0,,,3.0,,,1751026849.686
1458,373600910,1751026938007,1,0.0005,0.00048278,50.99,BTC-25JUL25-150000-C,107159.74,sell,0.1,,,0.1,,,1751026938.007
1459,373601344,1751027238042,1,0.0005,0.00050388,50.97,BTC-25JUL25-150000-C,107207.33,sell,0.1,,,0.1,,,1751027238.042
1460,373602496,1751027538073,1,0.0005,0.00048119,51.44,BTC-25JUL25-150000-C,106835.23,sell,0.1,,,0.1,,,1751027538.073
1461,373603312,1751027838126,1,0.0005,0.00049869,51.2,BTC-25JUL25-150000-C,107016.25,sell,0.1,,,0.1,,,1751027838.126
1462,373604481,1751028138145,1,0.0005,0.00048301,51.48,BTC-25JUL25-150000-C,106856.53,sell,0.1,,,0.1,,,1751028138.145
1463,373605923,1751028438198,1,0.0005,0.00049183,51.5,BTC-25JUL25-150000-C,106843.88,sell,0.1,,,0.1,,,1751028438.198
1464,373606223,1751028738238,1,0.0005,0.00049135,51.52,BTC-25JUL25-150000-C,106829.43,sell,0.1,,,0.1,,,1751028738.238
1465,373607201,1751029038291,1,0.0005,0.00048969,51.74,BTC-25JUL25-150000-C,106655.31,sell,0.1,,,0.1,,,1751029038.291
1466,373608613,1751029338302,1,0.0005,0.00051502,51.63,BTC-25JUL25-150000-C,106752.93,sell,0.1,,,0.1,,,1751029338.302
1467,373609107,1751029638332,1,0.0005,0.00050913,51.59,BTC-25JUL25-150000-C,106804.49,sell,0.1,,,0.1,,,1751029638.332
1468,373609642,1751029938371,1,0.0005,0.00050472,51.55,BTC-25JUL25-150000-C,106824.42,sell,0.1,,,0.1,,,1751029938.371
1469,373609876,1751030238391,1,0.0005,0.00050385,51.54,BTC-25JUL25-150000-C,106844.64,sell,0.1,,,0.1,,,1751030238.391
1470,373610285,1751030538415,1,0.0005,0.00050846,51.69,BTC-25JUL25-150000-C,106748.09,sell,0.1,,,0.1,,,1751030538.415
1471,373610764,1751030838466,1,0.0005,0.00051957,51.69,BTC-25JUL25-150000-C,106748.7,sell,0.1,,,0.1,,,1751030838.466
1472,373611854,1751031138483,1,0.0005,0.00052,51.69,BTC-25JUL25-150000-C,106744.34,sell,0.1,,,0.1,,,1751031138.483
1473,373612505,1751031438498,1,0.0005,0.00053105,51.55,BTC-25JUL25-150000-C,106855.77,sell,0.1,,,0.1,,,1751031438.498
1474,373613165,1751031726932,1,0.0005,0.00052839,51.5,BTC-25JUL25-150000-C,106908.42,sell,5.0,,,5.0,,,1751031726.932
1475,373613191,1751031738511,1,0.0005,0.00053082,51.47,BTC-25JUL25-150000-C,106933.32,sell,0.1,,,0.1,,,1751031738.511
1476,373613707,1751032038534,1,0.0005,0.0005085,51.86,BTC-25JUL25-150000-C,106625.22,sell,0.1,,,0.1,,,1751032038.534
1477,373615041,1751032338576,1,0.0005,0.00051601,51.98,BTC-25JUL25-150000-C,106517.63,sell,0.1,,,0.1,,,1751032338.576
1478,373615825,1751032638620,1,0.0005,0.00052809,51.6,BTC-25JUL25-150000-C,106811.29,sell,0.1,,,0.1,,,1751032638.62
1479,373616396,1751032938638,1,0.0005,0.00051777,51.52,BTC-25JUL25-150000-C,106882.03,sell,0.1,,,0.1,,,1751032938.638
1480,373617809,1751033248377,1,0.0005,0.00053222,51.27,BTC-25JUL25-150000-C,107096.11,sell,0.1,,,0.1,,,1751033248.377
1481,373618659,1751033548451,1,0.0005,0.00051333,51.46,BTC-25JUL25-150000-C,106936.26,sell,0.1,,,0.1,,,1751033548.451
1482,373619699,1751033848476,1,0.0005,0.00048489,51.78,BTC-25JUL25-150000-C,106670.42,sell,0.1,,,0.1,,,1751033848.476
1483,373620681,1751034148523,1,0.0005,0.00049533,51.73,BTC-25JUL25-150000-C,106698.52,sell,0.1,,,0.1,,,1751034148.523
1484,373622176,1751034448597,1,0.0005,0.00051307,51.77,BTC-25JUL25-150000-C,106641.04,sell,0.1,,,0.1,,,1751034448.597
1485,373623442,1751034811469,1,0.0005,0.00051326,51.9,BTC-25JUL25-150000-C,106550.99,sell,0.1,,,0.1,,,1751034811.469
1486,373624352,1751035111483,1,0.0005,0.00053809,51.67,BTC-25JUL25-150000-C,106734.1,sell,0.1,,,0.1,,,1751035111.483
1487,373625095,1751035411528,1,0.0005,0.000516,51.83,BTC-25JUL25-150000-C,106609.94,sell,0.1,,,0.1,,,1751035411.528
1488,373626373,1751035736664,1,0.0005,0.00050631,51.81,BTC-25JUL25-150000-C,106626.0,sell,0.1,,,0.1,,,1751035736.664
1489,373627824,1751036281264,1,0.0005,0.00049524,51.9,BTC-25JUL25-150000-C,106566.28,sell,0.1,,,0.1,,,1751036281.264
1490,373629393,1751036816165,1,0.0005,0.00050177,51.77,BTC-25JUL25-150000-C,106679.51,sell,0.1,,,0.1,,,1751036816.165
1491,373629806,1751037116196,1,0.0005,0.00048946,51.92,BTC-25JUL25-150000-C,106573.9,sell,0.1,,,0.1,,,1751037116.196
1492,373630248,1751037416217,1,0.0005,0.00048719,51.94,BTC-25JUL25-150000-C,106557.67,sell,0.1,,,0.1,,,1751037416.217
1493,373630787,1751037716254,1,0.0005,0.00050172,51.74,BTC-25JUL25-150000-C,106711.86,sell,0.1,,,0.1,,,1751037716.254
1494,373631478,1751038156227,1,0.0005,0.00050593,51.6,BTC-25JUL25-150000-C,106834.15,sell,0.1,,,0.1,,,1751038156.227
1495,373632248,1751038456257,1,0.0005,0.00050522,51.52,BTC-25JUL25-150000-C,106906.73,sell,0.1,,,0.1,,,1751038456.257
1496,373633058,1751038803423,1,0.0005,0.00051015,51.29,BTC-25JUL25-150000-C,107114.18,sell,0.1,,,0.1,,,1751038803.423
1497,373634567,1751039103478,1,0.0005,0.0005119,51.1,BTC-25JUL25-150000-C,107254.83,sell,0.1,,,0.1,,,1751039103.478
1498,373634805,1751039196969,2,0.0004,0.00049778,49.87,BTC-25JUL25-150000-C,107145.1,sell,4.0,,,4.0,,,1751039196.969
1499,373640170,1751040856157,0,0.0005,0.00043009,51.07,BTC-25JUL25-150000-C,107275.27,sell,0.1,,,0.1,,,1751040856.157
1500,373647322,1751043943259,2,0.0004,0.00042102,49.71,BTC-25JUL25-150000-C,107274.02,sell,0.1,,,0.1,,,1751043943.259
1501,373680365,1751076374637,0,0.0005,0.00032524,51.73,BTC-25JUL25-150000-C,107082.53,buy,0.1,,,0.1,,,1751076374.637
1502,373684200,1751084425880,2,0.0004,0.00035994,50.24,BTC-25JUL25-150000-C,107258.7,sell,0.1,,,0.1,,,1751084425.88
1503,373684246,1751084725909,3,0.0004,0.00036065,50.22,BTC-25JUL25-150000-C,107272.75,sell,0.1,,,0.1,,,1751084725.909
1504,373684253,1751085025931,3,0.0004,0.00037482,50.22,BTC-25JUL25-150000-C,107274.31,sell,0.1,,,0.1,,,1751085025.931
1505,373684491,1751085325943,3,0.0004,0.00038067,50.25,BTC-25JUL25-150000-C,107258.2,sell,0.1,,,0.1,,,1751085325.943
1506,373684500,1751085625953,3,0.0004,0.00039523,50.25,BTC-25JUL25-150000-C,107260.59,sell,0.1,,,0.1,,,1751085625.953
1507,373684561,1751085925985,3,0.0004,0.0004106,50.26,BTC-25JUL25-150000-C,107260.07,sell,0.1,,,0.1,,,1751085925.985
1508,373684575,1751086226022,3,0.0004,0.00042008,50.26,BTC-25JUL25-150000-C,107260.99,sell,0.1,,,0.1,,,1751086226.022
1509,373685873,1751091019915,3,0.0004,0.00043808,50.13,BTC-25JUL25-150000-C,107407.87,sell,0.1,,,0.1,,,1751091019.915
1510,373686066,1751091319925,3,0.0004,0.00043636,50.1,BTC-25JUL25-150000-C,107438.22,sell,0.1,,,0.1,,,1751091319.925
1511,373686161,1751091619953,3,0.0004,0.00043391,50.11,BTC-25JUL25-150000-C,107441.37,sell,0.1,,,0.1,,,1751091619.953
1512,373686204,1751091919967,3,0.0004,0.00043392,50.1,BTC-25JUL25-150000-C,107453.34,sell,0.1,,,0.1,,,1751091919.967
1513,373686461,1751092219994,3,0.0004,0.00043531,50.05,BTC-25JUL25-150000-C,107488.89,sell,0.1,,,0.1,,,1751092219.994
1514,373686715,1751092520032,3,0.0004,0.00043168,50.1,BTC-25JUL25-150000-C,107458.49,sell,0.1,,,0.1,,,1751092520.032
1515,373686784,1751092820075,3,0.0004,0.00043165,50.1,BTC-25JUL25-150000-C,107460.73,sell,0.1,,,0.1,,,1751092820.075
1516,373691443,1751101645063,3,0.0004,0.00043012,50.26,BTC-25JUL25-150000-C,107376.59,sell,0.1,,,0.1,,,1751101645.063
1517,373691544,1751101945094,3,0.0004,0.00042868,50.29,BTC-25JUL25-150000-C,107356.68,sell,0.1,,,0.1,,,1751101945.094
1518,373691731,1751102801752,3,0.0004,0.0004308,50.29,BTC-25JUL25-150000-C,107368.03,sell,0.1,,,0.1,,,1751102801.752
1519,373692055,1751103901240,3,0.0004,0.00042813,50.35,BTC-25JUL25-150000-C,107331.15,sell,1.0,,,1.0,,,1751103901.24
1520,373692093,1751104159431,3,0.0004,0.00042882,50.35,BTC-25JUL25-150000-C,107337.98,sell,0.1,,,0.1,,,1751104159.431
1521,373692657,1751106011542,3,0.0004,0.00042625,50.36,BTC-25JUL25-150000-C,107349.29,sell,0.1,,,0.1,,,1751106011.542
1522,373693191,1751106935502,3,0.0004,0.00043031,50.3,BTC-25JUL25-150000-C,107394.27,sell,0.1,,,0.1,,,1751106935.502
1523,373693332,1751107235544,3,0.0004,0.00042759,50.35,BTC-25JUL25-150000-C,107359.62,sell,0.1,,,0.1,,,1751107235.544
1524,373693494,1751107535561,3,0.0004,0.00042802,50.38,BTC-25JUL25-150000-C,107339.99,sell,0.1,,,0.1,,,1751107535.561
1525,373693532,1751107835579,3,0.0004,0.00042814,50.39,BTC-25JUL25-150000-C,107327.68,sell,0.1,,,0.1,,,1751107835.579
1526,373693603,1751108135611,3,0.0004,0.00042828,50.41,BTC-25JUL25-150000-C,107314.67,sell,0.1,,,0.1,,,1751108135.611
1527,373693612,1751108435628,3,0.0004,0.00042677,50.42,BTC-25JUL25-150000-C,107312.76,sell,0.1,,,0.1,,,1751108435.628
1528,373693661,1751108735666,3,0.0004,0.00042557,50.41,BTC-25JUL25-150000-C,107316.59,sell,0.1,,,0.1,,,1751108735.666
1529,373693682,1751109035689,3,0.0004,0.00042461,50.42,BTC-25JUL25-150000-C,107316.44,sell,0.1,,,0.1,,,1751109035.689
1530,373694729,1751112996333,3,0.0004,0.00042992,50.42,BTC-25JUL25-150000-C,107369.68,sell,0.1,,,0.1,,,1751112996.333
1531,373694801,1751113296355,3,0.0004,0.00042271,50.45,BTC-25JUL25-150000-C,107347.72,sell,0.1,,,0.1,,,1751113296.355
1532,373694823,1751113596390,3,0.0004,0.00040751,50.46,BTC-25JUL25-150000-C,107346.44,sell,0.1,,,0.1,,,1751113596.39
1533,373694861,1751113896408,3,0.0004,0.00040056,50.46,BTC-25JUL25-150000-C,107341.63,sell,0.1,,,0.1,,,1751113896.408
1534,373694911,1751114196448,3,0.0004,0.00039639,50.43,BTC-25JUL25-150000-C,107362.57,sell,0.1,,,0.1,,,1751114196.448
1535,373694918,1751114496476,3,0.0004,0.00039376,50.43,BTC-25JUL25-150000-C,107359.14,sell,0.1,,,0.1,,,1751114496.476
1536,373694936,1751114796515,3,0.0004,0.00039236,50.43,BTC-25JUL25-150000-C,107359.98,sell,0.1,,,0.1,,,1751114796.515
1537,373695085,1751115096569,3,0.0004,0.00039412,50.4,BTC-25JUL25-150000-C,107385.05,sell,0.1,,,0.1,,,1751115096.569
1538,373695192,1751115396589,3,0.0004,0.00039208,50.41,BTC-25JUL25-150000-C,107374.5,sell,0.1,,,0.1,,,1751115396.589
1539,373695233,1751115696621,3,0.0004,0.00039227,50.4,BTC-25JUL25-150000-C,107392.66,sell,0.1,,,0.1,,,1751115696.621
1540,373695250,1751115996639,3,0.0004,0.0003912,50.41,BTC-25JUL25-150000-C,107388.1,sell,0.1,,,0.1,,,1751115996.639
1541,373695297,1751116296669,3,0.0004,0.00038955,50.44,BTC-25JUL25-150000-C,107371.27,sell,0.1,,,0.1,,,1751116296.669
1542,373695319,1751116596725,3,0.0004,0.00038979,50.45,BTC-25JUL25-150000-C,107367.92,sell,0.1,,,0.1,,,1751116596.725
1543,373695444,1751116896750,3,0.0004,0.00038826,50.5,BTC-25JUL25-150000-C,107339.05,sell,0.1,,,0.1,,,1751116896.75
1544,373695586,1751117196817,3,0.0004,0.00038707,50.55,BTC-25JUL25-150000-C,107295.5,sell,0.1,,,0.1,,,1751117196.817
1545,373695988,1751117496859,3,0.0004,0.00038141,50.71,BTC-25JUL25-150000-C,107167.42,sell,0.1,,,0.1,,,1751117496.859
1546,373696123,1751117796891,3,0.0004,0.00038473,50.72,BTC-25JUL25-150000-C,107151.09,sell,0.1,,,0.1,,,1751117796.891
1547,373696299,1751118096909,3,0.0004,0.00038829,50.71,BTC-25JUL25-150000-C,107159.16,sell,0.1,,,0.1,,,1751118096.909
1548,373696352,1751118396935,3,0.0004,0.00039167,50.71,BTC-25JUL25-150000-C,107160.29,sell,0.1,,,0.1,,,1751118396.935
1549,373696397,1751118697033,3,0.0004,0.000391,50.72,BTC-25JUL25-150000-C,107156.85,sell,0.1,,,0.1,,,1751118697.033
1550,373696514,1751118997075,3,0.0004,0.00039231,50.72,BTC-25JUL25-150000-C,107158.41,sell,0.1,,,0.1,,,1751118997.075
1551,373696627,1751119297142,3,0.0004,0.00039098,50.74,BTC-25JUL25-150000-C,107153.6,sell,0.1,,,0.1,,,1751119297.142
1552,373696705,1751119597173,3,0.0004,0.00039056,50.75,BTC-25JUL25-150000-C,107153.67,sell,0.1,,,0.1,,,1751119597.173
1553,373696795,1751119897211,3,0.0004,0.00039117,50.74,BTC-25JUL25-150000-C,107171.19,sell,0.1,,,0.1,,,1751119897.211
1554,373697028,1751120397484,3,0.0004,0.00039272,50.68,BTC-25JUL25-150000-C,107228.35,sell,0.1,,,0.1,,,1751120397.484
1555,373697161,1751120697511,3,0.0004,0.00039516,50.61,BTC-25JUL25-150000-C,107276.66,sell,0.1,,,0.1,,,1751120697.511
1556,373697306,1751120997533,3,0.0004,0.00039541,50.6,BTC-25JUL25-150000-C,107278.2,sell,0.1,,,0.1,,,1751120997.533
1557,373697370,1751121297579,3,0.0004,0.00039159,50.62,BTC-25JUL25-150000-C,107261.45,sell,0.1,,,0.1,,,1751121297.579
1558,373697430,1751121597593,3,0.0004,0.0003913,50.62,BTC-25JUL25-150000-C,107259.09,sell,0.1,,,0.1,,,1751121597.593
1559,373697440,1751121897612,3,0.0004,0.00039101,50.63,BTC-25JUL25-150000-C,107257.88,sell,0.1,,,0.1,,,1751121897.612
1560,373697446,1751122197626,3,0.0004,0.00039066,50.64,BTC-25JUL25-150000-C,107255.74,sell,0.1,,,0.1,,,1751122197.626
1561,373697460,1751122497652,3,0.0004,0.00039079,50.64,BTC-25JUL25-150000-C,107254.68,sell,0.1,,,0.1,,,1751122497.652
1562,373697463,1751122797702,3,0.0004,0.00039047,50.65,BTC-25JUL25-150000-C,107251.18,sell,0.1,,,0.1,,,1751122797.702
