trade_seq,trade_id,timestamp,tick_direction,price,mark_price,iv,instrument_name,index_price,direction,contracts,amount,block_trade_leg_count,block_trade_id,block_rfq_id,combo_id,combo_trade_id,liquidation,unix_sec
1577,369585787,1748645875683,2,0.05,0.05011726,44.61,BTC-25JUL25-110000-C,104058.65,sell,0.1,0.1,,,,,,,1748645875.683
1578,369585789,1748645877746,3,0.05,0.05011411,44.63,BTC-25JUL25-110000-C,104052.52,sell,0.2,0.2,,,,,,,1748645877.746
1579,369585791,1748645879808,3,0.05,0.05009788,44.63,BTC-25JUL25-110000-C,104052.6,sell,0.1,0.1,,,,,,,1748645879.808
1580,369586316,1748646082259,2,0.0495,0.0496407,44.56,BTC-25JUL25-110000-C,103947.14,sell,0.2,0.2,,,,,,,1748646082.259
1581,369586318,1748646082264,3,0.0495,0.0496407,44.56,BTC-25JUL25-110000-C,103947.14,sell,0.1,0.1,,,,,,,1748646082.264
1582,369590928,1748648103317,0,0.05,0.04953751,45.1,BTC-25JUL25-110000-C,103803.69,buy,0.1,0.1,,,,,,,1748648103.317
1583,369591260,1748648150757,2,0.049,0.0491676,44.67,BTC-25JUL25-110000-C,103721.89,sell,0.3,0.3,,,,,,,1748648150.757
1584,369599229,1748650777042,2,0.0485,0.04883972,44.44,BTC-25JUL25-110000-C,103680.05,sell,0.3,0.3,,,,,,,1748650777.042
1585,369601752,1748651772100,0,0.0495,0.04985695,44.32,BTC-25JUL25-110000-C,103992.79,sell,0.1,0.1,,,,,,,1748651772.1
1586,369609224,1748656547563,2,0.048,0.04806494,44.64,BTC-25JUL25-110000-C,103494.92,sell,0.4,0.4,,,,,,,1748656547.563
1587,369616074,1748660336696,3,0.048,0.04783542,45.2,BTC-25JUL25-110000-C,103244.73,buy,0.1,0.1,,,,,,,1748660336.696
1588,369617019,1748660978165,3,0.048,0.04791702,45.24,BTC-25JUL25-110000-C,103238.44,buy,0.1,0.1,,,,,,,1748660978.165
1589,369617024,1748660984418,3,0.048,0.04796401,45.17,BTC-25JUL25-110000-C,103260.7,buy,0.1,0.1,,,,,,,1748660984.418
1590,369629266,1748670802449,0,0.051,0.05081954,46.01,BTC-25JUL25-110000-C,103653.91,sell,0.1,0.1,,,,,,,1748670802.449
1591,369656536,1748686706094,2,0.05,0.04966503,45.9,BTC-25JUL25-110000-C,103601.14,buy,0.1,0.1,,,,,,,1748686706.094
1592,369656537,1748686706094,3,0.05,0.04966503,45.9,BTC-25JUL25-110000-C,103601.14,buy,0.4,0.4,,,,,,,1748686706.094
1593,369667861,1748699425471,0,0.0515,0.05103418,45.66,BTC-25JUL25-110000-C,104089.78,buy,0.1,0.1,,,,,,,1748699425.471
1594,369691022,1748720753164,0,0.055,0.05526823,46.36,BTC-25JUL25-110000-C,104766.23,sell,0.2,0.2,,,,,,,1748720753.164
1596,369716971,1748752871481,1,0.0555,0.05500293,46.91,BTC-25JUL25-110000-C,104748.66,buy,0.4,0.4,,,,,,,1748752871.481
1595,369716970,1748752871481,0,0.0555,0.05500293,46.91,BTC-25JUL25-110000-C,104748.66,buy,0.1,0.1,,,,,,,1748752871.481
1597,369717666,1748753582476,2,0.055,0.05487622,46.71,BTC-25JUL25-110000-C,104704.06,buy,0.2,0.2,,,,,,,1748753582.476
1598,369719590,1748758093763,2,0.054,0.05398965,46.54,BTC-25JUL25-110000-C,104503.54,sell,0.1,0.1,,,,,,,1748758093.763
1599,369725200,1748765021222,2,0.0525,0.05277186,46.21,BTC-25JUL25-110000-C,104271.75,sell,0.3,0.3,,,,,,,1748765021.222
1600,369740738,1748786569900,0,0.054,0.05421501,46.94,BTC-25JUL25-110000-C,104398.51,buy,5.0,5.0,,,,,,,1748786569.9
1601,369742612,1748787187308,0,0.0545,0.05470992,46.86,BTC-25JUL25-110000-C,104595.04,sell,0.7,0.7,,,,,,,1748787187.308
1602,369742613,1748787187310,1,0.0545,0.05470992,46.86,BTC-25JUL25-110000-C,104595.04,buy,0.2,0.2,,,,,,,1748787187.31
1603,369742774,1748787311216,1,0.0545,0.05464611,46.84,BTC-25JUL25-110000-C,104582.72,buy,0.4,0.4,,,,,,,1748787311.216
1604,369742778,1748787311223,1,0.0545,0.05464611,46.84,BTC-25JUL25-110000-C,104582.72,buy,0.2,0.2,,,,,,,1748787311.223
1605,369745059,1748788730094,0,0.0555,0.05531589,47.02,BTC-25JUL25-110000-C,104774.9,buy,0.1,0.1,,,,,,,1748788730.094
1606,369745953,1748789726496,2,0.055,0.05490141,46.94,BTC-25JUL25-110000-C,104677.26,buy,0.4,0.4,,,,,,,1748789726.496
1607,369745954,1748789726496,3,0.055,0.05490141,46.94,BTC-25JUL25-110000-C,104677.26,buy,0.1,0.1,,,,,,,1748789726.496
1608,369749385,1748792892688,0,0.0555,0.05554854,47.03,BTC-25JUL25-110000-C,104781.53,sell,0.1,0.1,,,,,,,1748792892.688
1609,369753025,1748794229806,0,0.057,0.05695929,46.8,BTC-25JUL25-110000-C,105230.2,buy,0.1,0.1,,,,,,,1748794229.806
1610,369763139,1748799623479,2,0.0565,0.05621722,46.59,BTC-25JUL25-110000-C,105191.42,buy,1.0,1.0,,,,,,,1748799623.479
1611,369763142,1748799628276,3,0.0565,0.05619938,46.6,BTC-25JUL25-110000-C,105185.8,buy,0.1,0.1,,,,,,,1748799628.276
1612,369768078,1748803081155,2,0.054,0.0538716,46.55,BTC-25JUL25-110000-C,104574.7,sell,0.4,0.4,,,,,,,1748803081.155
1613,369768079,1748803081161,3,0.054,0.0538716,46.55,BTC-25JUL25-110000-C,104574.7,sell,0.1,0.1,,,,,,,1748803081.161
1614,369770382,1748804139078,0,0.0545,0.05426686,46.61,BTC-25JUL25-110000-C,104677.21,buy,0.6,0.6,,,,,,,1748804139.078
1615,369770384,1748804139081,1,0.0545,0.05426686,46.61,BTC-25JUL25-110000-C,104677.21,buy,0.1,0.1,,,,,,,1748804139.081
1616,369785696,1748818578435,0,0.0565,0.05672243,45.86,BTC-25JUL25-110000-C,105555.7,sell,0.1,0.1,,,,,,,1748818578.435
1617,369812633,1748843630024,2,0.052,0.05186082,45.1,BTC-25JUL25-110000-C,104811.6,buy,0.5,0.5,,,,,,,1748843630.024
1618,369812646,1748843666239,3,0.052,0.0519017,45.08,BTC-25JUL25-110000-C,104820.09,sell,0.5,0.5,,,,,,,1748843666.239
1619,369836408,1748859503766,2,0.0505,0.05039678,44.94,BTC-25JUL25-110000-C,104470.7,sell,2.5,2.5,,,,,,,1748859503.766
1620,369839517,1748861371668,2,0.0495,0.04984177,44.49,BTC-25JUL25-110000-C,104399.44,sell,0.2,0.2,,,,,,,1748861371.668
1621,369840203,1748862334329,0,0.05,0.04969206,44.89,BTC-25JUL25-110000-C,104372.02,buy,0.2,0.2,,,,,,,1748862334.329
1622,369840204,1748862334329,1,0.05,0.04969206,44.89,BTC-25JUL25-110000-C,104372.02,buy,0.7,0.7,,,,,,,1748862334.329
1623,369840205,1748862334329,1,0.05,0.04969206,44.89,BTC-25JUL25-110000-C,104372.02,buy,0.1,0.1,,,,,,,1748862334.329
1624,369840215,1748862340397,1,0.05,0.04968086,44.9,BTC-25JUL25-110000-C,104368.92,buy,0.7,0.7,,,,,,,1748862340.397
1625,369840216,1748862342910,1,0.05,0.04968083,44.9,BTC-25JUL25-110000-C,104368.65,buy,1.0,1.0,,,,,,,1748862342.91
1626,369841096,1748862968343,1,0.05,0.04973541,44.9,BTC-25JUL25-110000-C,104371.41,buy,0.6,0.6,,,,,,,1748862968.343
1627,369842219,1748864409852,1,0.05,0.04945548,45.11,BTC-25JUL25-110000-C,104296.42,buy,0.1,0.1,,,,,,,1748864409.852
1628,369849114,1748868074201,2,0.049,0.04896075,44.49,BTC-25JUL25-110000-C,104242.0,buy,0.1,0.1,,,,,,,1748868074.201
1629,369849115,1748868074203,3,0.049,0.04896075,44.49,BTC-25JUL25-110000-C,104242.0,sell,0.9,0.9,,,,,,,1748868074.203
1630,369862195,1748872219544,2,0.0475,0.04754982,44.45,BTC-25JUL25-110000-C,103922.06,sell,0.2,0.2,,,,,,,1748872219.544
1631,369862224,1748872221126,3,0.0475,0.04752639,44.46,BTC-25JUL25-110000-C,103921.27,sell,0.2,0.2,,,,,,,1748872221.126
1632,369864311,1748872526201,2,0.047,0.04701575,44.47,BTC-25JUL25-110000-C,103795.32,sell,0.4,0.4,,,,,,,1748872526.201
1633,369877378,1748874457784,0,0.0495,0.04949825,44.4,BTC-25JUL25-110000-C,104509.24,sell,0.1,0.1,,,,,,,1748874457.784
1634,369889225,1748877605204,2,0.049,0.04900226,44.3,BTC-25JUL25-110000-C,104417.56,buy,0.1,0.1,,,,,,,1748877605.204
1635,369889227,1748877610444,3,0.049,0.04905597,44.29,BTC-25JUL25-110000-C,104411.61,sell,0.2,0.2,,,,,,,1748877610.444
1636,369889233,1748877619302,3,0.049,0.04897292,44.3,BTC-25JUL25-110000-C,104408.49,buy,0.7,0.7,,,,,,,1748877619.302
1637,369889278,1748877649822,3,0.049,0.04904306,44.3,BTC-25JUL25-110000-C,104408.0,sell,0.3,0.3,,,,,,,1748877649.822
1638,369889279,1748877649836,3,0.049,0.04904306,44.3,BTC-25JUL25-110000-C,104408.0,sell,0.2,0.2,,,,,,,1748877649.836
1639,369889280,1748877649858,3,0.049,0.04904306,44.3,BTC-25JUL25-110000-C,104408.0,sell,0.1,0.1,,,,,,,1748877649.858
1640,369889281,1748877649874,3,0.049,0.04904306,44.3,BTC-25JUL25-110000-C,104408.0,sell,0.1,0.1,,,,,,,1748877649.874
1641,369889282,1748877649894,3,0.049,0.04904306,44.3,BTC-25JUL25-110000-C,104408.0,sell,0.1,0.1,,,,,,,1748877649.894
1642,369892477,1748879345411,3,0.049,0.0489333,44.44,BTC-25JUL25-110000-C,104366.95,sell,0.1,0.1,,,,,,,1748879345.411
1643,369892478,1748879345981,3,0.049,0.04891093,44.44,BTC-25JUL25-110000-C,104366.53,sell,0.2,0.2,,,,,,,1748879345.981
1644,369892495,1748879347003,3,0.049,0.04891093,44.44,BTC-25JUL25-110000-C,104366.03,sell,0.5,0.5,,,,,,,1748879347.003
1645,369893436,1748880077414,3,0.049,0.04925999,44.22,BTC-25JUL25-110000-C,104446.8,sell,1.0,1.0,,,,,,,1748880077.414
1646,369893446,1748880094895,3,0.049,0.04919421,44.19,BTC-25JUL25-110000-C,104460.84,buy,1.0,1.0,,,,,,,1748880094.895
1647,369893764,1748880230848,2,0.0485,0.04873779,44.13,BTC-25JUL25-110000-C,104350.22,sell,1.0,1.0,,,,,,,1748880230.848
1648,369893784,1748880248269,3,0.0485,0.04874549,44.12,BTC-25JUL25-110000-C,104349.82,buy,0.1,0.1,,,,,,,1748880248.269
1649,369893785,1748880248271,3,0.0485,0.04874549,44.12,BTC-25JUL25-110000-C,104349.82,sell,0.1,0.1,,,,,,,1748880248.271
1650,369895564,1748880537133,3,0.0485,0.04864445,44.05,BTC-25JUL25-110000-C,104379.85,sell,0.8,0.8,,,,,,,1748880537.133
1651,369897084,1748881087029,2,0.0475,0.047646,43.44,BTC-25JUL25-110000-C,104345.12,buy,0.3,0.3,,,,,,,1748881087.029
1652,369897148,1748881109103,3,0.0475,0.04768928,43.42,BTC-25JUL25-110000-C,104351.93,sell,0.2,0.2,,,,,,,1748881109.103
1653,369897766,1748881206211,3,0.0475,0.04762071,43.47,BTC-25JUL25-110000-C,104327.87,sell,1.5,1.5,,,,,,,1748881206.211
1655,369898283,1748881461325,3,0.0475,0.04718248,43.74,BTC-25JUL25-110000-C,104227.29,buy,0.6,0.6,,,,,,,1748881461.325
1654,369898282,1748881461325,3,0.0475,0.04718248,43.74,BTC-25JUL25-110000-C,104227.29,buy,0.1,0.1,,,,,,,1748881461.325
1656,369898284,1748881461328,3,0.0475,0.04718248,43.74,BTC-25JUL25-110000-C,104227.29,sell,5.3,5.3,,,,,,,1748881461.328
1657,369900162,1748882307488,0,0.0478,0.0475334,44.02,BTC-25JUL25-110000-C,104221.53,buy,10.0,10.0,3.0,BLOCK-202705,5207.0,,,,1748882307.488
1658,369900726,1748882600588,2,0.0471,0.04753995,43.57,BTC-25JUL25-110000-C,104211.5,buy,7.0,7.0,5.0,BLOCK-202706,5208.0,,,,1748882600.588
1659,369902067,1748883481693,0,0.0485,0.04833643,44.07,BTC-25JUL25-110000-C,104387.49,buy,0.1,0.1,,,,,,,1748883481.693
1660,369902068,1748883481699,1,0.0485,0.04833643,44.07,BTC-25JUL25-110000-C,104387.49,sell,0.9,0.9,,,,,,,1748883481.699
1661,369904748,1748886260218,2,0.048,0.04786389,44.15,BTC-25JUL25-110000-C,104232.59,buy,0.1,0.1,,,,,,,1748886260.218
1662,369920827,1748897508694,0,0.0495,0.04935691,43.91,BTC-25JUL25-110000-C,104773.28,sell,0.1,0.1,,,,,,,1748897508.694
1663,369943653,1748910655303,0,0.055,0.05489141,44.15,BTC-25JUL25-110000-C,106055.29,buy,0.1,0.1,,,,,,,1748910655.303
1664,369945335,1748912291285,0,0.056,0.05580205,44.24,BTC-25JUL25-110000-C,106267.47,buy,0.1,0.1,,,,,,,1748912291.285
1665,369945336,1748912291285,1,0.056,0.05580205,44.24,BTC-25JUL25-110000-C,106267.47,buy,1.5,1.5,,,,,,,1748912291.285
1666,369946823,1748913436080,2,0.0555,0.05565008,44.07,BTC-25JUL25-110000-C,106199.95,sell,0.4,0.4,,,,,,,1748913436.08
1667,369956754,1748920354726,2,0.0525,0.05249738,44.04,BTC-25JUL25-110000-C,105483.75,sell,0.5,0.5,,,,,,,1748920354.726
1668,369957888,1748921717371,3,0.0525,0.05237427,44.14,BTC-25JUL25-110000-C,105453.44,sell,0.5,0.5,,,,,,,1748921717.371
1669,369958093,1748921904335,0,0.053,0.05295042,44.08,BTC-25JUL25-110000-C,105596.37,sell,0.6,0.6,,,,,,,1748921904.335
1670,369958832,1748923313413,2,0.0525,0.05277378,43.89,BTC-25JUL25-110000-C,105553.13,sell,0.1,0.1,,,,,,,1748923313.413
1671,369964659,1748933347148,2,0.0523,0.05216794,44.43,BTC-25JUL25-110000-C,105348.85,buy,50.0,50.0,6.0,BLOCK-202810,5242.0,,,,1748933347.148
1672,369979289,1748942023701,2,0.0515,0.05155928,44.4,BTC-25JUL25-110000-C,105199.33,sell,0.1,0.1,,,,,,,1748942023.701
1673,369988516,1748951270002,2,0.0509,0.05111968,43.78,BTC-25JUL25-110000-C,105308.65,sell,100.0,100.0,2.0,BLOCK-202856,5269.0,BTC-CCAL-26SEP25_25JUL25-110000,,,1748951270.002
1674,369989974,1748952600091,0,0.051,0.05109051,43.81,BTC-25JUL25-110000-C,105317.96,sell,0.1,0.1,,,,,,,1748952600.091
1675,370006542,1748962316681,0,0.055,0.05541282,43.43,BTC-25JUL25-110000-C,106535.73,sell,0.2,0.2,,,,,,,1748962316.681
1676,370006543,1748962316690,1,0.055,0.05541282,43.43,BTC-25JUL25-110000-C,106535.73,sell,0.1,0.1,,,,,,,1748962316.69
1677,370006548,1748962318174,1,0.055,0.05541334,43.42,BTC-25JUL25-110000-C,106539.78,sell,1.0,1.0,,,,,,,1748962318.174
1679,370008295,1748962550757,1,0.056,0.05597466,43.66,BTC-25JUL25-110000-C,106729.25,buy,0.1,0.1,,,,,,,1748962550.757
1678,370008294,1748962550757,0,0.056,0.05597466,43.66,BTC-25JUL25-110000-C,106729.25,buy,0.4,0.4,,,,,,,1748962550.757
1680,370016705,1748965351079,1,0.056,0.05613184,43.47,BTC-25JUL25-110000-C,106811.03,buy,0.3,0.3,,,,,,,1748965351.079
1681,370021584,1748967558692,2,0.055,0.05458145,43.59,BTC-25JUL25-110000-C,106506.59,buy,0.1,0.1,,,,,,,1748967558.692
1682,370021661,1748967607519,3,0.055,0.05466384,43.59,BTC-25JUL25-110000-C,106505.1,sell,1.9,1.9,,,,,,,1748967607.519
1683,370035375,1748980450045,2,0.0531,0.05325748,43.19,BTC-25JUL25-110000-C,106213.19,sell,50.0,50.0,2.0,BLOCK-202958,,BTC-CDIAG-26DEC25_25JUL25-170000_110000,,,1748980450.045
1684,370036106,1748981462815,0,0.0545,0.05293399,44.36,BTC-25JUL25-110000-C,106114.61,buy,41.8,41.8,2.0,BLOCK-202959,,BTC-CDIAG-26DEC25_25JUL25-170000_110000,,,1748981462.815
1685,370036108,1748981462830,2,0.0535,0.05293399,43.69,BTC-25JUL25-110000-C,106114.61,buy,35.2,35.2,2.0,BLOCK-202960,,BTC-CDIAG-26DEC25_25JUL25-170000_110000,,,1748981462.83
1686,370036110,1748981462844,3,0.0535,0.05293404,43.69,BTC-25JUL25-110000-C,106114.61,buy,12.5,12.5,2.0,BLOCK-202961,,BTC-CDIAG-26DEC25_25JUL25-170000_110000,,,1748981462.844
1687,370037212,1748982613798,2,0.0515,0.05146459,43.39,BTC-25JUL25-110000-C,105713.52,sell,0.1,0.1,,,,,,,1748982613.798
1688,370039574,1748984054378,0,0.052,0.05176372,43.51,BTC-25JUL25-110000-C,105809.99,buy,0.1,0.1,,,,,,,1748984054.378
1689,370050598,1748995520879,2,0.0505,0.05045531,43.32,BTC-25JUL25-110000-C,105548.93,buy,0.2,0.2,,,,,,,1748995520.879
1690,370050867,1748995806719,3,0.0505,0.05038797,43.41,BTC-25JUL25-110000-C,105522.64,sell,0.8,0.8,,,,,,,1748995806.719
1693,370056405,1749000813841,1,0.051,0.05078017,43.32,BTC-25JUL25-110000-C,105676.78,buy,0.7,0.7,,,,,,,1749000813.841
1692,370056404,1749000813841,1,0.051,0.05078017,43.32,BTC-25JUL25-110000-C,105676.78,buy,0.1,0.1,,,,,,,1749000813.841
1691,370056403,1749000813841,0,0.051,0.05078017,43.32,BTC-25JUL25-110000-C,105676.78,buy,0.4,0.4,,,,,,,1749000813.841
1694,370056406,1749000813843,1,0.051,0.05078017,43.32,BTC-25JUL25-110000-C,105676.78,sell,0.8,0.8,,,,,,,1749000813.843
1695,370056409,1749000821939,1,0.051,0.05077152,43.32,BTC-25JUL25-110000-C,105677.45,buy,1.4,1.4,,,,,,,1749000821.939
1696,370056410,1749000821941,1,0.051,0.05077152,43.32,BTC-25JUL25-110000-C,105677.45,sell,0.6,0.6,,,,,,,1749000821.941
1697,370056418,1749000842044,1,0.051,0.05077323,43.33,BTC-25JUL25-110000-C,105676.29,sell,2.0,2.0,,,,,,,1749000842.044
1698,370056563,1749001039960,2,0.0506,0.05066123,43.16,BTC-25JUL25-110000-C,105621.48,sell,250.0,250.0,2.0,BLOCK-202985,,BTC-CDIAG-25JUL25_27JUN25-110000_108000,,,1749001039.96
1699,370056565,1749001052013,3,0.0506,0.05070046,43.14,BTC-25JUL25-110000-C,105629.49,sell,102.1,102.1,2.0,BLOCK-202986,,BTC-CDIAG-25JUL25_27JUN25-110000_108000,,,1749001052.013
1700,370056567,1749001052051,2,0.0504,0.05070046,43.0,BTC-25JUL25-110000-C,105629.49,sell,147.9,147.9,2.0,BLOCK-202987,,BTC-CDIAG-25JUL25_27JUN25-110000_108000,,,1749001052.051
1701,370056576,1749001058208,3,0.0504,0.05069077,43.01,BTC-25JUL25-110000-C,105624.88,sell,43.7,43.7,2.0,BLOCK-202988,,BTC-CDIAG-25JUL25_27JUN25-110000_108000,,,1749001058.208
1702,370056584,1749001085888,2,0.0503,0.05066111,42.95,BTC-25JUL25-110000-C,105624.68,sell,12.5,12.5,2.0,BLOCK-202989,,BTC-CDIAG-25JUL25_27JUN25-110000_108000,,,1749001085.888
1703,370056587,1749001085920,0,0.0504,0.05066111,43.02,BTC-25JUL25-110000-C,105624.68,sell,25.0,25.0,2.0,BLOCK-202990,,BTC-CDIAG-25JUL25_27JUN25-110000_108000,,,1749001085.92
1704,370056630,1749001138133,2,0.05,0.05049181,42.85,BTC-25JUL25-110000-C,105594.98,sell,25.0,25.0,2.0,BLOCK-202991,,BTC-CDIAG-25JUL25_27JUN25-110000_108000,,,1749001138.133
1705,370056673,1749001236601,0,0.0502,0.05058789,42.9,BTC-25JUL25-110000-C,105620.32,sell,25.0,25.0,2.0,BLOCK-202994,,BTC-CDIAG-25JUL25_27JUN25-110000_108000,,,1749001236.601
1706,370057047,1749001741673,2,0.05,0.05017286,42.95,BTC-25JUL25-110000-C,105555.15,buy,0.2,0.2,,,,,,,1749001741.673
1707,370057337,1749002243716,0,0.0502,0.05023472,43.0,BTC-25JUL25-110000-C,105602.81,sell,150.0,150.0,4.0,BLOCK-203002,5337.0,,,,1749002243.716
1708,370065335,1749011479243,2,0.0499,0.04982808,42.92,BTC-25JUL25-110000-C,105602.36,sell,37.5,37.5,2.0,BLOCK-203024,,BTC-CDIAG-25JUL25_27JUN25-110000_108000,,,1749011479.243
1709,370073361,1749023474605,2,0.0495,0.0494695,42.88,BTC-25JUL25-110000-C,105521.96,buy,0.1,0.1,,,,,,,1749023474.605
1711,370079483,1749029484298,3,0.049,0.04922791,42.8,BTC-25JUL25-110000-C,105455.31,sell,0.1,0.1,,,,,,,1749029484.298
1710,370079482,1749029484298,2,0.049,0.04922791,42.8,BTC-25JUL25-110000-C,105455.31,sell,0.3,0.3,,,,,,,1749029484.298
1712,370099870,1749045292159,2,0.0465,0.04659194,42.83,BTC-25JUL25-110000-C,104854.75,sell,0.4,0.4,,,,,,,1749045292.159
1713,370101478,1749045605229,2,0.046,0.04632533,42.84,BTC-25JUL25-110000-C,104701.34,sell,0.4,0.4,,,,,,,1749045605.229
1714,370102898,1749045668114,2,0.0455,0.04544627,42.95,BTC-25JUL25-110000-C,104521.32,sell,0.4,0.4,,,,,,,1749045668.114
1715,370105671,1749045877930,3,0.0455,0.04521769,43.15,BTC-25JUL25-110000-C,104472.47,sell,0.1,0.1,,,,,,,1749045877.93
1716,370106617,1749045971231,2,0.045,0.0448905,43.1,BTC-25JUL25-110000-C,104355.24,sell,0.5,0.5,,,,,,,1749045971.231
1717,370106656,1749045972898,3,0.045,0.04488803,43.14,BTC-25JUL25-110000-C,104338.53,sell,0.1,0.1,,,,,,,1749045972.898
1718,370106869,1749045985675,2,0.0445,0.04454661,42.97,BTC-25JUL25-110000-C,104269.46,sell,0.5,0.5,,,,,,,1749045985.675
1719,370108054,1749046083532,0,0.045,0.04476533,43.18,BTC-25JUL25-110000-C,104323.13,buy,0.1,0.1,,,,,,,1749046083.532
1720,370108066,1749046086449,1,0.045,0.04472491,43.18,BTC-25JUL25-110000-C,104320.95,buy,0.1,0.1,,,,,,,1749046086.449
1721,370117587,1749047686458,0,0.046,0.04593179,42.83,BTC-25JUL25-110000-C,104750.55,buy,0.2,0.2,,,,,,,1749047686.458
1722,370117588,1749047686460,1,0.046,0.04593179,42.83,BTC-25JUL25-110000-C,104750.55,sell,0.8,0.8,,,,,,,1749047686.46
1723,370118088,1749047757290,1,0.046,0.04571005,42.98,BTC-25JUL25-110000-C,104697.97,buy,1.0,1.0,,,,,,,1749047757.29
1724,370118089,1749047757292,1,0.046,0.04571005,42.98,BTC-25JUL25-110000-C,104697.97,sell,4.0,4.0,,,,,,,1749047757.292
1725,370129242,1749051135406,0,0.0485,0.04832861,42.77,BTC-25JUL25-110000-C,105442.17,buy,30.0,30.0,3.0,BLOCK-203107,5384.0,,,,1749051135.406
1726,370129592,1749051368234,0,0.0486,0.04857007,42.66,BTC-25JUL25-110000-C,105505.47,buy,27.0,27.0,3.0,BLOCK-203108,5385.0,,,,1749051368.234
1727,370130102,1749051659117,0,0.0488,0.04859067,42.78,BTC-25JUL25-110000-C,105528.47,buy,19.9,19.9,4.0,BLOCK-203109,5386.0,,,,1749051659.117
1728,370131043,1749052453747,2,0.048,0.04847307,42.35,BTC-25JUL25-110000-C,105484.27,sell,0.3,0.3,,,,,,,1749052453.747
1729,370131321,1749052678205,3,0.048,0.04820295,42.54,BTC-25JUL25-110000-C,105418.51,buy,0.1,0.1,,,,,,,1749052678.205
1730,370132469,1749053744373,2,0.0475,0.04770526,42.42,BTC-25JUL25-110000-C,105341.1,sell,0.1,0.1,,,,,,,1749053744.373
1731,370138130,1749061772675,2,0.0465,0.04700479,41.98,BTC-25JUL25-110000-C,105223.88,sell,0.1,0.1,,,,,,,1749061772.675
1732,370138374,1749062280240,0,0.0467,0.04677202,42.28,BTC-25JUL25-110000-C,105169.18,buy,36.0,36.0,4.0,BLOCK-203143,5399.0,,,,1749062280.24
1733,370140353,1749065108907,2,0.0465,0.04639984,42.51,BTC-25JUL25-110000-C,105024.34,sell,0.1,0.1,,,,,,,1749065108.907
1734,370144878,1749068795941,2,0.0455,0.04545725,42.71,BTC-25JUL25-110000-C,104692.07,sell,0.6,0.6,,,,,,,1749068795.941
1735,370147465,1749071562846,3,0.0455,0.04538657,42.83,BTC-25JUL25-110000-C,104658.95,sell,0.5,0.5,,,,,,,1749071562.846
1736,370163551,1749099111030,0,0.0475,0.0475576,42.73,BTC-25JUL25-110000-C,105247.89,sell,0.5,0.5,,,,,,,1749099111.03
1737,370163666,1749099291487,1,0.0475,0.04757619,42.7,BTC-25JUL25-110000-C,105255.93,sell,0.6,0.6,,,,,,,1749099291.487
1739,370169149,1749105430414,3,0.045,0.04478001,42.77,BTC-25JUL25-110000-C,104566.61,buy,0.4,0.4,,,,,,,1749105430.414
1740,370169150,1749105430414,3,0.045,0.04478001,42.77,BTC-25JUL25-110000-C,104566.61,buy,1.1,1.1,,,,,,,1749105430.414
1738,370169148,1749105430414,2,0.045,0.04478001,42.77,BTC-25JUL25-110000-C,104566.61,buy,0.5,0.5,,,,,,,1749105430.414
1741,370169151,1749105430417,3,0.045,0.04478001,42.77,BTC-25JUL25-110000-C,104566.61,sell,3.0,3.0,,,,,,,1749105430.417
1742,370182639,1749119989152,2,0.0445,0.04453129,42.49,BTC-25JUL25-110000-C,104610.98,buy,0.2,0.2,,,,,,,1749119989.152
1743,370182640,1749119990501,3,0.0445,0.04453058,42.49,BTC-25JUL25-110000-C,104612.42,buy,0.1,0.1,,,,,,,1749119990.501
1744,370192675,1749127571917,0,0.0475,0.04780594,42.24,BTC-25JUL25-110000-C,105511.59,sell,0.1,0.1,,,,,,,1749127571.917
1745,370192677,1749127574034,2,0.047,0.04780493,41.9,BTC-25JUL25-110000-C,105510.52,sell,0.4,0.4,,,,,,,1749127574.034
1746,370203622,1749131424629,2,0.0465,0.04597952,42.84,BTC-25JUL25-110000-C,105000.94,buy,0.2,0.2,,,,,,,1749131424.629
1747,370203735,1749131457004,2,0.046,0.04590941,42.56,BTC-25JUL25-110000-C,104974.96,sell,0.3,0.3,,,,,,,1749131457.004
1748,370204640,1749131552182,2,0.045,0.04514262,42.39,BTC-25JUL25-110000-C,104768.47,sell,0.3,0.3,,,,,,,1749131552.182
1749,370206294,1749131718650,2,0.0445,0.04441048,42.63,BTC-25JUL25-110000-C,104536.22,sell,0.3,0.3,,,,,,,1749131718.65
1750,370208105,1749131904617,3,0.0445,0.0440133,42.95,BTC-25JUL25-110000-C,104422.43,buy,0.2,0.2,,,,,,,1749131904.617
1751,370208744,1749132024627,0,0.045,0.04442747,43.02,BTC-25JUL25-110000-C,104541.37,buy,0.3,0.3,,,,,,,1749132024.627
1752,370208964,1749132118320,2,0.0445,0.04430398,42.77,BTC-25JUL25-110000-C,104506.1,sell,0.3,0.3,,,,,,,1749132118.32
1754,370209098,1749132157029,3,0.044,0.04388358,42.72,BTC-25JUL25-110000-C,104391.72,sell,0.3,0.3,,,,,,,1749132157.029
1753,370209097,1749132157029,2,0.044,0.04388358,42.72,BTC-25JUL25-110000-C,104391.72,sell,0.5,0.5,,,,,,,1749132157.029
1755,370209908,1749132384621,0,0.0445,0.04391087,43.07,BTC-25JUL25-110000-C,104397.38,buy,0.3,0.3,,,,,,,1749132384.621
1756,370210638,1749132504626,1,0.0445,0.04360939,43.3,BTC-25JUL25-110000-C,104298.36,buy,0.2,0.2,,,,,,,1749132504.626
1757,370211322,1749132624635,2,0.044,0.04375609,42.84,BTC-25JUL25-110000-C,104330.63,buy,0.3,0.3,,,,,,,1749132624.635
1759,370212049,1749132741022,3,0.0435,0.04364394,42.64,BTC-25JUL25-110000-C,104273.43,sell,0.3,0.3,,,,,,,1749132741.022
1758,370212048,1749132741022,2,0.0435,0.04364394,42.64,BTC-25JUL25-110000-C,104273.43,sell,0.5,0.5,,,,,,,1749132741.022
1760,370212378,1749132864621,0,0.044,0.04357301,42.95,BTC-25JUL25-110000-C,104295.55,buy,0.3,0.3,,,,,,,1749132864.621
1762,370212849,1749132949196,3,0.043,0.04325371,42.56,BTC-25JUL25-110000-C,104185.42,sell,0.2,0.2,,,,,,,1749132949.196
1761,370212848,1749132949196,2,0.043,0.04325371,42.56,BTC-25JUL25-110000-C,104185.42,sell,0.5,0.5,,,,,,,1749132949.196
1763,370213173,1749133006465,3,0.043,0.04312876,42.59,BTC-25JUL25-110000-C,104174.95,sell,0.3,0.3,,,,,,,1749133006.465
1764,370213778,1749133127092,2,0.0425,0.04269142,42.53,BTC-25JUL25-110000-C,104044.67,sell,0.5,0.5,,,,,,,1749133127.092
1765,370213779,1749133127092,3,0.0425,0.04269142,42.53,BTC-25JUL25-110000-C,104044.67,sell,0.3,0.3,,,,,,,1749133127.092
1766,370215168,1749133344623,0,0.043,0.0425615,42.92,BTC-25JUL25-110000-C,104027.18,buy,0.3,0.3,,,,,,,1749133344.623
1767,370215618,1749133464531,0,0.0435,0.0429842,42.97,BTC-25JUL25-110000-C,104154.58,buy,0.3,0.3,,,,,,,1749133464.531
1769,370216158,1749133584638,1,0.0435,0.04296832,43.0,BTC-25JUL25-110000-C,104152.71,buy,0.1,0.1,,,,,,,1749133584.638
1768,370216157,1749133584638,1,0.0435,0.04296832,43.0,BTC-25JUL25-110000-C,104152.71,buy,0.1,0.1,,,,,,,1749133584.638
1770,370216548,1749133704707,1,0.0435,0.04336975,42.69,BTC-25JUL25-110000-C,104282.66,buy,0.3,0.3,,,,,,,1749133704.707
1771,370216908,1749133824634,1,0.0435,0.04340359,42.68,BTC-25JUL25-110000-C,104279.69,buy,0.3,0.3,,,,,,,1749133824.634
1772,370217207,1749133944623,1,0.0435,0.04294751,42.97,BTC-25JUL25-110000-C,104167.54,buy,0.3,0.3,,,,,,,1749133944.623
1773,370217349,1749134064625,1,0.0435,0.04332034,42.7,BTC-25JUL25-110000-C,104265.95,buy,0.2,0.2,,,,,,,1749134064.625
1774,370217494,1749134142629,2,0.043,0.04312624,42.48,BTC-25JUL25-110000-C,104205.74,sell,0.3,0.3,,,,,,,1749134142.629
1775,370218127,1749134304630,0,0.044,0.0435094,42.91,BTC-25JUL25-110000-C,104321.68,buy,0.3,0.3,,,,,,,1749134304.63
1776,370218548,1749134424645,1,0.044,0.04370431,42.79,BTC-25JUL25-110000-C,104376.76,buy,0.3,0.3,,,,,,,1749134424.645
1777,370218933,1749134544642,0,0.045,0.04458966,42.87,BTC-25JUL25-110000-C,104603.92,buy,0.3,0.3,,,,,,,1749134544.642
1778,370219277,1749134664627,1,0.045,0.04451429,42.87,BTC-25JUL25-110000-C,104618.09,buy,0.2,0.2,,,,,,,1749134664.627
1779,370219438,1749134710468,2,0.0445,0.04449355,42.55,BTC-25JUL25-110000-C,104597.92,sell,0.3,0.3,,,,,,,1749134710.468
1780,370220083,1749134807724,0,0.0455,0.04568049,42.44,BTC-25JUL25-110000-C,104907.82,sell,0.3,0.3,,,,,,,1749134807.724
1781,370220666,1749134937503,2,0.045,0.04504298,42.52,BTC-25JUL25-110000-C,104762.33,sell,0.3,0.3,,,,,,,1749134937.503
1782,370221076,1749135144623,2,0.0445,0.04403453,42.86,BTC-25JUL25-110000-C,104487.06,buy,0.2,0.2,,,,,,,1749135144.623
1783,370221215,1749135264675,3,0.0445,0.04403393,42.84,BTC-25JUL25-110000-C,104494.43,buy,0.3,0.3,,,,,,,1749135264.675
1784,370221389,1749135384649,2,0.044,0.0436135,42.79,BTC-25JUL25-110000-C,104383.7,buy,0.3,0.3,,,,,,,1749135384.649
1785,370221598,1749135504638,0,0.045,0.04456914,42.83,BTC-25JUL25-110000-C,104634.14,buy,0.3,0.3,,,,,,,1749135504.638
1786,370222029,1749135624688,0,0.0455,0.04486413,42.98,BTC-25JUL25-110000-C,104703.06,buy,0.3,0.3,,,,,,,1749135624.688
1787,370222460,1749135744658,1,0.0455,0.04473044,43.08,BTC-25JUL25-110000-C,104663.84,buy,0.2,0.2,,,,,,,1749135744.658
1789,370223002,1749135864630,1,0.0455,0.04471326,43.16,BTC-25JUL25-110000-C,104629.18,buy,0.1,0.1,,,,,,,1749135864.63
1788,370223001,1749135864630,1,0.0455,0.04471326,43.16,BTC-25JUL25-110000-C,104629.18,buy,0.2,0.2,,,,,,,1749135864.63
1790,370223422,1749135984636,2,0.045,0.04432517,43.12,BTC-25JUL25-110000-C,104498.07,buy,0.3,0.3,,,,,,,1749135984.636
1791,370224170,1749136104635,3,0.045,0.04440753,43.14,BTC-25JUL25-110000-C,104479.91,buy,0.3,0.3,,,,,,,1749136104.635
1792,370224648,1749136224631,0,0.0455,0.04467297,43.31,BTC-25JUL25-110000-C,104536.11,buy,0.2,0.2,,,,,,,1749136224.631
1793,370224799,1749136344541,1,0.0455,0.0446441,43.36,BTC-25JUL25-110000-C,104534.47,buy,0.3,0.3,,,,,,,1749136344.541
1794,370225017,1749136464630,2,0.045,0.04427607,43.29,BTC-25JUL25-110000-C,104438.06,buy,0.3,0.3,,,,,,,1749136464.63
1795,370225292,1749136584633,3,0.045,0.04438292,43.26,BTC-25JUL25-110000-C,104431.96,buy,0.3,0.3,,,,,,,1749136584.633
1796,370225463,1749136704624,3,0.045,0.04453239,43.16,BTC-25JUL25-110000-C,104466.35,buy,0.3,0.3,,,,,,,1749136704.624
1797,370225665,1749136727511,2,0.0445,0.04455306,42.79,BTC-25JUL25-110000-C,104478.77,sell,0.1,0.1,,,,,,,1749136727.511
1798,370226056,1749136824628,0,0.045,0.04450191,43.17,BTC-25JUL25-110000-C,104464.22,buy,0.2,0.2,,,,,,,1749136824.628
1799,370226887,1749136944640,0,0.0455,0.04507075,43.14,BTC-25JUL25-110000-C,104606.24,buy,0.3,0.3,,,,,,,1749136944.64
1800,370226917,1749136982451,2,0.045,0.04502633,42.83,BTC-25JUL25-110000-C,104592.77,sell,0.9,0.9,,,,,,,1749136982.451
1801,370226918,1749136982451,3,0.045,0.04502633,42.83,BTC-25JUL25-110000-C,104592.77,sell,0.3,0.3,,,,,,,1749136982.451
1802,370226925,1749137001377,3,0.045,0.04505584,42.81,BTC-25JUL25-110000-C,104601.08,sell,0.7,0.7,,,,,,,1749137001.377
1803,370226926,1749137001379,3,0.045,0.04505584,42.81,BTC-25JUL25-110000-C,104601.08,buy,0.1,0.1,,,,,,,1749137001.379
1804,370227633,1749137184630,0,0.0465,0.0457958,43.34,BTC-25JUL25-110000-C,104816.97,buy,0.3,0.3,,,,,,,1749137184.63
1805,370228029,1749137304630,1,0.0465,0.04612988,43.14,BTC-25JUL25-110000-C,104887.32,buy,0.2,0.2,,,,,,,1749137304.63
1806,370228311,1749137424643,1,0.0465,0.04616402,43.11,BTC-25JUL25-110000-C,104887.6,buy,0.3,0.3,,,,,,,1749137424.643
1807,370228417,1749137544638,1,0.0465,0.0459117,43.27,BTC-25JUL25-110000-C,104844.22,buy,0.3,0.3,,,,,,,1749137544.638
1808,370228535,1749137664633,2,0.046,0.04570254,43.07,BTC-25JUL25-110000-C,104795.97,buy,0.3,0.3,,,,,,,1749137664.633
1809,370228723,1749137784732,3,0.046,0.04561557,43.12,BTC-25JUL25-110000-C,104770.64,buy,0.3,0.3,,,,,,,1749137784.732
1810,370228944,1749137904634,2,0.0455,0.04555451,42.8,BTC-25JUL25-110000-C,104759.08,buy,0.2,0.2,,,,,,,1749137904.634
1814,370229047,1749138013058,3,0.045,0.04562284,42.37,BTC-25JUL25-110000-C,104784.12,sell,0.5,0.5,,,,,,,1749138013.058
1811,370229044,1749138013058,2,0.045,0.04562284,42.37,BTC-25JUL25-110000-C,104784.12,sell,0.1,0.1,,,,,,,1749138013.058
1812,370229045,1749138013058,3,0.045,0.04562284,42.37,BTC-25JUL25-110000-C,104784.12,sell,0.6,0.6,,,,,,,1749138013.058
1813,370229046,1749138013058,3,0.045,0.04562284,42.37,BTC-25JUL25-110000-C,104784.12,sell,0.3,0.3,,,,,,,1749138013.058
1815,370229048,1749138013058,3,0.045,0.04562284,42.37,BTC-25JUL25-110000-C,104784.12,sell,3.5,3.5,,,,,,,1749138013.058
1816,370229163,1749138144653,0,0.0455,0.04538811,42.8,BTC-25JUL25-110000-C,104761.26,buy,0.3,0.3,,,,,,,1749138144.653
1817,370229281,1749138264635,1,0.0455,0.04537069,42.76,BTC-25JUL25-110000-C,104773.49,buy,0.3,0.3,,,,,,,1749138264.635
1818,370229432,1749138334278,2,0.045,0.04513696,42.57,BTC-25JUL25-110000-C,104712.73,sell,0.2,0.2,,,,,,,1749138334.278
1819,370229652,1749138504639,3,0.045,0.04486439,42.7,BTC-25JUL25-110000-C,104653.72,buy,0.3,0.3,,,,,,,1749138504.639
1820,370229819,1749138624632,0,0.0455,0.0449338,42.98,BTC-25JUL25-110000-C,104677.27,buy,0.3,0.3,,,,,,,1749138624.632
1821,370230095,1749138744630,1,0.0455,0.04524597,42.77,BTC-25JUL25-110000-C,104771.78,buy,0.3,0.3,,,,,,,1749138744.63
1822,370230164,1749138770184,2,0.045,0.04491258,42.65,BTC-25JUL25-110000-C,104689.84,sell,0.3,0.3,,,,,,,1749138770.184
1823,370230313,1749138984625,0,0.0455,0.04520385,42.78,BTC-25JUL25-110000-C,104768.1,buy,0.2,0.2,,,,,,,1749138984.625
1824,370230476,1749139104637,1,0.0455,0.04512862,42.83,BTC-25JUL25-110000-C,104748.83,buy,0.3,0.3,,,,,,,1749139104.637
1825,370230580,1749139141283,2,0.045,0.04500444,42.59,BTC-25JUL25-110000-C,104699.6,sell,0.3,0.3,,,,,,,1749139141.283
1826,370230840,1749139344536,3,0.045,0.04459764,42.83,BTC-25JUL25-110000-C,104612.8,buy,0.3,0.3,,,,,,,1749139344.536
1827,370230966,1749139464627,3,0.045,0.04455599,42.87,BTC-25JUL25-110000-C,104591.08,buy,0.2,0.2,,,,,,,1749139464.627
1828,370231017,1749139584627,3,0.045,0.04464289,42.8,BTC-25JUL25-110000-C,104616.8,buy,0.3,0.3,,,,,,,1749139584.627
1829,370231074,1749139634826,2,0.0445,0.04448678,42.57,BTC-25JUL25-110000-C,104577.01,sell,0.3,0.3,,,,,,,1749139634.826
1830,370231286,1749139824635,0,0.045,0.04425409,43.1,BTC-25JUL25-110000-C,104510.78,buy,0.3,0.3,,,,,,,1749139824.635
1831,370231438,1749139944632,1,0.045,0.04425202,43.11,BTC-25JUL25-110000-C,104500.22,buy,0.3,0.3,,,,,,,1749139944.632
1832,370231491,1749140064632,1,0.045,0.04431285,43.09,BTC-25JUL25-110000-C,104507.55,buy,0.2,0.2,,,,,,,1749140064.632
1833,370231568,1749140095307,2,0.044,0.04401159,42.62,BTC-25JUL25-110000-C,104426.3,sell,0.3,0.3,,,,,,,1749140095.307
1834,370232129,1749140228028,2,0.0435,0.04350161,42.64,BTC-25JUL25-110000-C,104280.43,sell,0.3,0.3,,,,,,,1749140228.028
1835,370233020,1749140420719,2,0.043,0.04302633,42.65,BTC-25JUL25-110000-C,104114.59,sell,0.3,0.3,,,,,,,1749140420.719
1836,370233723,1749140517545,3,0.043,0.0428769,42.77,BTC-25JUL25-110000-C,104074.82,sell,0.5,0.5,,,,,,,1749140517.545
1837,370233884,1749140544639,0,0.0435,0.04309247,42.95,BTC-25JUL25-110000-C,104138.39,buy,0.2,0.2,,,,,,,1749140544.639
1838,370234825,1749140664638,0,0.044,0.04327707,43.24,BTC-25JUL25-110000-C,104196.47,buy,0.3,0.3,,,,,,,1749140664.638
1839,370235069,1749140784626,1,0.044,0.04319124,43.33,BTC-25JUL25-110000-C,104155.78,buy,0.3,0.3,,,,,,,1749140784.626
1840,370235188,1749140822959,2,0.043,0.04279019,42.94,BTC-25JUL25-110000-C,104039.78,sell,0.3,0.3,,,,,,,1749140822.959
1841,370235785,1749141024628,0,0.0435,0.04271805,43.33,BTC-25JUL25-110000-C,104023.92,buy,0.3,0.3,,,,,,,1749141024.628
1842,370236049,1749141144583,2,0.043,0.04260811,43.09,BTC-25JUL25-110000-C,103986.92,buy,0.2,0.2,,,,,,,1749141144.583
1843,370236403,1749141264647,0,0.0435,0.04300045,43.15,BTC-25JUL25-110000-C,104090.7,buy,0.3,0.3,,,,,,,1749141264.647
1844,370236569,1749141384627,2,0.043,0.0426584,43.07,BTC-25JUL25-110000-C,103986.07,buy,0.3,0.3,,,,,,,1749141384.627
1845,370236807,1749141504629,3,0.043,0.04246507,43.19,BTC-25JUL25-110000-C,103937.48,buy,0.3,0.3,,,,,,,1749141504.629
1846,370237552,1749141624734,2,0.0425,0.0422046,43.02,BTC-25JUL25-110000-C,103857.89,buy,0.2,0.2,,,,,,,1749141624.734
1847,370237791,1749141671621,2,0.042,0.04191157,42.9,BTC-25JUL25-110000-C,103762.33,sell,0.3,0.3,,,,,,,1749141671.621
1848,370238441,1749141831600,0,0.0425,0.04234994,42.94,BTC-25JUL25-110000-C,103890.24,sell,0.3,0.3,,,,,,,1749141831.6
1849,370238549,1749141848817,2,0.042,0.04199715,42.83,BTC-25JUL25-110000-C,103800.91,sell,0.1,0.1,,,,,,,1749141848.817
1850,370238804,1749141984630,0,0.0425,0.04182008,43.33,BTC-25JUL25-110000-C,103722.44,buy,0.3,0.3,,,,,,,1749141984.63
1851,370239107,1749142104632,1,0.0425,0.04187909,43.31,BTC-25JUL25-110000-C,103742.38,buy,0.3,0.3,,,,,,,1749142104.632
1852,370239348,1749142204462,2,0.042,0.04199413,43.0,BTC-25JUL25-110000-C,103726.66,sell,0.2,0.2,,,,,,,1749142204.462
1853,370239671,1749142325723,3,0.042,0.04174799,43.1,BTC-25JUL25-110000-C,103702.82,sell,0.3,0.3,,,,,,,1749142325.723
1854,370240553,1749142394640,2,0.0415,0.04131961,43.06,BTC-25JUL25-110000-C,103567.8,sell,0.5,0.5,,,,,,,1749142394.64
1855,370240554,1749142394640,3,0.0415,0.04131961,43.06,BTC-25JUL25-110000-C,103567.8,sell,0.3,0.3,,,,,,,1749142394.64
1856,370241632,1749142584628,3,0.0415,0.04102889,43.25,BTC-25JUL25-110000-C,103483.99,buy,0.3,0.3,,,,,,,1749142584.628
1857,370241980,1749142704623,3,0.0415,0.04084187,43.37,BTC-25JUL25-110000-C,103436.64,buy,0.2,0.2,,,,,,,1749142704.623
1859,370242959,1749142807295,3,0.0405,0.04035451,43.05,BTC-25JUL25-110000-C,103282.48,sell,0.3,0.3,,,,,,,1749142807.295
1858,370242958,1749142807295,2,0.0405,0.04035451,43.05,BTC-25JUL25-110000-C,103282.48,sell,0.5,0.5,,,,,,,1749142807.295
1860,370243911,1749142893040,3,0.0405,0.04035185,43.01,BTC-25JUL25-110000-C,103292.26,buy,0.3,0.3,,,,,,,1749142893.04
1861,370244358,1749142944662,0,0.0415,0.0409625,43.36,BTC-25JUL25-110000-C,103432.96,buy,0.3,0.3,,,,,,,1749142944.662
1862,370244496,1749142973295,2,0.041,0.04099812,43.02,BTC-25JUL25-110000-C,103435.81,sell,0.2,0.2,,,,,,,1749142973.295
1863,370244497,1749142973312,3,0.041,0.04099812,43.02,BTC-25JUL25-110000-C,103435.81,sell,0.1,0.1,,,,,,,1749142973.312
1865,370245488,1749143105609,3,0.041,0.04090652,43.06,BTC-25JUL25-110000-C,103429.42,sell,0.2,0.2,,,,,,,1749143105.609
1864,370245487,1749143105609,3,0.041,0.04090652,43.06,BTC-25JUL25-110000-C,103429.42,sell,0.3,0.3,,,,,,,1749143105.609
1866,370245530,1749143110125,3,0.041,0.04079044,43.14,BTC-25JUL25-110000-C,103398.39,sell,1.0,1.0,,,,,,,1749143110.125
1867,370246645,1749143304630,0,0.0415,0.04133532,43.14,BTC-25JUL25-110000-C,103531.1,buy,0.2,0.2,,,,,,,1749143304.63
1868,370246904,1749143424626,1,0.0415,0.04099207,43.4,BTC-25JUL25-110000-C,103429.91,buy,0.3,0.3,,,,,,,1749143424.626
1869,370247129,1749143544625,1,0.0415,0.04107568,43.36,BTC-25JUL25-110000-C,103440.05,buy,0.3,0.3,,,,,,,1749143544.625
1870,370247318,1749143664677,1,0.0415,0.04103434,43.41,BTC-25JUL25-110000-C,103423.73,buy,0.3,0.3,,,,,,,1749143664.677
1871,370247466,1749143784630,1,0.0415,0.04146672,43.11,BTC-25JUL25-110000-C,103548.36,buy,0.2,0.2,,,,,,,1749143784.63
1872,370247655,1749143904637,0,0.042,0.04151425,43.4,BTC-25JUL25-110000-C,103575.75,buy,0.3,0.3,,,,,,,1749143904.637
1873,370247761,1749144024631,1,0.042,0.04138805,43.49,BTC-25JUL25-110000-C,103542.74,buy,0.3,0.3,,,,,,,1749144024.631
1874,370247869,1749144144637,2,0.0415,0.04118918,43.29,BTC-25JUL25-110000-C,103485.73,buy,0.3,0.3,,,,,,,1749144144.637
1875,370248109,1749144264641,3,0.0415,0.04127274,43.26,BTC-25JUL25-110000-C,103485.83,buy,0.3,0.3,,,,,,,1749144264.641
1876,370248511,1749144384634,3,0.0415,0.0409471,43.55,BTC-25JUL25-110000-C,103375.46,buy,0.2,0.2,,,,,,,1749144384.634
1877,370248729,1749144504636,3,0.0415,0.0412231,43.43,BTC-25JUL25-110000-C,103415.28,buy,0.3,0.3,,,,,,,1749144504.636
1878,370248991,1749144624779,3,0.0415,0.04122166,43.37,BTC-25JUL25-110000-C,103452.7,buy,0.3,0.3,,,,,,,1749144624.779
1879,370249061,1749144683969,2,0.041,0.0409741,43.21,BTC-25JUL25-110000-C,103373.32,sell,8.8,8.8,,,,,,,1749144683.969
1880,370249062,1749144683969,3,0.041,0.0409741,43.21,BTC-25JUL25-110000-C,103373.32,sell,0.3,0.3,,,,,,,1749144683.969
1881,370249321,1749144864621,0,0.0415,0.04109168,43.45,BTC-25JUL25-110000-C,103414.56,buy,0.2,0.2,,,,,,,1749144864.621
1882,370249674,1749144984630,1,0.0415,0.04090711,43.57,BTC-25JUL25-110000-C,103360.86,buy,0.3,0.3,,,,,,,1749144984.63
1883,370249925,1749145104631,1,0.0415,0.04121702,43.34,BTC-25JUL25-110000-C,103446.44,buy,0.3,0.3,,,,,,,1749145104.631
1884,370250057,1749145224556,1,0.0415,0.04104922,43.44,BTC-25JUL25-110000-C,103416.04,buy,0.3,0.3,,,,,,,1749145224.556
1886,370250181,1749145320449,3,0.041,0.0409193,43.21,BTC-25JUL25-110000-C,103365.77,sell,0.3,0.3,,,,,,,1749145320.449
1885,370250180,1749145320449,2,0.041,0.0409193,43.21,BTC-25JUL25-110000-C,103365.77,sell,0.3,0.3,,,,,,,1749145320.449
1887,370250441,1749145464629,0,0.0415,0.04095959,43.52,BTC-25JUL25-110000-C,103378.46,buy,0.2,0.2,,,,,,,1749145464.629
1888,370250665,1749145584632,2,0.041,0.04054608,43.5,BTC-25JUL25-110000-C,103253.24,buy,0.3,0.3,,,,,,,1749145584.632
1889,370250980,1749145688409,2,0.0405,0.04043237,43.19,BTC-25JUL25-110000-C,103227.75,sell,5.0,5.0,,,,,,,1749145688.409
1890,370251039,1749145704633,0,0.041,0.04056111,43.45,BTC-25JUL25-110000-C,103263.19,buy,0.3,0.3,,,,,,,1749145704.633
1891,370251188,1749145824634,1,0.041,0.04050962,43.49,BTC-25JUL25-110000-C,103252.54,buy,0.3,0.3,,,,,,,1749145824.634
1892,370251489,1749145944669,2,0.0405,0.04032034,43.26,BTC-25JUL25-110000-C,103204.68,buy,0.2,0.2,,,,,,,1749145944.669
1893,370251691,1749146064630,0,0.041,0.04051714,43.47,BTC-25JUL25-110000-C,103257.87,buy,0.3,0.3,,,,,,,1749146064.63
1894,370251838,1749146184628,2,0.0405,0.04056384,43.08,BTC-25JUL25-110000-C,103272.31,buy,0.1,0.1,,,,,,,1749146184.628
1895,370251839,1749146184628,0,0.041,0.04056384,43.43,BTC-25JUL25-110000-C,103272.31,buy,0.1,0.1,,,,,,,1749146184.628
1896,370251965,1749146304639,2,0.0405,0.04043979,43.16,BTC-25JUL25-110000-C,103240.59,buy,0.3,0.3,,,,,,,1749146304.639
1897,370251966,1749146304639,0,0.041,0.04043979,43.51,BTC-25JUL25-110000-C,103240.59,buy,0.1,0.1,,,,,,,1749146304.639
1898,370252224,1749146424626,2,0.0405,0.04032442,43.21,BTC-25JUL25-110000-C,103231.59,buy,0.3,0.3,,,,,,,1749146424.626
1899,370252565,1749146544631,3,0.0405,0.04056186,43.0,BTC-25JUL25-110000-C,103309.83,buy,0.2,0.2,,,,,,,1749146544.631
1900,370252884,1749146664631,3,0.0405,0.04029599,43.16,BTC-25JUL25-110000-C,103251.68,buy,0.3,0.3,,,,,,,1749146664.631
1901,370253228,1749146784632,3,0.0405,0.04014192,43.23,BTC-25JUL25-110000-C,103217.0,buy,0.3,0.3,,,,,,,1749146784.632
1902,370254118,1749146904634,3,0.0405,0.03987262,43.44,BTC-25JUL25-110000-C,103148.5,buy,0.3,0.3,,,,,,,1749146904.634
1903,370254834,1749147024630,2,0.04,0.04006032,42.91,BTC-25JUL25-110000-C,103237.02,buy,0.2,0.2,,,,,,,1749147024.63
1904,370255187,1749147073205,2,0.0395,0.03977271,42.73,BTC-25JUL25-110000-C,103153.86,sell,0.5,0.5,,,,,,,1749147073.205
1905,370255188,1749147073205,3,0.0395,0.03977271,42.73,BTC-25JUL25-110000-C,103153.86,sell,0.3,0.3,,,,,,,1749147073.205
1907,370256161,1749147203698,3,0.039,0.03957837,42.47,BTC-25JUL25-110000-C,103105.0,sell,0.3,0.3,,,,,,,1749147203.698
1906,370256160,1749147203698,2,0.039,0.03957837,42.47,BTC-25JUL25-110000-C,103105.0,sell,0.1,0.1,,,,,,,1749147203.698
1908,370256660,1749147206008,2,0.0385,0.03951931,42.37,BTC-25JUL25-110000-C,103013.14,sell,0.5,0.5,,,,,,,1749147206.008
1909,370259628,1749147375060,3,0.0385,0.03851338,42.82,BTC-25JUL25-110000-C,102816.68,buy,0.2,0.2,,,,,,,1749147375.06
1910,370259717,1749147384644,0,0.039,0.03865919,43.1,BTC-25JUL25-110000-C,102840.34,buy,0.3,0.3,,,,,,,1749147384.644
1911,370260172,1749147414329,2,0.038,0.03835157,42.71,BTC-25JUL25-110000-C,102715.15,sell,0.3,0.3,,,,,,,1749147414.329
1912,370261796,1749147546121,0,0.0385,0.03886136,42.47,BTC-25JUL25-110000-C,102964.69,buy,0.2,0.2,,,,,,,1749147546.121
1913,370262562,1749147624606,0,0.039,0.03895448,42.78,BTC-25JUL25-110000-C,102991.05,buy,0.2,0.2,,,,,,,1749147624.606
1914,370263081,1749147744632,0,0.0395,0.03935117,42.76,BTC-25JUL25-110000-C,103141.66,buy,0.3,0.3,,,,,,,1749147744.632
1916,370263245,1749147770336,3,0.039,0.03912778,42.6,BTC-25JUL25-110000-C,103070.31,sell,0.3,0.3,,,,,,,1749147770.336
1915,370263244,1749147770336,2,0.039,0.03912778,42.6,BTC-25JUL25-110000-C,103070.31,sell,0.1,0.1,,,,,,,1749147770.336
1917,370263481,1749147844456,0,0.0395,0.03937142,42.74,BTC-25JUL25-110000-C,103147.42,buy,0.1,0.1,,,,,,,1749147844.456
1918,370263868,1749147984624,0,0.04,0.03946198,43.02,BTC-25JUL25-110000-C,103191.28,buy,0.3,0.3,,,,,,,1749147984.624
1919,370264111,1749148104629,1,0.04,0.03953035,42.97,BTC-25JUL25-110000-C,103211.89,buy,0.2,0.2,,,,,,,1749148104.629
1920,370264394,1749148224577,1,0.04,0.03995002,42.67,BTC-25JUL25-110000-C,103334.78,buy,0.3,0.3,,,,,,,1749148224.577
1921,370264667,1749148344628,1,0.04,0.0397977,42.77,BTC-25JUL25-110000-C,103297.37,buy,0.3,0.3,,,,,,,1749148344.628
1923,370264899,1749148424595,3,0.0395,0.0395874,42.56,BTC-25JUL25-110000-C,103232.36,sell,0.2,0.2,,,,,,,1749148424.595
1922,370264898,1749148424595,2,0.0395,0.0395874,42.56,BTC-25JUL25-110000-C,103232.36,sell,0.3,0.3,,,,,,,1749148424.595
1924,370265169,1749148504948,3,0.0395,0.03954499,42.58,BTC-25JUL25-110000-C,103215.99,buy,0.2,0.2,,,,,,,1749148504.948
1925,370265323,1749148584637,0,0.04,0.0397549,42.73,BTC-25JUL25-110000-C,103294.71,buy,0.3,0.3,,,,,,,1749148584.637
1926,370265738,1749148704632,1,0.04,0.03959382,42.87,BTC-25JUL25-110000-C,103242.25,buy,0.2,0.2,,,,,,,1749148704.632
1927,370265800,1749148737333,2,0.0395,0.03961481,42.51,BTC-25JUL25-110000-C,103245.64,sell,0.2,0.2,,,,,,,1749148737.333
1928,370270957,1749150917245,2,0.038,0.03775887,42.86,BTC-25JUL25-110000-C,102660.08,sell,0.6,0.6,,,,,,,1749150917.245
1929,370271620,1749150962404,2,0.0375,0.03731249,42.88,BTC-25JUL25-110000-C,102502.22,sell,0.5,0.5,,,,,,,1749150962.404
1930,370280733,1749151560296,2,0.036,0.03604372,43.01,BTC-25JUL25-110000-C,101976.57,sell,0.7,0.7,,,,,,,1749151560.296
1931,370283141,1749152142348,0,0.037,0.03707452,42.94,BTC-25JUL25-110000-C,102322.4,sell,0.7,0.7,,,,,,,1749152142.348
1932,370284259,1749152536641,1,0.037,0.03695923,43.03,BTC-25JUL25-110000-C,102282.21,sell,0.2,0.2,,,,,,,1749152536.641
1933,370287340,1749153186184,2,0.036,0.03609473,42.84,BTC-25JUL25-110000-C,102047.15,buy,0.1,0.1,,,,,,,1749153186.184
1934,370288495,1749153493395,3,0.036,0.03610553,42.81,BTC-25JUL25-110000-C,102069.6,sell,0.1,0.1,,,,,,,1749153493.395
1935,370293285,1749154235280,2,0.035,0.03510814,42.89,BTC-25JUL25-110000-C,101683.47,sell,0.1,0.1,,,,,,,1749154235.28
1936,370295543,1749154451144,2,0.0345,0.03432566,43.12,BTC-25JUL25-110000-C,101477.01,buy,0.2,0.2,,,,,,,1749154451.144
1937,370299518,1749154883877,2,0.033,0.03315652,42.99,BTC-25JUL25-110000-C,101008.07,sell,0.1,0.1,,,,,,,1749154883.877
1938,370299530,1749154884283,3,0.033,0.03310373,43.03,BTC-25JUL25-110000-C,101012.58,buy,0.1,0.1,,,,,,,1749154884.283
1939,370302351,1749155224058,0,0.0345,0.03459867,43.0,BTC-25JUL25-110000-C,101505.5,buy,0.1,0.1,,,,,,,1749155224.058
1940,370304915,1749155964676,2,0.0335,0.03355574,43.03,BTC-25JUL25-110000-C,101169.22,buy,0.1,0.1,,,,,,,1749155964.676
1941,370308678,1749156511007,3,0.0335,0.03342437,43.16,BTC-25JUL25-110000-C,101101.39,buy,0.2,0.2,,,,,,,1749156511.007
1942,370311130,1749156862177,2,0.033,0.0325693,43.56,BTC-25JUL25-110000-C,100789.32,sell,0.1,0.1,,,,,,,1749156862.177
1943,370319868,1749157948889,2,0.0325,0.03278568,43.28,BTC-25JUL25-110000-C,100784.08,sell,0.1,0.1,,,,,,,1749157948.889
1944,370321081,1749158220399,0,0.033,0.03274985,43.64,BTC-25JUL25-110000-C,100784.31,buy,0.1,0.1,,,,,,,1749158220.399
1945,370323763,1749158762426,0,0.0335,0.03357243,43.34,BTC-25JUL25-110000-C,101111.81,buy,0.2,0.2,,,,,,,1749158762.426
1946,370329650,1749160090237,0,0.035,0.03481267,43.69,BTC-25JUL25-110000-C,101391.06,sell,0.2,0.2,,,,,,,1749160090.237
1947,370329926,1749160144798,2,0.0345,0.03448871,43.56,BTC-25JUL25-110000-C,101282.52,buy,0.1,0.1,,,,,,,1749160144.798
1948,370333491,1749161327146,2,0.034,0.03445778,43.19,BTC-25JUL25-110000-C,101276.47,sell,0.1,0.1,,,,,,,1749161327.146
1949,370334826,1749161963800,0,0.0345,0.03464873,43.4,BTC-25JUL25-110000-C,101339.16,sell,0.1,0.1,,,,,,,1749161963.8
1950,370340257,1749165664056,0,0.0355,0.03544515,43.44,BTC-25JUL25-110000-C,101685.35,buy,0.1,0.1,,,,,,,1749165664.056
1951,370340259,1749165670600,1,0.0355,0.03560245,43.34,BTC-25JUL25-110000-C,101726.7,sell,0.1,0.1,,,,,,,1749165670.6
1952,370342367,1749167059223,2,0.0349,0.03489942,43.19,BTC-25JUL25-110000-C,101610.12,sell,100.0,100.0,3.0,BLOCK-203437,5595.0,,,,1749167059.223
1953,370351670,1749173284641,0,0.0355,0.03542264,42.96,BTC-25JUL25-110000-C,101909.16,sell,0.2,0.2,,,,,,,1749173284.641
1954,370358816,1749179748873,0,0.036,0.03587714,42.74,BTC-25JUL25-110000-C,102193.84,buy,0.1,0.1,,,,,,,1749179748.873
1955,370360284,1749180597368,1,0.036,0.03610653,42.44,BTC-25JUL25-110000-C,102335.39,sell,0.1,0.1,,,,,,,1749180597.368
1957,370370026,1749187022830,1,0.0375,0.03755444,42.19,BTC-25JUL25-110000-C,102945.73,sell,0.1,0.1,,,,,,,1749187022.83
1956,370370025,1749187022830,0,0.0375,0.03755444,42.19,BTC-25JUL25-110000-C,102945.73,sell,0.2,0.2,,,,,,,1749187022.83
1958,370371409,1749188700547,1,0.0375,0.03758169,42.14,BTC-25JUL25-110000-C,102941.48,buy,0.3,0.3,,,,,,,1749188700.547
1959,370375580,1749191478235,0,0.0385,0.03833572,42.32,BTC-25JUL25-110000-C,103157.14,buy,62.6,62.6,,,,,,,1749191478.235
1960,370375581,1749191478235,1,0.0385,0.03833572,42.32,BTC-25JUL25-110000-C,103157.14,buy,0.1,0.1,,,,,,,1749191478.235
1961,370376715,1749192101922,1,0.0385,0.03848728,42.48,BTC-25JUL25-110000-C,103099.33,sell,0.1,0.1,,,,,,,1749192101.922
1962,370377570,1749192543247,0,0.039,0.0386827,42.69,BTC-25JUL25-110000-C,103152.95,buy,1.0,1.0,,,,,,,1749192543.247
1963,370378770,1749193396689,1,0.039,0.03911079,42.48,BTC-25JUL25-110000-C,103232.83,sell,0.1,0.1,,,,,,,1749193396.689
1964,370378872,1749193458897,0,0.04,0.0392612,43.12,BTC-25JUL25-110000-C,103257.66,buy,3.8,3.8,,,,,,,1749193458.897
1965,370378873,1749193458897,1,0.04,0.0392612,43.12,BTC-25JUL25-110000-C,103257.66,buy,6.0,6.0,,,,,,,1749193458.897
1966,370378874,1749193458900,1,0.04,0.0392612,43.12,BTC-25JUL25-110000-C,103257.66,sell,0.2,0.2,,,,,,,1749193458.9
1967,370381829,1749194860299,0,0.041,0.04065583,43.23,BTC-25JUL25-110000-C,103464.72,buy,0.3,0.3,,,,,,,1749194860.299
1968,370381830,1749194860299,1,0.041,0.04065583,43.23,BTC-25JUL25-110000-C,103464.72,buy,1.7,1.7,,,,,,,1749194860.299
1969,370396528,1749201055653,1,0.041,0.04091239,42.85,BTC-25JUL25-110000-C,103641.68,buy,0.3,0.3,,,,,,,1749201055.653
1971,370401456,1749205007772,1,0.041,0.0411138,42.48,BTC-25JUL25-110000-C,103806.18,sell,0.1,0.1,,,,,,,1749205007.772
1970,370401455,1749205007772,1,0.041,0.0411138,42.48,BTC-25JUL25-110000-C,103806.18,sell,0.3,0.3,,,,,,,1749205007.772
1972,370401457,1749205007775,1,0.041,0.0411138,42.48,BTC-25JUL25-110000-C,103806.18,buy,1.5,1.5,,,,,,,1749205007.775
1973,370403386,1749206934631,1,0.041,0.04089175,42.61,BTC-25JUL25-110000-C,103770.65,buy,1.0,1.0,,,,,,,1749206934.631
1974,370403387,1749206934631,1,0.041,0.04089175,42.61,BTC-25JUL25-110000-C,103770.65,buy,6.0,6.0,,,,,,,1749206934.631
1975,370409246,1749212944342,1,0.041,0.04159498,42.24,BTC-25JUL25-110000-C,103940.62,sell,0.2,0.2,,,,,,,1749212944.342
1976,370417238,1749216373408,1,0.041,0.04129117,42.15,BTC-25JUL25-110000-C,103980.81,sell,0.1,0.1,,,,,,,1749216373.408
1977,370417239,1749216373416,1,0.041,0.04129117,42.15,BTC-25JUL25-110000-C,103980.81,buy,0.4,0.4,,,,,,,1749216373.416
1978,370427806,1749220824337,0,0.0435,0.04347529,42.05,BTC-25JUL25-110000-C,104733.62,buy,1.2,1.2,,,,,,,1749220824.337
1979,370427807,1749220824500,1,0.0435,0.04347529,42.05,BTC-25JUL25-110000-C,104733.62,buy,0.8,0.8,,,,,,,1749220824.5
1980,370434005,1749222540284,1,0.0435,0.04357613,41.79,BTC-25JUL25-110000-C,104873.98,sell,0.1,0.1,,,,,,,1749222540.284
1981,370438991,1749223907989,0,0.0445,0.04399088,42.1,BTC-25JUL25-110000-C,105001.97,buy,0.1,0.1,,,,,,,1749223907.989
1982,370441498,1749224944041,0,0.045,0.04421677,42.4,BTC-25JUL25-110000-C,105003.98,buy,0.4,0.4,,,,,,,1749224944.041
1983,370443004,1749225798231,1,0.045,0.044933,42.03,BTC-25JUL25-110000-C,105158.52,sell,0.7,0.7,,,,,,,1749225798.231
1984,370443005,1749225798236,1,0.045,0.044933,42.03,BTC-25JUL25-110000-C,105158.52,sell,0.1,0.1,,,,,,,1749225798.236
1985,370444002,1749226177006,1,0.045,0.0448353,42.16,BTC-25JUL25-110000-C,105115.67,sell,0.7,0.7,,,,,,,1749226177.006
1986,370444512,1749226606618,1,0.045,0.04499135,42.09,BTC-25JUL25-110000-C,105124.74,sell,0.9,0.9,,,,,,,1749226606.618
1987,370444513,1749226606621,1,0.045,0.04499135,42.09,BTC-25JUL25-110000-C,105124.74,sell,2.9,2.9,,,,,,,1749226606.621
1988,370444514,1749226606624,1,0.045,0.04499135,42.09,BTC-25JUL25-110000-C,105124.74,sell,6.2,6.2,,,,,,,1749226606.624
1989,370467890,1749255196529,2,0.0405,0.04069072,41.33,BTC-25JUL25-110000-C,104262.45,sell,0.4,0.4,,,,,,,1749255196.529
1990,370467891,1749255196529,3,0.0405,0.04069072,41.33,BTC-25JUL25-110000-C,104262.45,sell,1.2,1.2,,,,,,,1749255196.529
1991,370467892,1749255196532,3,0.0405,0.04069072,41.33,BTC-25JUL25-110000-C,104262.45,buy,0.4,0.4,,,,,,,1749255196.532
1992,370469230,1749255559446,2,0.04,0.04004977,41.4,BTC-25JUL25-110000-C,104078.92,buy,0.3,0.3,,,,,,,1749255559.446
1993,370469481,1749255825812,3,0.04,0.04008783,41.36,BTC-25JUL25-110000-C,104104.81,buy,0.2,0.2,,,,,,,1749255825.812
1994,370469564,1749255871730,3,0.04,0.04028458,41.2,BTC-25JUL25-110000-C,104160.44,buy,0.5,0.5,,,,,,,1749255871.73
1995,370470793,1749257740451,0,0.0415,0.0412961,41.44,BTC-25JUL25-110000-C,104508.81,buy,0.6,0.6,,,,,,,1749257740.451
1996,370470794,1749257740453,1,0.0415,0.0412961,41.44,BTC-25JUL25-110000-C,104508.81,sell,0.4,0.4,,,,,,,1749257740.453
1997,370495563,1749298472499,0,0.0455,0.04505041,42.43,BTC-25JUL25-110000-C,105320.97,buy,1.0,1.0,,,,,,,1749298472.499
1999,370495639,1749298780326,1,0.0455,0.04508794,42.47,BTC-25JUL25-110000-C,105304.76,buy,0.7,0.7,,,,,,,1749298780.326
1998,370495638,1749298780326,1,0.0455,0.04508794,42.47,BTC-25JUL25-110000-C,105304.76,buy,0.3,0.3,,,,,,,1749298780.326
2000,370495716,1749298948432,2,0.045,0.04504434,42.17,BTC-25JUL25-110000-C,105290.86,sell,0.4,0.4,,,,,,,1749298948.432
2001,370495717,1749298948635,3,0.045,0.04504434,42.17,BTC-25JUL25-110000-C,105290.86,sell,1.5,1.5,,,,,,,1749298948.635
2002,370496151,1749299821043,3,0.045,0.04513925,42.01,BTC-25JUL25-110000-C,105353.53,sell,0.4,0.4,,,,,,,1749299821.043
2003,370496152,1749299829207,3,0.045,0.0451049,42.03,BTC-25JUL25-110000-C,105344.97,buy,0.3,0.3,,,,,,,1749299829.207
2004,370496154,1749299834135,3,0.045,0.04510314,42.03,BTC-25JUL25-110000-C,105345.27,buy,0.2,0.2,,,,,,,1749299834.135
2005,370496155,1749299834137,3,0.045,0.04510314,42.03,BTC-25JUL25-110000-C,105345.27,buy,0.1,0.1,,,,,,,1749299834.137
2006,370502088,1749304130204,0,0.046,0.04612382,41.91,BTC-25JUL25-110000-C,105683.76,sell,0.4,0.4,,,,,,,1749304130.204
2007,370504916,1749306803361,0,0.0465,0.04650671,42.39,BTC-25JUL25-110000-C,105625.55,sell,0.3,0.3,,,,,,,1749306803.361
2009,370505407,1749307328061,3,0.046,0.04623471,42.25,BTC-25JUL25-110000-C,105569.85,sell,0.6,0.6,,,,,,,1749307328.061
2008,370505406,1749307328061,2,0.046,0.04623471,42.25,BTC-25JUL25-110000-C,105569.85,sell,0.6,0.6,,,,,,,1749307328.061
2010,370517269,1749327847636,0,0.047,0.04692128,42.21,BTC-25JUL25-110000-C,105925.19,sell,2.0,2.0,,,,,,,1749327847.636
2011,370524422,1749346832651,2,0.046,0.04606192,42.29,BTC-25JUL25-110000-C,105667.39,buy,0.3,0.3,,,,,,,1749346832.651
2012,370534836,1749374055394,2,0.045,0.04483032,42.59,BTC-25JUL25-110000-C,105336.16,sell,0.1,0.1,,,,,,,1749374055.394
2013,370536583,1749374977354,2,0.0445,0.04443838,42.55,BTC-25JUL25-110000-C,105206.79,sell,0.1,0.1,,,,,,,1749374977.354
2014,370537101,1749375858547,3,0.0445,0.04438365,42.5,BTC-25JUL25-110000-C,105239.81,buy,0.3,0.3,,,,,,,1749375858.547
2015,370537102,1749375858549,3,0.0445,0.04438365,42.5,BTC-25JUL25-110000-C,105239.81,sell,2.0,2.0,,,,,,,1749375858.549
2016,370537107,1749375869315,3,0.0445,0.04439188,42.5,BTC-25JUL25-110000-C,105240.0,sell,1.6,1.6,,,,,,,1749375869.315
2017,370537108,1749375869325,3,0.0445,0.04439188,42.5,BTC-25JUL25-110000-C,105240.0,sell,0.1,0.1,,,,,,,1749375869.325
2018,370537962,1749377697037,2,0.0435,0.0438268,42.27,BTC-25JUL25-110000-C,105060.57,sell,1.6,1.6,,,,,,,1749377697.037
2019,370537965,1749377703215,3,0.0435,0.04382573,42.27,BTC-25JUL25-110000-C,105058.26,buy,0.4,0.4,,,,,,,1749377703.215
2020,370538050,1749377707212,3,0.0435,0.04381678,42.28,BTC-25JUL25-110000-C,105060.23,buy,0.6,0.6,,,,,,,1749377707.212
2021,370538065,1749377713774,3,0.0435,0.0438418,42.24,BTC-25JUL25-110000-C,105070.72,buy,1.7,1.7,,,,,,,1749377713.774
2022,370538083,1749377720610,3,0.0435,0.04384724,42.24,BTC-25JUL25-110000-C,105073.97,buy,0.7,0.7,,,,,,,1749377720.61
2023,370558683,1749397588713,0,0.047,0.04717685,42.13,BTC-25JUL25-110000-C,106031.05,sell,0.5,0.5,,,,,,,1749397588.713
2024,370561088,1749399902237,0,0.0475,0.04769525,42.05,BTC-25JUL25-110000-C,106207.55,buy,0.4,0.4,,,,,,,1749399902.237
2025,370561089,1749399902239,1,0.0475,0.04769525,42.05,BTC-25JUL25-110000-C,106207.55,buy,0.1,0.1,,,,,,,1749399902.239
2026,370562096,1749401286195,1,0.0475,0.04748337,41.93,BTC-25JUL25-110000-C,106262.67,buy,0.1,0.1,,,,,,,1749401286.195
2027,370562515,1749401898877,1,0.0475,0.0475444,41.94,BTC-25JUL25-110000-C,106239.83,buy,0.5,0.5,,,,,,,1749401898.877
2028,370572533,1749420272591,0,0.048,0.04781967,42.65,BTC-25JUL25-110000-C,106174.34,sell,0.1,0.1,,,,,,,1749420272.591
2029,370573752,1749421205727,1,0.048,0.04759326,42.8,BTC-25JUL25-110000-C,106113.59,buy,0.5,0.5,,,,,,,1749421205.727
2030,370573824,1749421392620,1,0.048,0.04760253,42.76,BTC-25JUL25-110000-C,106124.94,buy,0.6,0.6,,,,,,,1749421392.62
2031,370576167,1749423485827,2,0.0465,0.04651278,42.57,BTC-25JUL25-110000-C,105810.21,sell,0.1,0.1,,,,,,,1749423485.827
2032,370583835,1749429331018,0,0.047,0.04716777,42.38,BTC-25JUL25-110000-C,105996.61,sell,0.4,0.4,,,,,,,1749429331.018
2033,370589163,1749439271793,2,0.0445,0.0443865,42.23,BTC-25JUL25-110000-C,105461.2,sell,0.1,0.1,,,,,,,1749439271.793
2034,370597029,1749455784710,3,0.0445,0.0446084,41.89,BTC-25JUL25-110000-C,105634.25,sell,0.3,0.3,,,,,,,1749455784.71
2035,370603150,1749461302338,0,0.046,0.04624189,41.71,BTC-25JUL25-110000-C,106106.25,sell,0.1,0.1,,,,,,,1749461302.338
2036,370603229,1749461360863,0,0.047,0.04646246,42.27,BTC-25JUL25-110000-C,106154.48,buy,0.2,0.2,,,,,,,1749461360.863
2037,370615469,1749464363681,0,0.052,0.05144763,42.36,BTC-25JUL25-110000-C,107412.22,buy,0.2,0.2,,,,,,,1749464363.681
2038,370615600,1749464400178,1,0.052,0.05148905,42.35,BTC-25JUL25-110000-C,107421.23,buy,0.2,0.2,,,,,,,1749464400.178
2039,370615633,1749464419198,1,0.052,0.05138226,42.42,BTC-25JUL25-110000-C,107401.89,buy,0.1,0.1,,,,,,,1749464419.198
2040,370617362,1749465013424,2,0.0505,0.05053666,42.02,BTC-25JUL25-110000-C,107172.03,buy,0.3,0.3,,,,,,,1749465013.424
2041,370617363,1749465013449,3,0.0505,0.05053666,42.02,BTC-25JUL25-110000-C,107172.03,buy,0.5,0.5,,,,,,,1749465013.449
2042,370617364,1749465013464,3,0.0505,0.05053666,42.02,BTC-25JUL25-110000-C,107172.03,buy,0.2,0.2,,,,,,,1749465013.464
2043,370621796,1749467665690,0,0.052,0.05173405,42.23,BTC-25JUL25-110000-C,107459.36,buy,0.3,0.3,,,,,,,1749467665.69
2044,370627561,1749469566289,0,0.053,0.05303731,42.15,BTC-25JUL25-110000-C,107736.63,sell,0.2,0.2,,,,,,,1749469566.289
2045,370628837,1749470249998,0,0.0535,0.05301034,42.46,BTC-25JUL25-110000-C,107764.23,buy,0.4,0.4,,,,,,,1749470249.998
2046,370628838,1749470249998,1,0.0535,0.05301034,42.46,BTC-25JUL25-110000-C,107764.23,buy,1.1,1.1,,,,,,,1749470249.998
2047,370628938,1749470301243,1,0.0535,0.05317437,42.35,BTC-25JUL25-110000-C,107791.16,buy,1.0,1.0,,,,,,,1749470301.243
2051,370629148,1749470396281,1,0.0535,0.05294892,42.49,BTC-25JUL25-110000-C,107744.3,buy,0.4,0.4,,,,,,,1749470396.281
2050,370629147,1749470396281,1,0.0535,0.05294892,42.49,BTC-25JUL25-110000-C,107744.3,buy,6.0,6.0,,,,,,,1749470396.281
2049,370629146,1749470396281,1,0.0535,0.05294892,42.49,BTC-25JUL25-110000-C,107744.3,buy,1.6,1.6,,,,,,,1749470396.281
2048,370629145,1749470396281,1,0.0535,0.05294892,42.49,BTC-25JUL25-110000-C,107744.3,buy,4.9,4.9,,,,,,,1749470396.281
2053,370629150,1749470396281,1,0.0535,0.05294892,42.49,BTC-25JUL25-110000-C,107744.3,buy,2.4,2.4,,,,,,,1749470396.281
2052,370629149,1749470396281,1,0.0535,0.05294892,42.49,BTC-25JUL25-110000-C,107744.3,buy,0.7,0.7,,,,,,,1749470396.281
2055,370629652,1749470470232,1,0.0535,0.05320763,42.33,BTC-25JUL25-110000-C,107800.55,buy,3.6,3.6,,,,,,,1749470470.232
2054,370629651,1749470470232,1,0.0535,0.05320763,42.33,BTC-25JUL25-110000-C,107800.55,buy,0.2,0.2,,,,,,,1749470470.232
2056,370629653,1749470470232,1,0.0535,0.05320763,42.33,BTC-25JUL25-110000-C,107800.55,buy,1.2,1.2,,,,,,,1749470470.232
2057,370629817,1749470554855,0,0.054,0.05314788,42.7,BTC-25JUL25-110000-C,107787.34,buy,0.3,0.3,,,,,,,1749470554.855
2058,370630855,1749471150266,2,0.053,0.05265211,42.45,BTC-25JUL25-110000-C,107651.5,sell,0.1,0.1,,,,,,,1749471150.266
2059,370631509,1749471567646,3,0.053,0.05304019,42.23,BTC-25JUL25-110000-C,107702.72,sell,0.3,0.3,,,,,,,1749471567.646
2060,370632272,1749472090649,2,0.0525,0.05261612,42.15,BTC-25JUL25-110000-C,107621.45,sell,0.2,0.2,,,,,,,1749472090.649
2061,370632403,1749472301076,0,0.053,0.05270674,42.41,BTC-25JUL25-110000-C,107652.39,buy,0.3,0.3,,,,,,,1749472301.076
2062,370635061,1749473572077,0,0.0535,0.05293122,42.38,BTC-25JUL25-110000-C,107797.04,buy,0.1,0.1,,,,,,,1749473572.077
2063,370652753,1749480244304,2,0.053,0.05319198,41.77,BTC-25JUL25-110000-C,107880.19,sell,0.1,0.1,,,,,,,1749480244.304
2064,370673659,1749489350553,0,0.055,0.05469293,41.83,BTC-25JUL25-110000-C,108350.59,buy,0.1,0.1,,,,,,,1749489350.553
2065,370680986,1749492633325,0,0.0555,0.05540999,41.7,BTC-25JUL25-110000-C,108524.44,sell,0.9,0.9,,,,,,,1749492633.325
2066,370681160,1749492702195,1,0.0555,0.05541909,41.68,BTC-25JUL25-110000-C,108538.08,sell,0.1,0.1,,,,,,,1749492702.195
2067,370682275,1749493433951,1,0.0555,0.05543719,41.64,BTC-25JUL25-110000-C,108557.43,sell,0.9,0.9,,,,,,,1749493433.951
2068,370682579,1749493581423,0,0.056,0.05549651,41.95,BTC-25JUL25-110000-C,108559.78,buy,0.1,0.1,,,,,,,1749493581.423
2069,370683358,1749494475842,2,0.055,0.05492751,41.61,BTC-25JUL25-110000-C,108467.27,sell,0.5,0.5,,,,,,,1749494475.842
2070,370683866,1749494929211,2,0.0545,0.05446847,41.54,BTC-25JUL25-110000-C,108368.99,buy,0.1,0.1,,,,,,,1749494929.211
2071,370684006,1749495007686,3,0.0545,0.05466233,41.39,BTC-25JUL25-110000-C,108415.1,buy,0.1,0.1,,,,,,,1749495007.686
2072,370684020,1749495027519,3,0.0545,0.05473717,41.33,BTC-25JUL25-110000-C,108426.74,buy,0.1,0.1,,,,,,,1749495027.519
2073,370684047,1749495041664,3,0.0545,0.05478284,41.29,BTC-25JUL25-110000-C,108437.72,buy,0.1,0.1,,,,,,,1749495041.664
2074,370685918,1749496651211,0,0.0555,0.05546939,41.58,BTC-25JUL25-110000-C,108590.39,buy,0.1,0.1,,,,,,,1749496651.211
2075,370689539,1749498032321,1,0.0555,0.05552606,41.64,BTC-25JUL25-110000-C,108590.5,sell,0.2,0.2,,,,,,,1749498032.321
2076,370689806,1749498182296,1,0.0555,0.05544502,41.71,BTC-25JUL25-110000-C,108573.28,sell,0.2,0.2,,,,,,,1749498182.296
2077,370689807,1749498182302,1,0.0555,0.05544502,41.71,BTC-25JUL25-110000-C,108573.28,sell,0.1,0.1,,,,,,,1749498182.302
2078,370690220,1749498453739,2,0.055,0.05502863,41.63,BTC-25JUL25-110000-C,108480.58,buy,0.1,0.1,,,,,,,1749498453.739
2079,370690229,1749498462590,3,0.055,0.05504626,41.63,BTC-25JUL25-110000-C,108485.03,buy,0.2,0.2,,,,,,,1749498462.59
2080,370690230,1749498462597,3,0.055,0.05504626,41.63,BTC-25JUL25-110000-C,108485.03,buy,0.1,0.1,,,,,,,1749498462.597
2081,370690681,1749498716195,0,0.056,0.05579273,41.82,BTC-25JUL25-110000-C,108645.45,buy,0.7,0.7,,,,,,,1749498716.195
2083,370696613,1749502314211,1,0.0565,0.05629215,41.91,BTC-25JUL25-110000-C,108724.51,buy,0.1,0.1,,,,,,,1749502314.211
2082,370696612,1749502314211,0,0.0565,0.05629215,41.91,BTC-25JUL25-110000-C,108724.51,buy,0.1,0.1,,,,,,,1749502314.211
2084,370696620,1749502320922,1,0.0565,0.05636076,41.86,BTC-25JUL25-110000-C,108739.53,buy,0.1,0.1,,,,,,,1749502320.922
2085,370697079,1749502925553,0,0.057,0.05693356,41.94,BTC-25JUL25-110000-C,108825.5,buy,0.1,0.1,,,,,,,1749502925.553
2086,370697080,1749502925553,1,0.057,0.05693356,41.94,BTC-25JUL25-110000-C,108825.5,buy,1.1,1.1,,,,,,,1749502925.553
2087,370697081,1749502925559,1,0.057,0.05693356,41.94,BTC-25JUL25-110000-C,108825.5,buy,0.2,0.2,,,,,,,1749502925.559
2088,370697082,1749502925575,1,0.057,0.05693356,41.94,BTC-25JUL25-110000-C,108825.5,buy,0.3,0.3,,,,,,,1749502925.575
2089,370697083,1749502925584,1,0.057,0.05693356,41.94,BTC-25JUL25-110000-C,108825.5,buy,0.2,0.2,,,,,,,1749502925.584
2090,370697084,1749502925585,1,0.057,0.05693356,41.94,BTC-25JUL25-110000-C,108825.5,buy,0.1,0.1,,,,,,,1749502925.585
2091,370697085,1749502925590,1,0.057,0.05693356,41.94,BTC-25JUL25-110000-C,108825.5,buy,0.1,0.1,,,,,,,1749502925.59
2092,370698201,1749503404472,0,0.058,0.05780069,41.98,BTC-25JUL25-110000-C,109041.77,buy,2.1,2.1,,,,,,,1749503404.472
2093,370698202,1749503404472,1,0.058,0.05780069,41.98,BTC-25JUL25-110000-C,109041.77,buy,1.6,1.6,,,,,,,1749503404.472
2094,370698203,1749503404475,1,0.058,0.05780069,41.98,BTC-25JUL25-110000-C,109041.77,sell,1.3,1.3,,,,,,,1749503404.475
2095,370703125,1749504202736,0,0.059,0.05907739,41.59,BTC-25JUL25-110000-C,109440.24,buy,0.2,0.2,,,,,,,1749504202.736
2096,370704532,1749504419772,0,0.0615,0.06084419,41.92,BTC-25JUL25-110000-C,109886.76,buy,0.4,0.4,,,,,,,1749504419.772
2097,370712138,1749504929221,0,0.0625,0.06218323,41.93,BTC-25JUL25-110000-C,110148.51,buy,0.1,0.1,,,,,,,1749504929.221
2098,370723022,1749507326890,2,0.0615,0.06110653,42.0,BTC-25JUL25-110000-C,109883.62,sell,0.3,0.3,,,,,,,1749507326.89
2100,370723378,1749507527346,1,0.0625,0.06184218,42.17,BTC-25JUL25-110000-C,110056.36,buy,0.6,0.6,,,,,,,1749507527.346
2099,370723377,1749507527346,0,0.0625,0.06184218,42.17,BTC-25JUL25-110000-C,110056.36,buy,0.4,0.4,,,,,,,1749507527.346
2101,370723480,1749507555943,1,0.0625,0.06202125,42.07,BTC-25JUL25-110000-C,110084.31,buy,1.0,1.0,,,,,,,1749507555.943
2102,370723599,1749507631305,1,0.0625,0.06191842,42.18,BTC-25JUL25-110000-C,110056.65,buy,0.1,0.1,,,,,,,1749507631.305
2103,370723712,1749507669160,1,0.0625,0.06177413,42.27,BTC-25JUL25-110000-C,110032.87,buy,1.0,1.0,,,,,,,1749507669.16
2104,370723816,1749507706125,2,0.062,0.06161971,42.0,BTC-25JUL25-110000-C,110017.86,sell,0.1,0.1,,,,,,,1749507706.125
2105,370723820,1749507716767,0,0.0625,0.06167791,42.34,BTC-25JUL25-110000-C,110021.57,buy,1.0,1.0,,,,,,,1749507716.767
2106,370723978,1749507775825,1,0.0625,0.06171523,42.34,BTC-25JUL25-110000-C,110013.87,buy,0.1,0.1,,,,,,,1749507775.825
2107,370728542,1749509148615,0,0.0645,0.06377091,42.74,BTC-25JUL25-110000-C,110279.57,buy,0.1,0.1,,,,,,,1749509148.615
2108,370728678,1749509170370,0,0.065,0.0638488,43.04,BTC-25JUL25-110000-C,110296.09,buy,0.4,0.4,,,,,,,1749509170.37
2109,370728679,1749509170370,1,0.065,0.0638488,43.04,BTC-25JUL25-110000-C,110296.09,buy,0.1,0.1,,,,,,,1749509170.37
2110,370731505,1749510451932,2,0.063,0.06300411,42.33,BTC-25JUL25-110000-C,110096.45,sell,0.4,0.4,,,,,,,1749510451.932
2111,370731707,1749510545288,0,0.0635,0.06304422,42.66,BTC-25JUL25-110000-C,110092.58,buy,0.3,0.3,,,,,,,1749510545.288
2112,370735518,1749512701725,0,0.064,0.0636565,42.55,BTC-25JUL25-110000-C,110249.1,sell,0.5,0.5,,,,,,,1749512701.725
2113,370735765,1749512916184,1,0.064,0.06359937,42.62,BTC-25JUL25-110000-C,110226.83,sell,0.5,0.5,,,,,,,1749512916.184
2114,370736311,1749513255478,1,0.064,0.0638067,42.49,BTC-25JUL25-110000-C,110272.68,sell,0.5,0.5,,,,,,,1749513255.478
2115,370736462,1749513538179,0,0.0645,0.06396574,42.75,BTC-25JUL25-110000-C,110285.72,buy,0.5,0.5,,,,,,,1749513538.179
2116,370737096,1749513906021,2,0.064,0.06351932,42.7,BTC-25JUL25-110000-C,110198.64,buy,0.2,0.2,,,,,,,1749513906.021
2117,370737097,1749513906021,3,0.064,0.06351932,42.7,BTC-25JUL25-110000-C,110198.64,buy,0.8,0.8,,,,,,,1749513906.021
2118,370740029,1749515762448,2,0.0635,0.06314208,42.31,BTC-25JUL25-110000-C,110211.69,buy,0.1,0.1,,,,,,,1749515762.448
2119,370744932,1749520469028,2,0.06,0.06035748,41.52,BTC-25JUL25-110000-C,109690.56,sell,0.1,0.1,,,,,,,1749520469.028
2120,370747970,1749522197598,3,0.06,0.05997791,41.8,BTC-25JUL25-110000-C,109574.6,buy,0.3,0.3,,,,,,,1749522197.598
2121,370747971,1749522197602,3,0.06,0.05997791,41.8,BTC-25JUL25-110000-C,109574.6,buy,0.2,0.2,,,,,,,1749522197.602
2122,370748035,1749522269870,0,0.0601,0.06022052,41.7,BTC-25JUL25-110000-C,109618.9,sell,15.0,15.0,2.0,BLOCK-204237,,BTC-CDIAG-25JUL25_27JUN25-110000_115000,,,1749522269.87
2123,370749003,1749522969247,0,0.0605,0.06045402,41.77,BTC-25JUL25-110000-C,109695.48,buy,5.0,5.0,4.0,BLOCK-204240,5850.0,,,,1749522969.247
2124,370752387,1749525788878,2,0.06,0.0600321,41.94,BTC-25JUL25-110000-C,109528.69,sell,1.2,1.2,,,,,,,1749525788.878
2125,370788509,1749554935904,0,0.0615,0.06087523,42.39,BTC-25JUL25-110000-C,109725.82,buy,0.1,0.1,,,,,,,1749554935.904
2126,370792729,1749557690995,2,0.0595,0.06004067,41.65,BTC-25JUL25-110000-C,109499.0,sell,0.1,0.1,,,,,,,1749557690.995
2127,370794604,1749559472074,0,0.061,0.06059973,42.42,BTC-25JUL25-110000-C,109596.96,buy,3.5,3.5,,,,,,,1749559472.074
2128,370794605,1749559472085,1,0.061,0.06059973,42.42,BTC-25JUL25-110000-C,109596.96,buy,1.5,1.5,,,,,,,1749559472.085
2129,370796417,1749561409834,0,0.0623,0.06169975,42.59,BTC-25JUL25-110000-C,109834.84,buy,0.1,0.1,,,,BTC-CS-25JUL25-110000_120000,370796415,,1749561409.834
2130,370796808,1749561609577,0,0.0625,0.06196452,42.56,BTC-25JUL25-110000-C,109906.35,sell,0.4,0.4,,,,,,,1749561609.577
2131,370811177,1749566599046,2,0.057,0.05695584,42.61,BTC-25JUL25-110000-C,108661.23,sell,0.4,0.4,,,,,,,1749566599.046
2134,370813047,1749567081925,3,0.0565,0.05705492,42.11,BTC-25JUL25-110000-C,108704.74,sell,1.2,1.2,,,,,,,1749567081.925
2133,370813046,1749567081925,3,0.0565,0.05705492,42.11,BTC-25JUL25-110000-C,108704.74,sell,0.1,0.1,,,,,,,1749567081.925
2132,370813045,1749567081925,2,0.0565,0.05705492,42.11,BTC-25JUL25-110000-C,108704.74,sell,8.7,8.7,,,,,,,1749567081.925
2135,370821382,1749570526565,0,0.057,0.05705123,42.11,BTC-25JUL25-110000-C,108817.53,buy,0.4,0.4,,,,,,,1749570526.565
2136,370822123,1749571146224,0,0.058,0.05789208,42.18,BTC-25JUL25-110000-C,109043.1,buy,0.8,0.8,,,,,,,1749571146.224
2137,370831421,1749578695178,2,0.056,0.05638814,41.82,BTC-25JUL25-110000-C,108690.54,sell,0.4,0.4,,,,,,,1749578695.178
2138,370847532,1749585200286,0,0.0595,0.05989539,41.73,BTC-25JUL25-110000-C,109587.61,sell,0.2,0.2,,,,,,,1749585200.286
2139,370847535,1749585200299,1,0.0595,0.05989539,41.73,BTC-25JUL25-110000-C,109587.61,sell,0.1,0.1,,,,,,,1749585200.299
2140,370847536,1749585200308,1,0.0595,0.05989539,41.73,BTC-25JUL25-110000-C,109587.61,sell,0.3,0.3,,,,,,,1749585200.308
2141,370887314,1749631424573,2,0.059,0.05947884,41.62,BTC-25JUL25-110000-C,109600.07,sell,0.1,0.1,,,,,,,1749631424.573
2142,370887315,1749631424573,3,0.059,0.05947884,41.62,BTC-25JUL25-110000-C,109600.07,sell,0.1,0.1,,,,,,,1749631424.573
2143,370887320,1749631456178,3,0.059,0.05950446,41.6,BTC-25JUL25-110000-C,109603.77,sell,0.2,0.2,,,,,,,1749631456.178
2144,370887321,1749631456627,3,0.059,0.0595028,41.6,BTC-25JUL25-110000-C,109604.66,sell,0.2,0.2,,,,,,,1749631456.627
2145,370887332,1749631471195,3,0.059,0.05953172,41.58,BTC-25JUL25-110000-C,109610.83,sell,0.2,0.2,,,,,,,1749631471.195
2146,370887352,1749631504820,3,0.059,0.05946763,41.64,BTC-25JUL25-110000-C,109591.24,sell,0.2,0.2,,,,,,,1749631504.82
2147,370887384,1749631567810,3,0.059,0.05942605,41.66,BTC-25JUL25-110000-C,109587.44,sell,0.2,0.2,,,,,,,1749631567.81
2148,370887392,1749631589837,3,0.059,0.05939828,41.68,BTC-25JUL25-110000-C,109581.15,sell,0.2,0.2,,,,,,,1749631589.837
2149,370887401,1749631605424,3,0.059,0.05938859,41.67,BTC-25JUL25-110000-C,109584.03,sell,0.2,0.2,,,,,,,1749631605.424
2150,370887474,1749631629878,3,0.059,0.05938488,41.69,BTC-25JUL25-110000-C,109583.24,sell,0.2,0.2,,,,,,,1749631629.878
2151,370887484,1749631645542,3,0.059,0.05940598,41.66,BTC-25JUL25-110000-C,109586.74,sell,0.2,0.2,,,,,,,1749631645.542
2152,370887485,1749631647452,3,0.059,0.05940446,41.66,BTC-25JUL25-110000-C,109586.76,sell,0.2,0.2,,,,,,,1749631647.452
2153,370887487,1749631647885,3,0.059,0.05940138,41.67,BTC-25JUL25-110000-C,109586.17,sell,0.2,0.2,,,,,,,1749631647.885
2154,370887488,1749631648158,3,0.059,0.05940138,41.67,BTC-25JUL25-110000-C,109586.17,sell,0.2,0.2,,,,,,,1749631648.158
2155,370887504,1749631663757,3,0.059,0.05940119,41.66,BTC-25JUL25-110000-C,109584.04,sell,0.2,0.2,,,,,,,1749631663.757
2156,370887547,1749631697948,3,0.059,0.05952999,41.57,BTC-25JUL25-110000-C,109612.85,sell,0.2,0.2,,,,,,,1749631697.948
2157,370887617,1749631734581,3,0.059,0.05961232,41.51,BTC-25JUL25-110000-C,109625.19,sell,0.2,0.2,,,,,,,1749631734.581
2158,370887628,1749631739297,3,0.059,0.05960295,41.52,BTC-25JUL25-110000-C,109621.18,sell,0.2,0.2,,,,,,,1749631739.297
2159,370887651,1749631741070,3,0.059,0.05959559,41.52,BTC-25JUL25-110000-C,109620.89,sell,0.2,0.2,,,,,,,1749631741.07
2160,370887719,1749631751109,3,0.059,0.05959018,41.52,BTC-25JUL25-110000-C,109621.65,sell,0.2,0.2,,,,,,,1749631751.109
2161,370887749,1749631753317,3,0.059,0.0595897,41.53,BTC-25JUL25-110000-C,109620.06,sell,0.2,0.2,,,,,,,1749631753.317
2162,370887755,1749631753419,3,0.059,0.0595897,41.53,BTC-25JUL25-110000-C,109620.06,sell,0.2,0.2,,,,,,,1749631753.419
2163,370887756,1749631753558,3,0.059,0.0595897,41.53,BTC-25JUL25-110000-C,109620.06,sell,0.2,0.2,,,,,,,1749631753.558
2164,370887800,1749631759024,3,0.059,0.05956464,41.53,BTC-25JUL25-110000-C,109619.69,sell,0.2,0.2,,,,,,,1749631759.024
2165,370887879,1749631768337,3,0.059,0.05955093,41.58,BTC-25JUL25-110000-C,109605.01,sell,0.2,0.2,,,,,,,1749631768.337
2166,370887884,1749631769028,3,0.059,0.05951715,41.59,BTC-25JUL25-110000-C,109603.72,sell,0.2,0.2,,,,,,,1749631769.028
2167,370887904,1749631770573,3,0.059,0.05950155,41.59,BTC-25JUL25-110000-C,109603.5,sell,0.2,0.2,,,,,,,1749631770.573
2168,370887905,1749631770659,3,0.059,0.05950155,41.59,BTC-25JUL25-110000-C,109603.5,sell,0.2,0.2,,,,,,,1749631770.659
2169,370887911,1749631770878,3,0.059,0.05948708,41.6,BTC-25JUL25-110000-C,109600.19,sell,0.2,0.2,,,,,,,1749631770.878
2170,370887912,1749631771144,3,0.059,0.05948708,41.6,BTC-25JUL25-110000-C,109600.19,sell,0.2,0.2,,,,,,,1749631771.144
2171,370888008,1749631781584,3,0.059,0.05941102,41.65,BTC-25JUL25-110000-C,109588.95,sell,0.2,0.2,,,,,,,1749631781.584
2172,370888018,1749631782668,3,0.059,0.05940688,41.65,BTC-25JUL25-110000-C,109588.8,sell,0.2,0.2,,,,,,,1749631782.668
2173,370888021,1749631783350,3,0.059,0.05940688,41.65,BTC-25JUL25-110000-C,109588.81,sell,0.2,0.2,,,,,,,1749631783.35
2174,370888029,1749631784052,3,0.059,0.05940576,41.65,BTC-25JUL25-110000-C,109588.66,sell,0.2,0.2,,,,,,,1749631784.052
2175,370888131,1749631794904,3,0.059,0.05934268,41.69,BTC-25JUL25-110000-C,109575.91,buy,0.1,0.1,,,,,,,1749631794.904
2176,370888270,1749631804935,2,0.0585,0.05932546,41.41,BTC-25JUL25-110000-C,109552.3,sell,0.2,0.2,,,,,,,1749631804.935
2177,370888333,1749631808689,3,0.0585,0.05927322,41.41,BTC-25JUL25-110000-C,109550.45,sell,0.2,0.2,,,,,,,1749631808.689
2178,370888338,1749631809083,3,0.0585,0.05922064,41.42,BTC-25JUL25-110000-C,109547.6,sell,0.2,0.2,,,,,,,1749631809.083
2179,370888357,1749631810612,3,0.0585,0.05922064,41.43,BTC-25JUL25-110000-C,109543.53,sell,0.2,0.2,,,,,,,1749631810.612
2180,370888496,1749631825642,3,0.0585,0.05914478,41.47,BTC-25JUL25-110000-C,109540.45,sell,0.2,0.2,,,,,,,1749631825.642
2181,370888534,1749631830208,3,0.0585,0.05909965,41.5,BTC-25JUL25-110000-C,109531.28,sell,0.2,0.2,,,,,,,1749631830.208
2182,370888583,1749631840646,3,0.0585,0.0590792,41.51,BTC-25JUL25-110000-C,109531.82,sell,0.2,0.2,,,,,,,1749631840.646
2183,370888663,1749631857661,3,0.0585,0.05905757,41.52,BTC-25JUL25-110000-C,109531.76,sell,0.2,0.2,,,,,,,1749631857.661
2184,370888940,1749631937008,0,0.059,0.05923192,41.72,BTC-25JUL25-110000-C,109569.42,buy,0.2,0.2,,,,,,,1749631937.008
2185,370888956,1749631937245,1,0.059,0.05923192,41.72,BTC-25JUL25-110000-C,109569.42,sell,0.2,0.2,,,,,,,1749631937.245
2186,370888980,1749631948257,1,0.059,0.05936241,41.64,BTC-25JUL25-110000-C,109592.26,sell,0.2,0.2,,,,,,,1749631948.257
2187,370889011,1749631991857,1,0.059,0.05939582,41.61,BTC-25JUL25-110000-C,109599.26,sell,0.2,0.2,,,,,,,1749631991.857
2188,370889013,1749631993031,1,0.059,0.05939676,41.61,BTC-25JUL25-110000-C,109599.25,sell,0.2,0.2,,,,,,,1749631993.031
2189,370889019,1749631998292,1,0.059,0.05939725,41.61,BTC-25JUL25-110000-C,109600.06,sell,0.2,0.2,,,,,,,1749631998.292
2190,370889029,1749632013069,1,0.059,0.0594154,41.6,BTC-25JUL25-110000-C,109602.58,sell,0.2,0.2,,,,,,,1749632013.069
2191,370889037,1749632030728,1,0.059,0.05941458,41.6,BTC-25JUL25-110000-C,109602.38,sell,0.2,0.2,,,,,,,1749632030.728
2192,370889042,1749632041991,1,0.059,0.0594115,41.6,BTC-25JUL25-110000-C,109602.14,sell,0.2,0.2,,,,,,,1749632041.991
2193,370889054,1749632068387,1,0.059,0.05941365,41.6,BTC-25JUL25-110000-C,109602.76,sell,0.2,0.2,,,,,,,1749632068.387
2194,370889055,1749632070865,1,0.059,0.05941155,41.61,BTC-25JUL25-110000-C,109602.33,sell,0.2,0.2,,,,,,,1749632070.865
2195,370889156,1749632110501,1,0.059,0.05955155,41.51,BTC-25JUL25-110000-C,109628.46,sell,0.2,0.2,,,,,,,1749632110.501
2196,370889163,1749632116442,1,0.059,0.05954734,41.51,BTC-25JUL25-110000-C,109631.81,sell,0.2,0.2,,,,,,,1749632116.442
2197,370889176,1749632143700,1,0.059,0.05952222,41.53,BTC-25JUL25-110000-C,109624.33,sell,0.2,0.2,,,,,,,1749632143.7
2198,370889196,1749632159566,1,0.059,0.05945738,41.58,BTC-25JUL25-110000-C,109609.94,sell,0.2,0.2,,,,,,,1749632159.566
2199,370889198,1749632160535,1,0.059,0.0594532,41.58,BTC-25JUL25-110000-C,109609.38,sell,0.2,0.2,,,,,,,1749632160.535
2200,370889203,1749632173667,1,0.059,0.05945199,41.58,BTC-25JUL25-110000-C,109609.23,sell,0.2,0.2,,,,,,,1749632173.667
2201,370889215,1749632196573,1,0.059,0.05945467,41.59,BTC-25JUL25-110000-C,109610.46,sell,0.2,0.2,,,,,,,1749632196.573
2202,370889216,1749632201612,1,0.059,0.05945709,41.58,BTC-25JUL25-110000-C,109610.17,sell,0.2,0.2,,,,,,,1749632201.612
2203,370889217,1749632203154,1,0.059,0.05945994,41.58,BTC-25JUL25-110000-C,109609.81,sell,0.2,0.2,,,,,,,1749632203.154
2204,370889230,1749632232668,1,0.059,0.05946866,41.58,BTC-25JUL25-110000-C,109613.21,sell,0.2,0.2,,,,,,,1749632232.668
2205,370889233,1749632235622,1,0.059,0.0594726,41.58,BTC-25JUL25-110000-C,109612.53,sell,0.2,0.2,,,,,,,1749632235.622
2206,370889236,1749632248598,1,0.059,0.05951155,41.55,BTC-25JUL25-110000-C,109619.86,sell,0.2,0.2,,,,,,,1749632248.598
2207,370889237,1749632248640,1,0.059,0.05951155,41.55,BTC-25JUL25-110000-C,109619.86,sell,0.2,0.2,,,,,,,1749632248.64
2208,370889238,1749632248683,1,0.059,0.05951155,41.55,BTC-25JUL25-110000-C,109619.86,sell,0.2,0.2,,,,,,,1749632248.683
2209,370889256,1749632270621,1,0.059,0.05942442,41.62,BTC-25JUL25-110000-C,109601.34,sell,0.2,0.2,,,,,,,1749632270.621
2210,370889268,1749632289676,1,0.059,0.05941255,41.62,BTC-25JUL25-110000-C,109601.52,sell,0.2,0.2,,,,,,,1749632289.676
2211,370889972,1749632584011,2,0.0585,0.05883793,41.66,BTC-25JUL25-110000-C,109485.64,buy,0.2,0.2,,,,,,,1749632584.011
2212,370891947,1749634607770,2,0.058,0.05822325,41.73,BTC-25JUL25-110000-C,109365.05,sell,0.2,0.2,,,,,,,1749634607.77
2213,370892002,1749634629763,3,0.058,0.05808143,41.85,BTC-25JUL25-110000-C,109335.69,buy,0.2,0.2,,,,,,,1749634629.763
2214,370892347,1749634885865,2,0.0575,0.05784068,41.68,BTC-25JUL25-110000-C,109266.73,sell,0.2,0.2,,,,,,,1749634885.865
2215,370899838,1749644519973,2,0.0565,0.0569391,41.59,BTC-25JUL25-110000-C,109094.12,sell,0.2,0.2,,,,,,,1749644519.973
2216,370899940,1749644563454,3,0.0565,0.05682878,41.67,BTC-25JUL25-110000-C,109069.17,sell,0.2,0.2,,,,,,,1749644563.454
2217,370924305,1749653367797,0,0.0613,0.06066491,42.34,BTC-25JUL25-110000-C,109921.54,buy,25.0,25.0,1.0,BLOCK-204635,,,,,1749653367.797
2218,370924404,1749653430669,2,0.0612,0.06047876,42.36,BTC-25JUL25-110000-C,109892.06,buy,25.0,25.0,1.0,BLOCK-204637,,,,,1749653430.669
2219,370924477,1749653473878,2,0.0606,0.06022693,42.13,BTC-25JUL25-110000-C,109833.03,buy,25.0,25.0,1.0,BLOCK-204639,,,,,1749653473.878
2220,370931512,1749658241887,2,0.0585,0.05847355,41.79,BTC-25JUL25-110000-C,109455.75,sell,0.1,0.1,,,,,,,1749658241.887
2221,370931515,1749658241959,3,0.0585,0.05847268,41.82,BTC-25JUL25-110000-C,109446.44,sell,0.1,0.1,,,,,,,1749658241.959
2222,370931520,1749658241995,3,0.0585,0.05847268,41.82,BTC-25JUL25-110000-C,109446.44,sell,0.1,0.1,,,,,,,1749658241.995
2223,370942792,1749664894251,2,0.056,0.05619455,41.47,BTC-25JUL25-110000-C,109008.85,buy,0.1,0.1,,,,,,,1749664894.251
2224,370944104,1749665021151,2,0.0555,0.05547612,41.61,BTC-25JUL25-110000-C,108863.74,buy,0.2,0.2,,,,,,,1749665021.151
2225,370946615,1749665736211,2,0.0545,0.05464057,41.56,BTC-25JUL25-110000-C,108640.31,buy,0.2,0.2,,,,,,,1749665736.211
2226,370946646,1749665738943,3,0.0545,0.0545927,41.55,BTC-25JUL25-110000-C,108644.38,buy,0.2,0.2,,,,,,,1749665738.943
2227,370952010,1749668204438,0,0.055,0.05528224,41.47,BTC-25JUL25-110000-C,108782.5,buy,0.1,0.1,,,,,,,1749668204.438
2228,370955853,1749671059250,2,0.0545,0.05430676,41.44,BTC-25JUL25-110000-C,108680.13,buy,0.2,0.2,,,,,,,1749671059.25
2229,370955871,1749671119427,3,0.0545,0.05435137,41.4,BTC-25JUL25-110000-C,108697.23,buy,0.4,0.4,,,,,,,1749671119.427
2230,370955905,1749671151950,3,0.0545,0.05432114,41.43,BTC-25JUL25-110000-C,108692.44,buy,0.5,0.5,,,,,,,1749671151.95
2231,370966533,1749678436943,2,0.0535,0.05361527,40.88,BTC-25JUL25-110000-C,108656.13,buy,0.2,0.2,,,,,,,1749678436.943
2232,370966780,1749678482558,2,0.053,0.05351002,40.56,BTC-25JUL25-110000-C,108650.84,sell,0.6,0.6,,,,,,,1749678482.558
2233,370967358,1749678593201,2,0.0525,0.05328303,40.18,BTC-25JUL25-110000-C,108675.53,sell,0.6,0.6,,,,,,,1749678593.201
2234,370967771,1749678695912,0,0.053,0.05300863,40.48,BTC-25JUL25-110000-C,108715.76,buy,0.1,0.1,,,,,,,1749678695.912
2236,370969229,1749678853226,1,0.0535,0.0532392,40.66,BTC-25JUL25-110000-C,108784.1,buy,4.5,4.5,,,,,,,1749678853.226
2235,370969228,1749678853226,0,0.0535,0.0532392,40.66,BTC-25JUL25-110000-C,108784.1,buy,0.5,0.5,,,,,,,1749678853.226
2237,370969551,1749679026782,2,0.0525,0.05254407,40.38,BTC-25JUL25-110000-C,108651.52,sell,0.4,0.4,,,,,,,1749679026.782
2238,370970175,1749679151637,2,0.052,0.05208053,40.36,BTC-25JUL25-110000-C,108523.28,sell,0.2,0.2,,,,,,,1749679151.637
2239,370970203,1749679181822,3,0.052,0.05207755,40.37,BTC-25JUL25-110000-C,108520.07,sell,0.2,0.2,,,,,,,1749679181.822
2240,370971110,1749679514117,3,0.052,0.05199388,40.4,BTC-25JUL25-110000-C,108518.04,buy,0.1,0.1,,,,,,,1749679514.117
2241,370971130,1749679521095,3,0.052,0.05210611,40.29,BTC-25JUL25-110000-C,108545.8,sell,0.1,0.1,,,,,,,1749679521.095
2242,370971161,1749679527317,3,0.052,0.05229682,40.19,BTC-25JUL25-110000-C,108575.93,sell,0.1,0.1,,,,,,,1749679527.317
2243,370971172,1749679556545,3,0.052,0.05203541,40.37,BTC-25JUL25-110000-C,108528.9,buy,0.1,0.1,,,,,,,1749679556.545
2244,370972770,1749680560066,2,0.0505,0.0510638,39.89,BTC-25JUL25-110000-C,108327.87,sell,0.2,0.2,,,,,,,1749680560.066
2245,370972771,1749680560571,3,0.0505,0.0510649,39.89,BTC-25JUL25-110000-C,108327.37,sell,0.2,0.2,,,,,,,1749680560.571
2246,370973125,1749680640971,3,0.0505,0.05083518,40.03,BTC-25JUL25-110000-C,108277.85,sell,0.2,0.2,,,,,,,1749680640.971
2247,370973278,1749680656838,3,0.0505,0.05091301,39.98,BTC-25JUL25-110000-C,108295.72,sell,1.3,1.3,,,,,,,1749680656.838
2248,370973290,1749680656854,3,0.0505,0.05091301,39.98,BTC-25JUL25-110000-C,108295.72,sell,0.3,0.3,,,,,,,1749680656.854
2249,370974535,1749680786758,2,0.0495,0.05009255,39.81,BTC-25JUL25-110000-C,108111.52,sell,0.2,0.2,,,,,,,1749680786.758
2250,370976392,1749682147585,0,0.051,0.0513261,40.02,BTC-25JUL25-110000-C,108410.49,sell,0.1,0.1,,,,,,,1749682147.585
2251,370978662,1749686039590,0,0.0525,0.05257895,40.24,BTC-25JUL25-110000-C,108709.09,sell,0.1,0.1,,,,,,,1749686039.59
2252,370978664,1749686050339,1,0.0525,0.05255706,40.26,BTC-25JUL25-110000-C,108705.82,sell,0.3,0.3,,,,,,,1749686050.339
2253,370980043,1749688103296,2,0.052,0.05185364,40.24,BTC-25JUL25-110000-C,108594.42,buy,0.5,0.5,,,,,,,1749688103.296
2254,370982730,1749692231079,2,0.051,0.05068089,40.42,BTC-25JUL25-110000-C,108307.75,buy,41.0,41.0,6.0,BLOCK-204738,,,,,1749692231.079
2255,370986281,1749696108512,0,0.052,0.05169218,40.4,BTC-25JUL25-110000-C,108571.12,buy,0.1,0.1,,,,,,,1749696108.512
2256,370991086,1749698451189,2,0.049,0.04892177,40.3,BTC-25JUL25-110000-C,107883.41,buy,0.2,0.2,,,,,,,1749698451.189
2257,370995883,1749701654012,3,0.049,0.048773,40.61,BTC-25JUL25-110000-C,107788.74,sell,0.2,0.2,,,,,,,1749701654.012
2258,370995894,1749701654902,3,0.049,0.04877117,40.61,BTC-25JUL25-110000-C,107786.25,sell,0.1,0.1,,,,,,,1749701654.902
2259,370995899,1749701656498,3,0.049,0.04876659,40.62,BTC-25JUL25-110000-C,107785.02,sell,0.1,0.1,,,,,,,1749701656.498
2260,370995900,1749701656502,3,0.049,0.04876659,40.62,BTC-25JUL25-110000-C,107785.02,sell,0.6,0.6,,,,,,,1749701656.502
2261,370996388,1749701947010,2,0.048,0.04856263,40.1,BTC-25JUL25-110000-C,107713.24,sell,0.2,0.2,,,,,,,1749701947.01
2262,370997526,1749702145267,2,0.0475,0.04765982,40.4,BTC-25JUL25-110000-C,107492.09,sell,0.2,0.2,,,,,,,1749702145.267
2263,371001231,1749705742314,0,0.049,0.04898393,40.41,BTC-25JUL25-110000-C,107837.74,buy,0.1,0.1,,,,,,,1749705742.314
2264,371001241,1749705744320,1,0.049,0.04898658,40.4,BTC-25JUL25-110000-C,107842.41,buy,0.1,0.1,,,,,,,1749705744.32
2265,371002713,1749707884909,1,0.049,0.04903159,40.63,BTC-25JUL25-110000-C,107752.45,sell,0.1,0.1,,,,,,,1749707884.909
2266,371002726,1749707887438,1,0.049,0.04902909,40.63,BTC-25JUL25-110000-C,107749.21,sell,0.1,0.1,,,,,,,1749707887.438
2267,371005958,1749711334330,0,0.0494,0.04951406,40.42,BTC-25JUL25-110000-C,107923.05,buy,0.9,0.9,,,,BTC-CS-25JUL25-110000_122000,371005957,,1749711334.33
2268,371005969,1749711405922,2,0.049,0.04951833,40.12,BTC-25JUL25-110000-C,107922.06,sell,0.3,0.3,,,,,,,1749711405.922
2272,371015004,1749716447005,3,0.049,0.04849238,40.83,BTC-25JUL25-110000-C,107749.14,buy,7.6,7.6,,,,,,,1749716447.005
2271,371015003,1749716447005,3,0.049,0.04849238,40.83,BTC-25JUL25-110000-C,107749.14,buy,1.6,1.6,,,,,,,1749716447.005
2270,371015002,1749716447005,3,0.049,0.04849238,40.83,BTC-25JUL25-110000-C,107749.14,buy,0.4,0.4,,,,,,,1749716447.005
2269,371015001,1749716447005,3,0.049,0.04849238,40.83,BTC-25JUL25-110000-C,107749.14,buy,0.4,0.4,,,,,,,1749716447.005
2277,371015404,1749716705086,1,0.0495,0.04888017,40.93,BTC-25JUL25-110000-C,107834.66,buy,6.0,6.0,,,,,,,1749716705.086
2279,371015406,1749716705086,1,0.0495,0.04888017,40.93,BTC-25JUL25-110000-C,107834.66,buy,3.4,3.4,,,,,,,1749716705.086
2274,371015401,1749716705086,1,0.0495,0.04888017,40.93,BTC-25JUL25-110000-C,107834.66,buy,9.2,9.2,,,,,,,1749716705.086
2276,371015403,1749716705086,1,0.0495,0.04888017,40.93,BTC-25JUL25-110000-C,107834.66,buy,4.1,4.1,,,,,,,1749716705.086
2278,371015405,1749716705086,1,0.0495,0.04888017,40.93,BTC-25JUL25-110000-C,107834.66,buy,0.3,0.3,,,,,,,1749716705.086
2273,371015400,1749716705086,0,0.0495,0.04888017,40.93,BTC-25JUL25-110000-C,107834.66,buy,14.1,14.1,,,,,,,1749716705.086
2275,371015402,1749716705086,1,0.0495,0.04888017,40.93,BTC-25JUL25-110000-C,107834.66,buy,3.8,3.8,,,,,,,1749716705.086
2280,371015407,1749716705091,1,0.0495,0.04888017,40.93,BTC-25JUL25-110000-C,107834.66,sell,9.1,9.1,,,,,,,1749716705.091
2281,371021824,1749723132189,2,0.048,0.04802031,41.06,BTC-25JUL25-110000-C,107392.44,sell,9.3,9.3,,,,,,,1749723132.189
2282,371021826,1749723132202,3,0.048,0.04802031,41.06,BTC-25JUL25-110000-C,107392.44,sell,0.2,0.2,,,,,,,1749723132.202
2283,371021830,1749723132216,3,0.048,0.04802031,41.06,BTC-25JUL25-110000-C,107392.44,sell,0.1,0.1,,,,,,,1749723132.216
2284,371021840,1749723132234,3,0.048,0.04802031,41.06,BTC-25JUL25-110000-C,107392.44,sell,0.1,0.1,,,,,,,1749723132.234
2285,371021845,1749723132247,3,0.048,0.04802031,41.06,BTC-25JUL25-110000-C,107392.44,sell,0.1,0.1,,,,,,,1749723132.247
2286,371021865,1749723132323,3,0.048,0.04802031,41.06,BTC-25JUL25-110000-C,107392.44,sell,28.0,28.0,,,,,,,1749723132.323
2287,371021867,1749723132327,3,0.048,0.04802031,41.06,BTC-25JUL25-110000-C,107392.44,sell,0.1,0.1,,,,,,,1749723132.327
2288,371021879,1749723132392,3,0.048,0.04802031,41.06,BTC-25JUL25-110000-C,107392.44,sell,0.2,0.2,,,,,,,1749723132.392
2289,371021880,1749723132431,3,0.048,0.04802031,41.06,BTC-25JUL25-110000-C,107392.44,sell,0.3,0.3,,,,,,,1749723132.431
2290,371021881,1749723132453,3,0.048,0.04802031,41.06,BTC-25JUL25-110000-C,107392.44,sell,0.3,0.3,,,,,,,1749723132.453
2291,371021882,1749723132468,3,0.048,0.04802031,41.06,BTC-25JUL25-110000-C,107392.44,sell,0.3,0.3,,,,,,,1749723132.468
2292,371021883,1749723132504,3,0.048,0.04802031,41.06,BTC-25JUL25-110000-C,107392.44,sell,0.1,0.1,,,,,,,1749723132.504
2293,371021884,1749723132526,3,0.048,0.04802031,41.06,BTC-25JUL25-110000-C,107392.44,sell,10.9,10.9,,,,,,,1749723132.526
2294,371025197,1749723994155,2,0.047,0.04739534,40.66,BTC-25JUL25-110000-C,107272.55,sell,0.1,0.1,,,,,,,1749723994.155
2295,371037146,1749729486079,2,0.045,0.04572591,40.25,BTC-25JUL25-110000-C,106941.17,sell,0.1,0.1,,,,,,,1749729486.079
2296,371037297,1749729500051,3,0.045,0.04572285,40.25,BTC-25JUL25-110000-C,106944.54,sell,0.1,0.1,,,,,,,1749729500.051
2297,371049205,1749735159167,3,0.045,0.04477866,40.94,BTC-25JUL25-110000-C,106711.33,sell,0.9,0.9,,,,,,,1749735159.167
2298,371050369,1749735457072,0,0.046,0.04584261,40.92,BTC-25JUL25-110000-C,106956.3,buy,0.3,0.3,,,,,,,1749735457.072
2299,371050370,1749735457078,1,0.046,0.04584261,40.92,BTC-25JUL25-110000-C,106956.3,sell,9.5,9.5,,,,,,,1749735457.078
2300,371050371,1749735457093,1,0.046,0.04584261,40.92,BTC-25JUL25-110000-C,106956.3,sell,0.1,0.1,,,,,,,1749735457.093
2305,371056493,1749738712453,1,0.048,0.04767504,41.06,BTC-25JUL25-110000-C,107432.09,buy,8.0,8.0,,,,,,,1749738712.453
2303,371056491,1749738712453,1,0.048,0.04767504,41.06,BTC-25JUL25-110000-C,107432.09,buy,1.0,1.0,,,,,,,1749738712.453
2302,371056490,1749738712453,1,0.048,0.04767504,41.06,BTC-25JUL25-110000-C,107432.09,buy,0.5,0.5,,,,,,,1749738712.453
2301,371056489,1749738712453,0,0.048,0.04767504,41.06,BTC-25JUL25-110000-C,107432.09,buy,0.4,0.4,,,,,,,1749738712.453
2304,371056492,1749738712453,1,0.048,0.04767504,41.06,BTC-25JUL25-110000-C,107432.09,buy,9.3,9.3,,,,,,,1749738712.453
2306,371056494,1749738712456,1,0.048,0.04767504,41.06,BTC-25JUL25-110000-C,107432.09,sell,0.8,0.8,,,,,,,1749738712.456
2307,371058947,1749739759891,0,0.049,0.0489598,40.91,BTC-25JUL25-110000-C,107706.91,buy,0.2,0.2,,,,,,,1749739759.891
2309,371059978,1749740476252,1,0.049,0.04878876,41.07,BTC-25JUL25-110000-C,107663.62,buy,0.3,0.3,,,,,,,1749740476.252
2308,371059977,1749740476252,1,0.049,0.04878876,41.07,BTC-25JUL25-110000-C,107663.62,buy,0.4,0.4,,,,,,,1749740476.252
2310,371086563,1749754142733,2,0.047,0.04726118,40.24,BTC-25JUL25-110000-C,107429.54,sell,20.0,20.0,,,,,,,1749754142.733
2311,371092471,1749757738455,2,0.046,0.04598822,40.05,BTC-25JUL25-110000-C,107285.94,sell,0.3,0.3,,,,,,,1749757738.455
2312,371092472,1749757738456,3,0.046,0.04598822,40.05,BTC-25JUL25-110000-C,107285.94,sell,3.0,3.0,,,,,,,1749757738.456
2313,371092475,1749757738524,3,0.046,0.04598822,40.05,BTC-25JUL25-110000-C,107285.94,sell,0.5,0.5,,,,,,,1749757738.524
2314,371092480,1749757738567,3,0.046,0.04598822,40.05,BTC-25JUL25-110000-C,107285.94,sell,9.4,9.4,,,,,,,1749757738.567
2315,371092483,1749757738603,3,0.046,0.04598822,40.05,BTC-25JUL25-110000-C,107285.94,sell,0.2,0.2,,,,,,,1749757738.603
2316,371092484,1749757738675,3,0.046,0.04598822,40.05,BTC-25JUL25-110000-C,107285.94,sell,6.6,6.6,,,,,,,1749757738.675
2317,371123380,1749764402279,2,0.0415,0.04178021,40.07,BTC-25JUL25-110000-C,106166.84,buy,0.1,0.1,,,,,,,1749764402.279
2318,371147495,1749771269642,2,0.0407,0.04055328,40.02,BTC-25JUL25-110000-C,106004.48,sell,0.2,0.2,,,,BTC-CSR12-25JUL25-110000_116000,371147493,,1749771269.642
2319,371158831,1749772963286,2,0.0365,0.03706073,39.67,BTC-25JUL25-110000-C,104979.83,sell,10.1,10.1,,,,,,,1749772963.286
2320,371175983,1749773941215,3,0.0365,0.03669301,40.57,BTC-25JUL25-110000-C,104613.85,sell,0.2,0.2,,,,,,,1749773941.215
2321,371176966,1749774095125,3,0.0365,0.03628186,40.77,BTC-25JUL25-110000-C,104544.88,buy,0.2,0.2,,,,,,,1749774095.125
2322,371181830,1749774481995,2,0.035,0.0345084,41.31,BTC-25JUL25-110000-C,103901.05,buy,1.2,1.2,,,,,,,1749774481.995
2323,371181889,1749774482060,3,0.035,0.03451783,41.35,BTC-25JUL25-110000-C,103886.06,buy,2.4,2.4,,,,,,,1749774482.06
2324,371181898,1749774482082,3,0.035,0.03451783,41.35,BTC-25JUL25-110000-C,103886.06,buy,0.1,0.1,,,,,,,1749774482.082
2325,371181912,1749774482148,3,0.035,0.03451783,41.35,BTC-25JUL25-110000-C,103886.06,buy,0.1,0.1,,,,,,,1749774482.148
2326,371185583,1749774791243,2,0.034,0.03353549,41.66,BTC-25JUL25-110000-C,103492.81,buy,0.2,0.2,,,,,,,1749774791.243
2327,371187244,1749774875967,3,0.034,0.033323,41.85,BTC-25JUL25-110000-C,103429.49,buy,0.1,0.1,,,,,,,1749774875.967
2328,371193800,1749775414559,0,0.036,0.0361284,41.39,BTC-25JUL25-110000-C,104170.59,sell,0.2,0.2,,,,,,,1749775414.559
2329,371214046,1749777211261,2,0.0325,0.03258984,42.02,BTC-25JUL25-110000-C,102955.75,sell,0.1,0.1,,,,,,,1749777211.261
2330,371220079,1749777779517,0,0.034,0.03381783,42.25,BTC-25JUL25-110000-C,103327.42,sell,0.9,0.9,,,,,,,1749777779.517
2331,371220278,1749777792918,1,0.034,0.03392467,42.22,BTC-25JUL25-110000-C,103338.13,sell,0.7,0.7,,,,,,,1749777792.918
2332,371220279,1749777792926,1,0.034,0.03392467,42.22,BTC-25JUL25-110000-C,103338.13,sell,0.3,0.3,,,,,,,1749777792.926
2333,371222830,1749778036088,0,0.035,0.03458431,42.56,BTC-25JUL25-110000-C,103486.9,buy,0.9,0.9,,,,,,,1749778036.088
2334,371224925,1749778254005,2,0.0345,0.03397425,42.78,BTC-25JUL25-110000-C,103240.98,buy,0.9,0.9,,,,,,,1749778254.005
2335,371227645,1749778655135,3,0.0345,0.03456817,42.56,BTC-25JUL25-110000-C,103316.0,sell,1.6,1.6,,,,,,,1749778655.135
2336,371227708,1749778655780,3,0.0345,0.03452359,42.65,BTC-25JUL25-110000-C,103295.62,sell,1.6,1.6,,,,,,,1749778655.78
2337,371227709,1749778655793,3,0.0345,0.03452359,42.65,BTC-25JUL25-110000-C,103295.62,sell,2.9,2.9,,,,,,,1749778655.793
2338,371227710,1749778655826,3,0.0345,0.03452359,42.65,BTC-25JUL25-110000-C,103295.62,sell,0.9,0.9,,,,,,,1749778655.826
2339,371227969,1749778732622,3,0.0345,0.03468169,42.46,BTC-25JUL25-110000-C,103365.19,sell,0.1,0.1,,,,,,,1749778732.622
2340,371228137,1749778786627,3,0.0345,0.0343748,42.75,BTC-25JUL25-110000-C,103257.13,sell,0.2,0.2,,,,,,,1749778786.627
2341,371228139,1749778786735,3,0.0345,0.0343748,42.75,BTC-25JUL25-110000-C,103257.13,sell,0.2,0.2,,,,,,,1749778786.735
2342,371228149,1749778787672,3,0.0345,0.03437468,42.78,BTC-25JUL25-110000-C,103246.23,sell,10.3,10.3,,,,,,,1749778787.672
2343,371228152,1749778787737,3,0.0345,0.03437468,42.78,BTC-25JUL25-110000-C,103246.23,sell,20.3,20.3,,,,,,,1749778787.737
2344,371229409,1749779070831,0,0.0355,0.03556945,42.61,BTC-25JUL25-110000-C,103574.44,sell,0.5,0.5,,,,,,,1749779070.831
2345,371231726,1749779396691,0,0.036,0.03581247,42.75,BTC-25JUL25-110000-C,103692.75,buy,6.0,6.0,,,,,,,1749779396.691
2346,371231727,1749779396691,1,0.036,0.03581247,42.75,BTC-25JUL25-110000-C,103692.75,buy,4.3,4.3,,,,,,,1749779396.691
2347,371235861,1749780606835,2,0.0355,0.03553462,42.32,BTC-25JUL25-110000-C,103738.6,buy,0.3,0.3,,,,,,,1749780606.835
2348,371241718,1749782333784,2,0.0345,0.03463517,41.93,BTC-25JUL25-110000-C,103592.29,sell,0.3,0.3,,,,,,,1749782333.784
2349,371258387,1749787030799,0,0.037,0.03716223,41.3,BTC-25JUL25-110000-C,104593.16,sell,9.4,9.4,,,,,,,1749787030.799
2350,371258388,1749787030799,1,0.037,0.03716223,41.3,BTC-25JUL25-110000-C,104593.16,sell,0.3,0.3,,,,,,,1749787030.799
2351,371259167,1749787195633,2,0.0365,0.03649268,41.44,BTC-25JUL25-110000-C,104388.12,sell,10.0,10.0,,,,,,,1749787195.633
2352,371261380,1749787718734,2,0.035,0.03512739,41.35,BTC-25JUL25-110000-C,103961.15,sell,0.3,0.3,,,,,,,1749787718.734
2353,371270456,1749790800340,0,0.036,0.03603947,40.76,BTC-25JUL25-110000-C,104478.56,buy,0.3,0.3,,,,,,,1749790800.34
2354,371270457,1749790800349,1,0.036,0.03603947,40.76,BTC-25JUL25-110000-C,104478.56,sell,0.6,0.6,,,,,,,1749790800.349
2355,371270458,1749790801030,1,0.036,0.03603947,40.76,BTC-25JUL25-110000-C,104478.56,sell,1.1,1.1,,,,,,,1749790801.03
2356,371273663,1749793002583,2,0.035,0.03497065,40.44,BTC-25JUL25-110000-C,104277.86,sell,0.1,0.1,,,,,,,1749793002.583
2357,371274845,1749793647770,0,0.0355,0.03524592,40.61,BTC-25JUL25-110000-C,104344.27,buy,10.0,10.0,,,,,,,1749793647.77
2358,371275962,1749794134807,2,0.035,0.03487929,40.6,BTC-25JUL25-110000-C,104219.25,sell,10.0,10.0,,,,,,,1749794134.807
2359,371276044,1749794154814,3,0.035,0.03483449,40.66,BTC-25JUL25-110000-C,104192.74,buy,0.1,0.1,,,,,,,1749794154.814
2360,371276884,1749794528163,3,0.035,0.03479437,40.73,BTC-25JUL25-110000-C,104139.16,buy,1.8,1.8,,,,,,,1749794528.163
2361,371279628,1749796036374,2,0.0345,0.03459478,40.73,BTC-25JUL25-110000-C,103997.99,buy,0.1,0.1,,,,,,,1749796036.374
2362,371280407,1749796586012,3,0.0345,0.03449867,40.74,BTC-25JUL25-110000-C,103978.22,buy,0.2,0.2,,,,,,,1749796586.012
2363,371280408,1749796586014,3,0.0345,0.03449867,40.74,BTC-25JUL25-110000-C,103978.22,buy,0.1,0.1,,,,,,,1749796586.014
2365,371281627,1749797240779,3,0.0345,0.03441965,40.85,BTC-25JUL25-110000-C,103959.84,buy,0.2,0.2,,,,,,,1749797240.779
2364,371281626,1749797240779,3,0.0345,0.03441965,40.85,BTC-25JUL25-110000-C,103959.84,buy,0.1,0.1,,,,,,,1749797240.779
2366,371281805,1749797297187,0,0.035,0.03449953,41.16,BTC-25JUL25-110000-C,103984.2,buy,0.2,0.2,,,,,,,1749797297.187
2367,371281857,1749797341432,2,0.0345,0.03448511,40.8,BTC-25JUL25-110000-C,103977.67,sell,0.3,0.3,,,,,,,1749797341.432
2368,371281858,1749797341436,3,0.0345,0.03448511,40.8,BTC-25JUL25-110000-C,103977.67,sell,0.2,0.2,,,,,,,1749797341.436
2369,371283976,1749797633356,0,0.036,0.0362578,40.52,BTC-25JUL25-110000-C,104532.35,sell,0.3,0.3,,,,,,,1749797633.356
2370,371283978,1749797633364,1,0.036,0.0362578,40.52,BTC-25JUL25-110000-C,104532.35,sell,0.2,0.2,,,,,,,1749797633.364
2371,371285393,1749797925154,0,0.0365,0.03658761,40.56,BTC-25JUL25-110000-C,104680.67,sell,0.5,0.5,,,,,,,1749797925.154
2372,371285394,1749797925154,1,0.0365,0.03658761,40.56,BTC-25JUL25-110000-C,104680.67,sell,0.3,0.3,,,,,,,1749797925.154
2373,371286009,1749798016637,1,0.0365,0.03672271,40.49,BTC-25JUL25-110000-C,104718.12,sell,0.2,0.2,,,,,,,1749798016.637
2374,371286010,1749798016640,1,0.0365,0.03672271,40.49,BTC-25JUL25-110000-C,104718.12,sell,0.1,0.1,,,,,,,1749798016.64
2375,371286959,1749798292743,2,0.036,0.03609947,40.49,BTC-25JUL25-110000-C,104552.57,buy,0.1,0.1,,,,,,,1749798292.743
2376,371286960,1749798292743,3,0.036,0.03609947,40.49,BTC-25JUL25-110000-C,104552.57,buy,0.4,0.4,,,,,,,1749798292.743
2379,371288182,1749798667936,3,0.036,0.03595936,40.53,BTC-25JUL25-110000-C,104530.87,buy,0.3,0.3,,,,,,,1749798667.936
2377,371288180,1749798667936,3,0.036,0.03595936,40.53,BTC-25JUL25-110000-C,104530.87,buy,0.1,0.1,,,,,,,1749798667.936
2378,371288181,1749798667936,3,0.036,0.03595936,40.53,BTC-25JUL25-110000-C,104530.87,buy,0.1,0.1,,,,,,,1749798667.936
2380,371288883,1749798922209,3,0.036,0.03579679,40.63,BTC-25JUL25-110000-C,104505.41,buy,0.1,0.1,,,,,,,1749798922.209
2381,371289049,1749798989091,3,0.036,0.03602296,40.46,BTC-25JUL25-110000-C,104565.73,sell,0.1,0.1,,,,,,,1749798989.091
2382,371289277,1749799064018,3,0.036,0.03586964,40.54,BTC-25JUL25-110000-C,104537.43,buy,0.5,0.5,,,,,,,1749799064.018
2383,371289807,1749799290987,3,0.036,0.03581677,40.59,BTC-25JUL25-110000-C,104529.93,buy,0.5,0.5,,,,,,,1749799290.987
2384,371290793,1749799513180,0,0.0365,0.03653033,40.38,BTC-25JUL25-110000-C,104753.86,sell,0.3,0.3,,,,,,,1749799513.18
2385,371290794,1749799513186,1,0.0365,0.03653033,40.38,BTC-25JUL25-110000-C,104753.86,sell,0.2,0.2,,,,,,,1749799513.186
2386,371291143,1749799598947,1,0.0365,0.03660119,40.34,BTC-25JUL25-110000-C,104766.68,sell,0.2,0.2,,,,,,,1749799598.947
2387,371291144,1749799598953,1,0.0365,0.03660119,40.34,BTC-25JUL25-110000-C,104766.68,sell,0.1,0.1,,,,,,,1749799598.953
2388,371291145,1749799598957,1,0.0365,0.03660119,40.34,BTC-25JUL25-110000-C,104766.68,sell,0.2,0.2,,,,,,,1749799598.957
2389,371293141,1749800049338,1,0.0365,0.03649249,40.25,BTC-25JUL25-110000-C,104837.3,buy,0.2,0.2,,,,,,,1749800049.338
2390,371293190,1749800063286,1,0.0365,0.03648252,40.25,BTC-25JUL25-110000-C,104833.43,buy,5.0,5.0,,,,,,,1749800063.286
2391,371295087,1749800702790,2,0.036,0.03623505,40.02,BTC-25JUL25-110000-C,104746.28,sell,0.1,0.1,,,,,,,1749800702.79
2392,371297657,1749801351909,0,0.037,0.03689766,40.18,BTC-25JUL25-110000-C,104943.09,buy,0.3,0.3,,,,,,,1749801351.909
2393,371301504,1749802347291,0,0.038,0.03788865,40.29,BTC-25JUL25-110000-C,105191.55,buy,0.4,0.4,,,,,,,1749802347.291
2395,371310031,1749804368282,3,0.0365,0.03679433,40.38,BTC-25JUL25-110000-C,104803.2,sell,1.6,1.6,,,,,,,1749804368.282
2394,371310030,1749804368282,2,0.0365,0.03679433,40.38,BTC-25JUL25-110000-C,104803.2,sell,0.8,0.8,,,,,,,1749804368.282
2396,371321446,1749806796497,2,0.0355,0.03595046,40.26,BTC-25JUL25-110000-C,104585.6,sell,0.6,0.6,,,,,,,1749806796.497
2397,371321920,1749806881764,0,0.0365,0.03631177,40.77,BTC-25JUL25-110000-C,104670.14,buy,0.1,0.1,,,,,,,1749806881.764
2398,371322111,1749806967278,0,0.037,0.03668253,40.9,BTC-25JUL25-110000-C,104766.12,buy,75.0,75.0,2.0,BLOCK-205217,6235.0,BTC-STRG-25JUL25-100000_110000,,,1749806967.278
2399,371322318,1749807018323,1,0.037,0.03656212,41.01,BTC-25JUL25-110000-C,104733.95,buy,0.1,0.1,,,,,,,1749807018.323
2400,371322408,1749807029905,2,0.0368,0.0369442,40.64,BTC-25JUL25-110000-C,104808.55,buy,25.0,25.0,2.0,BLOCK-205218,6236.0,BTC-STRG-25JUL25-100000_110000,,,1749807029.905
2401,371322855,1749807168036,0,0.037,0.03700312,40.98,BTC-25JUL25-110000-C,104756.69,sell,0.6,0.6,,,,,,,1749807168.036
2402,371323590,1749807422179,1,0.037,0.03674077,41.27,BTC-25JUL25-110000-C,104642.68,buy,0.1,0.1,,,,,,,1749807422.179
2403,371339380,1749815665196,0,0.0375,0.03736829,40.83,BTC-25JUL25-110000-C,104962.45,buy,0.1,0.1,,,,,,,1749815665.196
2404,371353237,1749822212747,0,0.038,0.03829747,40.31,BTC-25JUL25-110000-C,105290.73,sell,0.2,0.2,,,,,,,1749822212.747
2405,371353238,1749822212751,1,0.038,0.03829747,40.31,BTC-25JUL25-110000-C,105290.73,sell,0.1,0.1,,,,,,,1749822212.751
2406,371353569,1749822332489,2,0.0375,0.0378229,40.34,BTC-25JUL25-110000-C,105142.13,sell,0.2,0.2,,,,,,,1749822332.489
