trade_seq,trade_id,timestamp,tick_direction,price,mark_price,iv,instrument_name,index_price,direction,contracts,amount,combo_trade_id,combo_id,block_trade_leg_count,block_trade_id,block_rfq_id,unix_sec
220,369587511,1748646622435,0,0.0295,0.02946939,45.86,BTC-25JUL25-95000-P,104235.42,sell,0.3,0.3,,,,,,1748646622.435
222,369587516,1748646626024,3,0.029,0.02947872,45.44,BTC-25JUL25-95000-P,104228.2,sell,0.1,0.1,,,,,,1748646626.024
221,369587515,1748646626024,2,0.029,0.02947872,45.44,BTC-25JUL25-95000-P,104228.2,sell,0.5,0.5,,,,,,1748646626.024
223,369587517,1748646626031,3,0.029,0.02947872,45.44,BTC-25JUL25-95000-P,104228.2,sell,0.2,0.2,,,,,,1748646626.031
224,369660605,1748691366638,0,0.0315,0.0319989,45.89,BTC-25JUL25-95000-P,103488.9,sell,0.1,0.1,,,,,,1748691366.638
225,369708161,1748741717042,2,0.03,0.03010185,46.82,BTC-25JUL25-95000-P,104325.44,buy,0.4,0.4,,,,,,1748741717.042
226,369708168,1748741717055,3,0.03,0.03010185,46.82,BTC-25JUL25-95000-P,104325.44,buy,0.4,0.4,,,,,,1748741717.055
227,369708171,1748741717085,3,0.03,0.03010185,46.82,BTC-25JUL25-95000-P,104325.44,buy,0.1,0.1,,,,,,1748741717.085
228,369708172,1748741717103,3,0.03,0.03010185,46.82,BTC-25JUL25-95000-P,104325.44,buy,0.1,0.1,,,,,,1748741717.103
229,369719101,1748756911805,2,0.0295,0.02964271,46.99,BTC-25JUL25-95000-P,104513.81,buy,0.4,0.4,,,,,,1748756911.805
230,369719424,1748757956192,3,0.0295,0.02965133,46.96,BTC-25JUL25-95000-P,104501.71,buy,0.1,0.1,,,,,,1748757956.192
231,369771626,1748804601119,2,0.0275,0.02740149,46.77,BTC-25JUL25-95000-P,105050.5,buy,0.1,0.1,,,,,,1748804601.119
232,369801279,1748832848333,2,0.0255,0.02610427,45.1,BTC-25JUL25-95000-P,105092.96,sell,0.2,0.2,,,,,,1748832848.333
233,369801314,1748832889401,0,0.026,0.02601092,45.6,BTC-25JUL25-95000-P,105119.85,buy,1.0,1.0,,,,,,1748832889.401
234,369847941,1748867267056,0,0.028,0.02823798,45.09,BTC-25JUL25-95000-P,104046.66,sell,1.0,1.0,,,,,,1748867267.056
238,369847949,1748867283163,3,0.0275,0.02821111,44.68,BTC-25JUL25-95000-P,104047.93,sell,15.0,15.0,,,,,,1748867283.163
246,369847957,1748867283163,3,0.0275,0.02821111,44.68,BTC-25JUL25-95000-P,104047.93,sell,0.6,0.6,,,,,,1748867283.163
236,369847947,1748867283163,3,0.0275,0.02821111,44.68,BTC-25JUL25-95000-P,104047.93,sell,0.4,0.4,,,,,,1748867283.163
241,369847952,1748867283163,3,0.0275,0.02821111,44.68,BTC-25JUL25-95000-P,104047.93,sell,3.5,3.5,,,,,,1748867283.163
240,369847951,1748867283163,3,0.0275,0.02821111,44.68,BTC-25JUL25-95000-P,104047.93,sell,11.0,11.0,,,,,,1748867283.163
237,369847948,1748867283163,3,0.0275,0.02821111,44.68,BTC-25JUL25-95000-P,104047.93,sell,0.4,0.4,,,,,,1748867283.163
244,369847955,1748867283163,3,0.0275,0.02821111,44.68,BTC-25JUL25-95000-P,104047.93,sell,4.0,4.0,,,,,,1748867283.163
242,369847953,1748867283163,3,0.0275,0.02821111,44.68,BTC-25JUL25-95000-P,104047.93,sell,8.0,8.0,,,,,,1748867283.163
245,369847956,1748867283163,3,0.0275,0.02821111,44.68,BTC-25JUL25-95000-P,104047.93,sell,5.0,5.0,,,,,,1748867283.163
235,369847946,1748867283163,2,0.0275,0.02821111,44.68,BTC-25JUL25-95000-P,104047.93,sell,9.4,9.4,,,,,,1748867283.163
243,369847954,1748867283163,3,0.0275,0.02821111,44.68,BTC-25JUL25-95000-P,104047.93,sell,5.0,5.0,,,,,,1748867283.163
239,369847950,1748867283163,3,0.0275,0.02821111,44.68,BTC-25JUL25-95000-P,104047.93,sell,7.8,7.8,,,,,,1748867283.163
247,369847958,1748867283166,3,0.0275,0.02821111,44.68,BTC-25JUL25-95000-P,104047.93,buy,1.0,1.0,,,,,,1748867283.166
249,369847960,1748867283167,3,0.0275,0.02821111,44.68,BTC-25JUL25-95000-P,104047.93,buy,17.9,17.9,,,,,,1748867283.167
248,369847959,1748867283167,3,0.0275,0.02821111,44.68,BTC-25JUL25-95000-P,104047.93,buy,10.0,10.0,,,,,,1748867283.167
250,369907966,1748889192589,2,0.026,0.02586241,44.61,BTC-25JUL25-95000-P,104574.07,buy,0.1,0.1,,,,,,1748889192.589
251,369946721,1748913346722,2,0.022,0.02209165,44.86,BTC-25JUL25-95000-P,106241.91,buy,5.0,5.0,,,,,,1748913346.722
252,369953350,1748918753537,0,0.0225,0.02235572,44.95,BTC-25JUL25-95000-P,106062.53,buy,0.1,0.1,,,,,,1748918753.537
254,369954105,1748918899148,1,0.023,0.02305683,44.81,BTC-25JUL25-95000-P,105754.95,buy,0.1,0.1,,,,,,1748918899.148
253,369954104,1748918899148,0,0.023,0.02305683,44.81,BTC-25JUL25-95000-P,105754.95,buy,0.1,0.1,,,,,,1748918899.148
255,369960548,1748926036294,0,0.0245,0.02440412,45.14,BTC-25JUL25-95000-P,105316.89,buy,0.1,0.1,,,,,,1748926036.294
256,369961958,1748928108563,1,0.0245,0.02454621,45.23,BTC-25JUL25-95000-P,105345.77,buy,0.1,0.1,,,,,,1748928108.563
257,369974008,1748938761350,1,0.0245,0.02504208,44.55,BTC-25JUL25-95000-P,105047.27,sell,0.1,0.1,,,,,,1748938761.35
258,370000741,1748960477736,2,0.0225,0.02245063,44.39,BTC-25JUL25-95000-P,105810.97,sell,0.3,0.3,,,,,,1748960477.736
259,370030360,1748974368066,3,0.0225,0.0225459,44.15,BTC-25JUL25-95000-P,105694.64,buy,0.5,0.5,,,,,,1748974368.066
260,370040831,1748985368265,3,0.0225,0.02256264,44.0,BTC-25JUL25-95000-P,105609.82,buy,1.5,1.5,,,,,,1748985368.265
261,370063458,1749008623037,2,0.022,0.02199419,43.88,BTC-25JUL25-95000-P,105736.17,sell,0.1,0.1,,,,,,1749008623.037
262,370063459,1749008623037,3,0.022,0.02199419,43.88,BTC-25JUL25-95000-P,105736.17,sell,0.7,0.7,,,,,,1749008623.037
263,370071496,1749022337743,0,0.0225,0.02270443,43.62,BTC-25JUL25-95000-P,105357.97,sell,0.2,0.2,,,,,,1749022337.743
264,370072208,1749022866494,1,0.0225,0.02259837,43.66,BTC-25JUL25-95000-P,105385.03,buy,0.1,0.1,,,,,,1749022866.494
265,370072486,1749022985245,1,0.0225,0.02266298,43.6,BTC-25JUL25-95000-P,105362.77,sell,0.1,0.1,,,,,,1749022985.245
266,370075574,1749024638448,1,0.0225,0.02245737,43.76,BTC-25JUL25-95000-P,105431.12,buy,0.2,0.2,,,,,,1749024638.448
267,370076033,1749024860924,1,0.0225,0.02245147,43.78,BTC-25JUL25-95000-P,105436.25,buy,0.2,0.2,,,,,,1749024860.924
268,370076093,1749024941529,1,0.0225,0.02250737,43.72,BTC-25JUL25-95000-P,105413.52,buy,0.2,0.2,,,,,,1749024941.529
269,370076584,1749025203969,2,0.022,0.02224904,43.55,BTC-25JUL25-95000-P,105552.04,sell,0.1,0.1,,,,,,1749025203.969
270,370100475,1749045421420,0,0.0235,0.02334403,43.32,BTC-25JUL25-95000-P,104805.24,buy,0.1,0.1,,,,,,1749045421.42
271,370100730,1749045476804,1,0.0235,0.0232474,43.39,BTC-25JUL25-95000-P,104832.72,sell,1.0,1.0,,,,,,1749045476.804
272,370114731,1749047446283,1,0.0235,0.02372289,43.06,BTC-25JUL25-95000-P,104718.66,sell,4.5,4.5,,,,,,1749047446.283
273,370114732,1749047446283,1,0.0235,0.02372289,43.06,BTC-25JUL25-95000-P,104718.66,sell,0.6,0.6,,,,,,1749047446.283
274,370117653,1749047697751,1,0.0235,0.02359047,43.11,BTC-25JUL25-95000-P,104733.45,sell,0.4,0.4,,,,,,1749047697.751
275,370117669,1749047701386,1,0.0235,0.02365193,43.03,BTC-25JUL25-95000-P,104708.08,sell,0.2,0.2,,,,,,1749047701.386
276,370117670,1749047701392,1,0.0235,0.02365193,43.03,BTC-25JUL25-95000-P,104708.08,sell,0.1,0.1,,,,,,1749047701.392
277,370120490,1749048321700,1,0.0235,0.02346608,43.21,BTC-25JUL25-95000-P,104781.43,sell,0.3,0.3,,,,,,1749048321.7
278,370135197,1749057437134,2,0.0215,0.0216193,42.79,BTC-25JUL25-95000-P,105395.68,buy,0.1,0.1,,,,,,1749057437.134
279,370137440,1749060517221,0,0.022,0.02204318,42.96,BTC-25JUL25-95000-P,105251.77,buy,0.6,0.6,,,,,,1749060517.221
280,370137441,1749060517221,1,0.022,0.02204318,42.96,BTC-25JUL25-95000-P,105251.77,buy,0.6,0.6,,,,,,1749060517.221
281,370138013,1749061539319,1,0.022,0.02206506,42.87,BTC-25JUL25-95000-P,105204.0,buy,0.1,0.1,,,,,,1749061539.319
282,370138014,1749061539355,1,0.022,0.02206506,42.87,BTC-25JUL25-95000-P,105204.0,buy,0.1,0.1,,,,,,1749061539.355
283,370140352,1749065108892,0,0.0225,0.022445,42.96,BTC-25JUL25-95000-P,105024.34,buy,0.1,0.1,,,,,,1749065108.892
284,370141004,1749066007223,1,0.0225,0.02241403,43.03,BTC-25JUL25-95000-P,105053.02,buy,0.1,0.1,,,,,,1749066007.223
285,370142615,1749067991072,0,0.023,0.02281089,43.07,BTC-25JUL25-95000-P,104855.32,buy,3.8,3.8,,,,,,1749067991.072
286,370153402,1749082795594,1,0.023,0.02308064,42.88,BTC-25JUL25-95000-P,104746.16,buy,1.0,1.0,,,,,,1749082795.594
287,370170915,1749107282207,0,0.0235,0.0234281,43.06,BTC-25JUL25-95000-P,104552.55,buy,0.1,0.1,,,,,,1749107282.207
288,370177250,1749112466829,2,0.0225,0.02294102,42.42,BTC-25JUL25-95000-P,104662.39,sell,0.4,0.4,,,,,,1749112466.829
289,370177251,1749112466829,3,0.0225,0.02294102,42.42,BTC-25JUL25-95000-P,104662.39,sell,0.4,0.4,,,,,,1749112466.829
290,370177252,1749112466829,3,0.0225,0.02294102,42.42,BTC-25JUL25-95000-P,104662.39,sell,0.2,0.2,,,,,,1749112466.829
291,370191950,1749127216131,2,0.021,0.02107206,42.9,BTC-25JUL25-95000-P,105507.44,sell,0.3,0.3,,,,,,1749127216.131
292,370191951,1749127216139,3,0.021,0.02107206,42.9,BTC-25JUL25-95000-P,105507.44,sell,0.2,0.2,,,,,,1749127216.139
293,370219802,1749134783382,0,0.0225,0.02263337,42.82,BTC-25JUL25-95000-P,104797.31,buy,0.5,0.5,,,,,,1749134783.382
294,370270139,1749150810634,0,0.027,0.02712719,42.33,BTC-25JUL25-95000-P,102830.16,buy,1.0,1.0,,,,,,1749150810.634
295,370278944,1749151339930,0,0.0305,0.03031681,42.77,BTC-25JUL25-95000-P,101829.04,buy,0.2,0.2,,,,,,1749151339.93
296,370289415,1749153706203,1,0.0305,0.03029871,43.01,BTC-25JUL25-95000-P,101936.33,buy,0.1,0.1,,,,,,1749153706.203
297,370295196,1749154436351,0,0.032,0.03205594,42.91,BTC-25JUL25-95000-P,101415.38,buy,0.1,0.1,,,,,,1749154436.351
298,370295225,1749154437314,1,0.032,0.03207541,42.88,BTC-25JUL25-95000-P,101406.6,buy,0.1,0.1,,,,,,1749154437.314
299,370295232,1749154437345,1,0.032,0.03207541,42.88,BTC-25JUL25-95000-P,101406.6,buy,0.2,0.2,,,,,,1749154437.345
300,370295235,1749154437430,1,0.032,0.03207541,42.88,BTC-25JUL25-95000-P,101406.6,buy,1.7,1.7,,,,,,1749154437.43
301,370295236,1749154437447,1,0.032,0.03207541,42.88,BTC-25JUL25-95000-P,101406.6,buy,0.3,0.3,,,,,,1749154437.447
302,370295237,1749154437463,1,0.032,0.03207541,42.88,BTC-25JUL25-95000-P,101406.6,buy,0.1,0.1,,,,,,1749154437.463
303,370295238,1749154437471,1,0.032,0.03207541,42.88,BTC-25JUL25-95000-P,101406.6,buy,0.1,0.1,,,,,,1749154437.471
304,370295239,1749154437488,1,0.032,0.03207541,42.88,BTC-25JUL25-95000-P,101406.6,buy,0.1,0.1,,,,,,1749154437.488
305,370295240,1749154437504,1,0.032,0.03207541,42.88,BTC-25JUL25-95000-P,101406.6,buy,0.1,0.1,,,,,,1749154437.504
306,370295270,1749154438547,1,0.032,0.03212745,42.86,BTC-25JUL25-95000-P,101398.54,buy,0.6,0.6,,,,,,1749154438.547
307,370296612,1749154610446,1,0.032,0.03199481,42.98,BTC-25JUL25-95000-P,101441.63,buy,1.6,1.6,,,,,,1749154610.446
308,370309346,1749156638691,0,0.0335,0.03348384,43.08,BTC-25JUL25-95000-P,101000.56,buy,0.2,0.2,,,,,,1749156638.691
309,370315177,1749157269219,0,0.0355,0.03545234,43.42,BTC-25JUL25-95000-P,100568.81,buy,0.2,0.2,,,,,,1749157269.219
310,370329811,1749160097670,2,0.0325,0.03293512,42.93,BTC-25JUL25-95000-P,101262.55,sell,0.2,0.2,,,,,,1749160097.67
311,370330754,1749160496464,3,0.0325,0.03264664,43.23,BTC-25JUL25-95000-P,101348.44,sell,0.9,0.9,,,,,,1749160496.464
312,370346870,1749169335731,0,0.033,0.03286368,43.25,BTC-25JUL25-95000-P,101223.86,buy,0.3,0.3,,,,,,1749169335.731
313,370346872,1749169335745,1,0.033,0.03286368,43.25,BTC-25JUL25-95000-P,101223.86,buy,0.2,0.2,,,,,,1749169335.745
314,370346873,1749169335745,1,0.033,0.03286368,43.25,BTC-25JUL25-95000-P,101223.86,buy,0.1,0.1,,,,,,1749169335.745
315,370353334,1749174930292,2,0.0305,0.03031528,42.89,BTC-25JUL25-95000-P,101871.72,sell,0.2,0.2,,,,,,1749174930.292
316,370353949,1749175872405,3,0.0305,0.03061362,42.67,BTC-25JUL25-95000-P,101792.6,buy,0.2,0.2,,,,,,1749175872.405
317,370355750,1749177594503,3,0.0305,0.03040136,42.9,BTC-25JUL25-95000-P,101868.52,sell,0.2,0.2,,,,,,1749177594.503
318,370361792,1749181238400,2,0.0275,0.02809552,41.92,BTC-25JUL25-95000-P,102483.44,sell,0.1,0.1,,,,,,1749181238.4
319,370395735,1749200472189,2,0.025,0.02494509,42.78,BTC-25JUL25-95000-P,103640.94,sell,0.1,0.1,,,,,,1749200472.189
320,370396437,1749200947510,3,0.025,0.02507443,42.67,BTC-25JUL25-95000-P,103586.85,buy,0.1,0.1,,,,,,1749200947.51
321,370414050,1749213843898,2,0.0245,0.02461354,42.48,BTC-25JUL25-95000-P,103701.88,sell,0.2,0.2,,,,,,1749213843.898
322,370418355,1749217069477,2,0.023,0.02292875,42.32,BTC-25JUL25-95000-P,104202.71,sell,0.3,0.3,,,,,,1749217069.477
323,370423306,1749218677799,2,0.0225,0.02260319,42.04,BTC-25JUL25-95000-P,104273.44,buy,0.1,0.1,,,,,,1749218677.799
324,370424926,1749219603279,2,0.022,0.02206244,42.06,BTC-25JUL25-95000-P,104487.84,buy,0.3,0.3,,,,,,1749219603.279
325,370432717,1749222264662,2,0.021,0.02093038,42.21,BTC-25JUL25-95000-P,105013.05,sell,0.3,0.3,,,,,,1749222264.662
326,370442693,1749225558878,2,0.0204,0.02058358,42.04,BTC-25JUL25-95000-P,105160.69,sell,50.0,50.0,,BTC-STRG-25JUL25-95000_122000,2.0,BLOCK-203749,,1749225558.878
327,370443183,1749225890704,0,0.0206,0.02062179,42.16,BTC-25JUL25-95000-P,105142.78,sell,25.0,25.0,,BTC-STRG-25JUL25-95000_122000,2.0,BLOCK-203750,,1749225890.704
328,370446910,1749227630569,2,0.0205,0.02068305,41.91,BTC-25JUL25-95000-P,105038.31,buy,0.3,0.3,,,,,,1749227630.569
329,370446911,1749227630595,3,0.0205,0.02068305,41.91,BTC-25JUL25-95000-P,105038.31,buy,0.7,0.7,,,,,,1749227630.595
330,370459150,1749239553024,0,0.022,0.02257911,41.56,BTC-25JUL25-95000-P,104228.99,sell,0.1,0.1,,,,,,1749239553.024
331,370464977,1749246843601,2,0.021,0.02161712,41.18,BTC-25JUL25-95000-P,104488.55,sell,0.1,0.1,,,,,,1749246843.601
332,370490648,1749290238666,2,0.0205,0.02090812,41.84,BTC-25JUL25-95000-P,104902.21,sell,0.2,0.2,,,,,,1749290238.666
333,370490651,1749290271706,3,0.0205,0.02091825,41.84,BTC-25JUL25-95000-P,104902.99,sell,0.2,0.2,,,,,,1749290271.706
334,370490664,1749290352526,3,0.0205,0.02092314,41.85,BTC-25JUL25-95000-P,104907.53,sell,0.4,0.4,,,,,,1749290352.526
335,370490672,1749290387400,3,0.0205,0.02093476,41.84,BTC-25JUL25-95000-P,104906.13,sell,0.2,0.2,,,,,,1749290387.4
336,370515269,1749323811543,2,0.019,0.01921659,42.31,BTC-25JUL25-95000-P,105783.79,sell,0.1,0.1,,,,,,1749323811.543
337,370569774,1749416608517,2,0.018,0.01845638,42.85,BTC-25JUL25-95000-P,106228.84,sell,0.1,0.1,,,,,,1749416608.517
338,370571011,1749419549700,3,0.018,0.01808094,43.1,BTC-25JUL25-95000-P,106359.08,sell,1.0,1.0,,,,,,1749419549.7
339,370578624,1749424953335,0,0.0195,0.01902497,43.31,BTC-25JUL25-95000-P,105743.04,buy,0.1,0.1,,,,,,1749424953.335
340,370582794,1749428439458,2,0.019,0.01903428,42.86,BTC-25JUL25-95000-P,105743.32,buy,0.1,0.1,,,,,,1749428439.458
341,370591625,1749444764846,3,0.019,0.01907255,42.41,BTC-25JUL25-95000-P,105535.04,buy,1.0,1.0,,,,,,1749444764.846
342,370593934,1749451646243,3,0.019,0.01909127,42.65,BTC-25JUL25-95000-P,105632.8,sell,1.0,1.0,,,,,,1749451646.243
343,370621159,1749467378456,2,0.016,0.01598023,43.14,BTC-25JUL25-95000-P,107360.08,sell,0.3,0.3,,,,,,1749467378.456
344,370621602,1749467582978,3,0.016,0.0159055,43.29,BTC-25JUL25-95000-P,107433.09,sell,0.3,0.3,,,,,,1749467582.978
345,370621607,1749467583118,3,0.016,0.0159055,43.29,BTC-25JUL25-95000-P,107433.09,sell,0.1,0.1,,,,,,1749467583.118
346,370621760,1749467646629,3,0.016,0.01587627,43.33,BTC-25JUL25-95000-P,107449.29,sell,0.3,0.3,,,,,,1749467646.629
347,370626575,1749469308277,2,0.0155,0.01549118,43.3,BTC-25JUL25-95000-P,107715.51,buy,0.1,0.1,,,,,,1749469308.277
349,370628026,1749469751923,3,0.015,0.01551305,42.69,BTC-25JUL25-95000-P,107687.13,sell,4.7,4.7,,,,,,1749469751.923
348,370628025,1749469751923,2,0.015,0.01551305,42.69,BTC-25JUL25-95000-P,107687.13,sell,0.3,0.3,,,,,,1749469751.923
350,370628176,1749469810681,3,0.015,0.01555683,42.63,BTC-25JUL25-95000-P,107655.81,sell,5.0,5.0,,,,,,1749469810.681
351,370645225,1749477968201,0,0.0155,0.01587552,42.6,BTC-25JUL25-95000-P,107308.37,sell,0.5,0.5,,,,,,1749477968.201
352,370674240,1749489624783,2,0.0145,0.01435889,43.39,BTC-25JUL25-95000-P,108258.64,sell,5.0,5.0,,,,,,1749489624.783
354,370682003,1749493203821,3,0.0135,0.01388209,42.73,BTC-25JUL25-95000-P,108540.06,sell,0.6,0.6,,,,,,1749493203.821
353,370682002,1749493203821,2,0.0135,0.01388209,42.73,BTC-25JUL25-95000-P,108540.06,sell,0.4,0.4,,,,,,1749493203.821
355,370685723,1749496544470,3,0.0135,0.01374465,42.85,BTC-25JUL25-95000-P,108587.11,sell,1.0,1.0,,,,,,1749496544.47
356,370688557,1749497445091,0,0.014,0.01358315,43.66,BTC-25JUL25-95000-P,108727.56,buy,0.1,0.1,,,,,,1749497445.091
357,370695874,1749501469627,2,0.0135,0.01361448,43.22,BTC-25JUL25-95000-P,108772.13,sell,0.1,0.1,,,,,,1749501469.627
358,370695875,1749501469629,3,0.0135,0.01361448,43.22,BTC-25JUL25-95000-P,108772.13,buy,0.2,0.2,,,,,,1749501469.629
360,370696309,1749501969131,3,0.0135,0.01366761,43.2,BTC-25JUL25-95000-P,108755.3,sell,0.2,0.2,,,,,,1749501969.131
359,370696308,1749501969131,3,0.0135,0.01366761,43.2,BTC-25JUL25-95000-P,108755.3,sell,0.1,0.1,,,,,,1749501969.131
361,370707064,1749504594445,2,0.012,0.01214875,43.68,BTC-25JUL25-95000-P,110049.28,sell,0.2,0.2,,,,,,1749504594.445
362,370707076,1749504594617,3,0.012,0.01214875,43.68,BTC-25JUL25-95000-P,110049.28,sell,0.1,0.1,,,,,,1749504594.617
363,370721059,1749506629388,0,0.0123,0.01209405,44.35,BTC-25JUL25-95000-P,110202.07,buy,30.0,30.0,,BTC-PS-25JUL25-100000_95000,2.0,BLOCK-204152,5837.0,1749506629.388
365,370725075,1749508262178,3,0.012,0.01218811,44.03,BTC-25JUL25-95000-P,110236.08,sell,3.2,3.2,,,,,,1749508262.178
364,370725074,1749508262178,2,0.012,0.01218811,44.03,BTC-25JUL25-95000-P,110236.08,sell,1.8,1.8,,,,,,1749508262.178
366,370732474,1749511022523,0,0.0125,0.01259464,44.23,BTC-25JUL25-95000-P,109940.53,buy,0.1,0.1,,,,,,1749511022.523
367,370733414,1749511336602,1,0.0125,0.01246436,44.36,BTC-25JUL25-95000-P,110001.63,sell,0.1,0.1,,,,,,1749511336.602
368,370738009,1749514569600,2,0.012,0.01236139,43.86,BTC-25JUL25-95000-P,110067.14,sell,0.3,0.3,,,,,,1749514569.6
369,370746486,1749521394877,0,0.0131,0.01287158,44.14,BTC-25JUL25-95000-P,109447.45,sell,0.5,0.5,370746484,BTC-PS-25JUL25-100000_95000,,,,1749521394.877
370,370756959,1749531746827,2,0.013,0.01278321,44.28,BTC-25JUL25-95000-P,109560.95,buy,0.1,0.1,,,,,,1749531746.827
371,370757259,1749532092322,2,0.0125,0.01283972,43.58,BTC-25JUL25-95000-P,109512.07,sell,0.2,0.2,,,,,,1749532092.322
372,370757356,1749532473089,3,0.0125,0.01275014,43.7,BTC-25JUL25-95000-P,109559.16,sell,0.2,0.2,,,,,,1749532473.089
373,370760452,1749535359434,3,0.0125,0.0130741,43.16,BTC-25JUL25-95000-P,109261.5,sell,0.1,0.1,,,,,,1749535359.434
374,370762201,1749536013189,3,0.0125,0.01289551,43.29,BTC-25JUL25-95000-P,109333.25,sell,0.1,0.1,,,,,,1749536013.189
375,370762239,1749536031675,3,0.0125,0.01294937,43.24,BTC-25JUL25-95000-P,109296.56,sell,0.1,0.1,,,,,,1749536031.675
376,370765262,1749538464755,2,0.012,0.01259347,43.05,BTC-25JUL25-95000-P,109576.36,sell,0.1,0.1,,,,,,1749538464.755
377,370765337,1749538526079,3,0.012,0.01259238,43.03,BTC-25JUL25-95000-P,109566.94,sell,0.1,0.1,,,,,,1749538526.079
378,370765398,1749538546252,3,0.012,0.01255657,43.07,BTC-25JUL25-95000-P,109581.84,sell,0.1,0.1,,,,,,1749538546.252
379,370765457,1749538661018,3,0.012,0.01256555,43.04,BTC-25JUL25-95000-P,109566.42,sell,0.1,0.1,,,,,,1749538661.018
380,370765462,1749538691742,3,0.012,0.0125634,43.03,BTC-25JUL25-95000-P,109566.36,sell,0.1,0.1,,,,,,1749538691.742
381,370765474,1749538715269,3,0.012,0.0125708,43.02,BTC-25JUL25-95000-P,109558.67,sell,0.1,0.1,,,,,,1749538715.269
382,370765694,1749538880224,0,0.0125,0.01262197,43.58,BTC-25JUL25-95000-P,109508.92,sell,0.1,0.1,,,,,,1749538880.224
383,370771836,1749542132919,1,0.0125,0.01279623,43.29,BTC-25JUL25-95000-P,109287.74,sell,0.5,0.5,,,,,,1749542132.919
386,370801607,1749563182407,1,0.013,0.01308077,43.51,BTC-25JUL25-95000-P,108953.89,buy,1.0,1.0,,,,,,1749563182.407
385,370801606,1749563182407,1,0.013,0.01308077,43.51,BTC-25JUL25-95000-P,108953.89,buy,0.1,0.1,,,,,,1749563182.407
384,370801605,1749563182407,0,0.013,0.01308077,43.51,BTC-25JUL25-95000-P,108953.89,buy,1.0,1.0,,,,,,1749563182.407
387,370803783,1749564074084,1,0.013,0.01274753,44.2,BTC-25JUL25-95000-P,109348.64,buy,0.1,0.1,,,,,,1749564074.084
388,370804024,1749564213925,1,0.013,0.01284218,44.1,BTC-25JUL25-95000-P,109288.98,buy,0.3,0.3,,,,,,1749564213.925
389,370804082,1749564244439,0,0.0135,0.01293024,44.62,BTC-25JUL25-95000-P,109260.13,buy,0.1,0.1,,,,,,1749564244.439
390,370804453,1749564383520,1,0.0135,0.01301762,44.53,BTC-25JUL25-95000-P,109206.17,buy,0.1,0.1,,,,,,1749564383.52
391,370805151,1749564553443,0,0.014,0.01338633,44.81,BTC-25JUL25-95000-P,109044.16,buy,0.1,0.1,,,,,,1749564553.443
392,370805496,1749564581566,2,0.013,0.01351028,43.48,BTC-25JUL25-95000-P,108974.39,sell,0.4,0.4,,,,,,1749564581.566
393,370806608,1749565007634,0,0.014,0.01361221,44.76,BTC-25JUL25-95000-P,109023.66,buy,0.1,0.1,,,,,,1749565007.634
394,370807823,1749565501044,1,0.014,0.01358935,44.97,BTC-25JUL25-95000-P,109111.46,buy,0.2,0.2,,,,,,1749565501.044
395,370810168,1749566128717,0,0.0145,0.0142682,44.72,BTC-25JUL25-95000-P,108679.77,buy,0.2,0.2,,,,,,1749566128.717
396,370815065,1749567862720,1,0.0145,0.01410714,44.67,BTC-25JUL25-95000-P,108652.24,buy,0.1,0.1,,,,,,1749567862.72
398,370815594,1749568043373,1,0.0145,0.01387401,44.98,BTC-25JUL25-95000-P,108804.7,buy,0.1,0.1,,,,,,1749568043.373
397,370815593,1749568043373,1,0.0145,0.01387401,44.98,BTC-25JUL25-95000-P,108804.7,buy,0.1,0.1,,,,,,1749568043.373
399,370815983,1749568219874,2,0.0141,0.01390104,44.6,BTC-25JUL25-95000-P,108860.15,sell,0.1,0.1,370815982,BTC-PS-25JUL25-100000_95000,,,,1749568219.874
400,370815987,1749568224247,2,0.014,0.01387592,44.47,BTC-25JUL25-95000-P,108854.39,sell,0.4,0.4,370815986,BTC-PS-25JUL25-100000_95000,,,,1749568224.247
401,370821453,1749570644013,2,0.0135,0.01378181,43.79,BTC-25JUL25-95000-P,108794.14,sell,0.3,0.3,,,,,,1749570644.013
402,370821462,1749570651709,3,0.0135,0.01376729,43.8,BTC-25JUL25-95000-P,108798.98,sell,0.3,0.3,,,,,,1749570651.709
403,370823805,1749572344274,3,0.0135,0.01326785,44.42,BTC-25JUL25-95000-P,109138.41,buy,0.1,0.1,,,,,,1749572344.274
404,370863894,1749597679865,2,0.0125,0.01266504,44.21,BTC-25JUL25-95000-P,109658.06,sell,0.1,0.1,,,,,,1749597679.865
405,370872828,1749609010871,2,0.012,0.01250593,43.62,BTC-25JUL25-95000-P,109600.28,sell,2.0,2.0,,,,,,1749609010.871
406,370872835,1749609031563,3,0.012,0.01249088,43.62,BTC-25JUL25-95000-P,109603.17,sell,2.0,2.0,,,,,,1749609031.563
407,370874822,1749612599289,3,0.012,0.01224537,43.94,BTC-25JUL25-95000-P,109788.94,sell,0.1,0.1,,,,,,1749612599.289
408,370878919,1749621134847,0,0.0125,0.01246358,44.2,BTC-25JUL25-95000-P,109555.36,buy,0.1,0.1,,,,,,1749621134.847
409,370878935,1749621151477,1,0.0125,0.01244382,44.22,BTC-25JUL25-95000-P,109556.64,buy,0.1,0.1,,,,,,1749621151.477
410,370878946,1749621167697,1,0.0125,0.01244591,44.22,BTC-25JUL25-95000-P,109553.74,buy,0.1,0.1,,,,,,1749621167.697
411,370878950,1749621185430,1,0.0125,0.01245505,44.21,BTC-25JUL25-95000-P,109551.23,buy,0.1,0.1,,,,,,1749621185.43
412,370878956,1749621202888,1,0.0125,0.01245963,44.21,BTC-25JUL25-95000-P,109549.0,buy,0.1,0.1,,,,,,1749621202.888
413,370878965,1749621222563,1,0.0125,0.01246685,44.21,BTC-25JUL25-95000-P,109549.8,buy,0.1,0.1,,,,,,1749621222.563
414,370878978,1749621239987,1,0.0125,0.01246276,44.2,BTC-25JUL25-95000-P,109550.13,buy,0.1,0.1,,,,,,1749621239.987
415,370879461,1749622123197,1,0.0125,0.01247887,44.23,BTC-25JUL25-95000-P,109554.31,buy,0.1,0.1,,,,,,1749622123.197
416,370879465,1749622141100,1,0.0125,0.01247458,44.23,BTC-25JUL25-95000-P,109555.41,buy,0.1,0.1,,,,,,1749622141.1
417,370898866,1749644071970,1,0.0125,0.01275757,43.93,BTC-25JUL25-95000-P,109380.82,sell,0.1,0.1,,,,,,1749644071.97
418,370901834,1749645003289,1,0.0125,0.01281872,43.95,BTC-25JUL25-95000-P,109446.42,sell,1.9,1.9,,,,,,1749645003.289
419,370916619,1749651009494,1,0.0125,0.01201813,44.97,BTC-25JUL25-95000-P,109890.36,buy,0.1,0.1,,,,,,1749651009.494
420,370916620,1749651009494,1,0.0125,0.01201813,44.97,BTC-25JUL25-95000-P,109890.36,buy,0.1,0.1,,,,,,1749651009.494
421,370916879,1749651185055,1,0.0125,0.01209062,44.92,BTC-25JUL25-95000-P,109854.69,buy,0.5,0.5,,,,,,1749651185.055
422,370917605,1749651358939,1,0.0125,0.01190827,45.19,BTC-25JUL25-95000-P,110008.42,buy,0.3,0.3,,,,,,1749651358.939
423,370918278,1749651502261,2,0.012,0.01172201,44.85,BTC-25JUL25-95000-P,110186.78,buy,0.1,0.1,,,,,,1749651502.261
424,370919389,1749651684673,2,0.0115,0.01163699,44.37,BTC-25JUL25-95000-P,110277.56,sell,0.5,0.5,,,,,,1749651684.673
425,370922532,1749652627190,0,0.012,0.01153792,45.04,BTC-25JUL25-95000-P,110282.02,buy,0.1,0.1,,,,,,1749652627.19
426,370925504,1749654124572,1,0.012,0.0117735,44.57,BTC-25JUL25-95000-P,109983.87,buy,0.1,0.1,,,,,,1749654124.572
427,370925726,1749654297119,1,0.012,0.01166516,44.7,BTC-25JUL25-95000-P,110063.04,buy,0.1,0.1,,,,,,1749654297.119
428,370927678,1749654844746,1,0.012,0.012087,44.13,BTC-25JUL25-95000-P,109754.6,sell,0.1,0.1,,,,,,1749654844.746
429,370928202,1749655210236,0,0.0125,0.01206667,44.72,BTC-25JUL25-95000-P,109725.69,buy,0.1,0.1,,,,,,1749655210.236
430,370928671,1749655688050,1,0.0125,0.01194961,44.87,BTC-25JUL25-95000-P,109803.16,buy,0.1,0.1,,,,,,1749655688.05
431,370940023,1749663930473,1,0.0125,0.01250459,43.94,BTC-25JUL25-95000-P,109265.16,buy,0.2,0.2,,,,,,1749663930.473
432,370943692,1749664989920,1,0.0125,0.01294411,43.32,BTC-25JUL25-95000-P,108951.8,sell,1.0,1.0,,,,,,1749664989.92
433,370943801,1749665012622,0,0.013,0.01300304,43.85,BTC-25JUL25-95000-P,108913.89,buy,0.5,0.5,,,,,,1749665012.622
434,370947094,1749665829052,1,0.013,0.01347685,43.32,BTC-25JUL25-95000-P,108618.41,sell,0.3,0.3,,,,,,1749665829.052
435,370963234,1749677160868,2,0.0125,0.0125004,43.45,BTC-25JUL25-95000-P,108974.54,buy,0.3,0.3,,,,,,1749677160.868
436,370965414,1749677896721,0,0.013,0.01312248,43.16,BTC-25JUL25-95000-P,108514.24,buy,0.3,0.3,,,,,,1749677896.721
437,370987754,1749697263685,1,0.013,0.01294048,42.93,BTC-25JUL25-95000-P,108413.2,buy,0.3,0.3,,,,,,1749697263.685
438,370989759,1749698417191,0,0.0135,0.01344105,42.72,BTC-25JUL25-95000-P,108004.65,buy,0.3,0.3,,,,,,1749698417.191
439,370992787,1749698764278,0,0.014,0.01397501,42.91,BTC-25JUL25-95000-P,107771.16,buy,0.3,0.3,,,,,,1749698764.278
440,370994245,1749699513809,2,0.013,0.01359012,42.11,BTC-25JUL25-95000-P,107976.58,sell,0.1,0.1,,,,,,1749699513.809
441,370997554,1749702157158,0,0.0145,0.01449901,42.92,BTC-25JUL25-95000-P,107501.55,buy,0.3,0.3,,,,,,1749702157.158
442,371019969,1749720958546,2,0.014,0.01413322,42.97,BTC-25JUL25-95000-P,107709.79,sell,0.1,0.1,,,,,,1749720958.546
444,371032219,1749727783765,1,0.015,0.01514728,42.75,BTC-25JUL25-95000-P,107045.76,buy,0.3,0.3,,,,,,1749727783.765
443,371032218,1749727783765,0,0.015,0.01514728,42.75,BTC-25JUL25-95000-P,107045.76,buy,0.2,0.2,,,,,,1749727783.765
445,371049338,1749735162947,0,0.0155,0.01556218,42.69,BTC-25JUL25-95000-P,106708.26,buy,0.3,0.3,,,,,,1749735162.947
446,371054399,1749737657229,2,0.0145,0.0143535,43.15,BTC-25JUL25-95000-P,107471.44,sell,0.1,0.1,,,,,,1749737657.229
447,371054414,1749737657236,3,0.0145,0.0143535,43.15,BTC-25JUL25-95000-P,107471.44,sell,0.3,0.3,,,,,,1749737657.236
448,371054462,1749737664486,3,0.0145,0.01428772,43.22,BTC-25JUL25-95000-P,107514.31,sell,0.1,0.1,,,,,,1749737664.486
449,371079807,1749750494373,2,0.0125,0.01308343,42.75,BTC-25JUL25-95000-P,108433.43,sell,0.2,0.2,,,,,,1749750494.373
450,371079853,1749750520099,3,0.0125,0.01306656,42.77,BTC-25JUL25-95000-P,108451.76,sell,0.1,0.1,,,,,,1749750520.099
451,371080181,1749750726433,0,0.013,0.01311933,43.27,BTC-25JUL25-95000-P,108404.38,buy,0.1,0.1,,,,,,1749750726.433
452,371090307,1749756488228,1,0.013,0.01306387,42.34,BTC-25JUL25-95000-P,107888.1,buy,0.1,0.1,,,,,,1749756488.228
454,371112055,1749761565321,1,0.0165,0.01600039,42.57,BTC-25JUL25-95000-P,106061.39,buy,0.2,0.2,,,,,,1749761565.321
453,371112054,1749761565321,0,0.0165,0.01600039,42.57,BTC-25JUL25-95000-P,106061.39,buy,1.6,1.6,,,,,,1749761565.321
455,371112056,1749761565447,1,0.0165,0.01600039,42.57,BTC-25JUL25-95000-P,106061.39,buy,0.2,0.2,,,,,,1749761565.447
456,371112057,1749761565568,1,0.0165,0.01600039,42.57,BTC-25JUL25-95000-P,106061.39,buy,2.5,2.5,,,,,,1749761565.568
457,371112058,1749761565682,1,0.0165,0.01600039,42.57,BTC-25JUL25-95000-P,106061.39,buy,1.3,1.3,,,,,,1749761565.682
458,371112059,1749761565804,1,0.0165,0.01600039,42.57,BTC-25JUL25-95000-P,106061.39,buy,0.4,0.4,,,,,,1749761565.804
459,371112060,1749761565908,1,0.0165,0.01600218,42.62,BTC-25JUL25-95000-P,106082.19,buy,1.2,1.2,,,,,,1749761565.908
460,371112061,1749761566048,1,0.0165,0.01600218,42.62,BTC-25JUL25-95000-P,106082.19,buy,0.1,0.1,,,,,,1749761566.048
461,371112062,1749761566163,1,0.0165,0.01600218,42.62,BTC-25JUL25-95000-P,106082.19,buy,2.1,2.1,,,,,,1749761566.163
462,371112063,1749761566266,1,0.0165,0.01600218,42.62,BTC-25JUL25-95000-P,106082.19,buy,0.2,0.2,,,,,,1749761566.266
463,371112064,1749761566404,1,0.0165,0.01600218,42.62,BTC-25JUL25-95000-P,106082.19,buy,0.1,0.1,,,,,,1749761566.404
464,371112065,1749761566538,1,0.0165,0.01600218,42.62,BTC-25JUL25-95000-P,106082.19,buy,10.1,10.1,,,,,,1749761566.538
465,371112067,1749761566640,1,0.0165,0.01600218,42.62,BTC-25JUL25-95000-P,106082.19,buy,0.7,0.7,,,,,,1749761566.64
466,371112068,1749761566765,1,0.0165,0.01600218,42.62,BTC-25JUL25-95000-P,106082.19,buy,4.5,4.5,,,,,,1749761566.765
467,371112069,1749761566891,1,0.0165,0.01601144,42.63,BTC-25JUL25-95000-P,106091.09,buy,0.4,0.4,,,,,,1749761566.891
468,371112070,1749761567020,1,0.0165,0.01601144,42.63,BTC-25JUL25-95000-P,106091.09,buy,0.2,0.2,,,,,,1749761567.02
469,371112071,1749761567165,1,0.0165,0.01601144,42.63,BTC-25JUL25-95000-P,106091.09,buy,1.0,1.0,,,,,,1749761567.165
470,371112072,1749761567301,1,0.0165,0.01601144,42.63,BTC-25JUL25-95000-P,106091.09,buy,0.2,0.2,,,,,,1749761567.301
471,371112073,1749761567421,1,0.0165,0.01601144,42.63,BTC-25JUL25-95000-P,106091.09,buy,0.1,0.1,,,,,,1749761567.421
472,371112074,1749761567542,1,0.0165,0.01601144,42.63,BTC-25JUL25-95000-P,106091.09,buy,0.8,0.8,,,,,,1749761567.542
473,371112075,1749761567669,1,0.0165,0.01601144,42.63,BTC-25JUL25-95000-P,106091.09,buy,0.6,0.6,,,,,,1749761567.669
474,371112076,1749761567669,1,0.0165,0.01601144,42.63,BTC-25JUL25-95000-P,106091.09,buy,0.6,0.6,,,,,,1749761567.669
475,371112077,1749761567669,1,0.0165,0.01601144,42.63,BTC-25JUL25-95000-P,106091.09,buy,25.0,25.0,,,,,,1749761567.669
477,371112079,1749761567669,1,0.0165,0.01601144,42.63,BTC-25JUL25-95000-P,106091.09,buy,3.9,3.9,,,,,,1749761567.669
476,371112078,1749761567669,1,0.0165,0.01601144,42.63,BTC-25JUL25-95000-P,106091.09,buy,1.5,1.5,,,,,,1749761567.669
478,371112080,1749761567781,1,0.0165,0.01601144,42.63,BTC-25JUL25-95000-P,106091.09,buy,0.4,0.4,,,,,,1749761567.781
479,371119290,1749762612704,2,0.016,0.01588418,42.34,BTC-25JUL25-95000-P,106222.96,sell,0.1,0.1,,,,,,1749762612.704
480,371119291,1749762612704,3,0.016,0.01588418,42.34,BTC-25JUL25-95000-P,106222.96,sell,0.1,0.1,,,,,,1749762612.704
481,371119292,1749762612704,3,0.016,0.01588418,42.34,BTC-25JUL25-95000-P,106222.96,sell,0.9,0.9,,,,,,1749762612.704
482,371153282,1749772772620,3,0.016,0.01601572,41.57,BTC-25JUL25-95000-P,105819.97,buy,2.0,2.0,,,,,,1749772772.62
483,371156277,1749772908086,0,0.017,0.01706072,41.47,BTC-25JUL25-95000-P,105281.12,buy,0.1,0.1,,,,,,1749772908.086
484,371156789,1749772919931,1,0.017,0.01702342,41.51,BTC-25JUL25-95000-P,105297.56,buy,0.1,0.1,,,,,,1749772919.931
485,371169192,1749773419390,0,0.019,0.01880822,41.8,BTC-25JUL25-95000-P,104476.21,buy,0.1,0.1,,,,,,1749773419.39
486,371177656,1749774180502,0,0.02,0.01947921,42.46,BTC-25JUL25-95000-P,104345.82,buy,0.1,0.1,,,,,,1749774180.502
487,371177688,1749774182158,1,0.02,0.01957507,42.39,BTC-25JUL25-95000-P,104314.02,buy,0.1,0.1,,,,,,1749774182.158
489,371200388,1749776517295,1,0.0235,0.02320827,43.71,BTC-25JUL25-95000-P,103466.13,buy,1.4,1.4,,,,,,1749776517.295
488,371200387,1749776517295,0,0.0235,0.02320827,43.71,BTC-25JUL25-95000-P,103466.13,buy,0.1,0.1,,,,,,1749776517.295
490,371200389,1749776517299,1,0.0235,0.02320827,43.71,BTC-25JUL25-95000-P,103466.13,sell,1.4,1.4,,,,,,1749776517.299
491,371200390,1749776517307,1,0.0235,0.02320827,43.71,BTC-25JUL25-95000-P,103466.13,sell,0.3,0.3,,,,,,1749776517.307
492,371200713,1749776584434,1,0.0235,0.02330927,43.84,BTC-25JUL25-95000-P,103504.38,sell,2.8,2.8,,,,,,1749776584.434
493,371213604,1749777178792,0,0.0255,0.02525246,44.14,BTC-25JUL25-95000-P,102988.68,sell,0.1,0.1,,,,,,1749777178.792
494,371213605,1749777178792,1,0.0255,0.02525246,44.14,BTC-25JUL25-95000-P,102988.68,sell,0.2,0.2,,,,,,1749777178.792
495,371214130,1749777217474,1,0.0255,0.02533827,44.05,BTC-25JUL25-95000-P,102908.88,buy,0.2,0.2,,,,,,1749777217.474
496,371214134,1749777217781,1,0.0255,0.02533827,44.05,BTC-25JUL25-95000-P,102908.88,buy,0.1,0.1,,,,,,1749777217.781
497,371214135,1749777217783,1,0.0255,0.02533827,44.05,BTC-25JUL25-95000-P,102908.88,buy,0.1,0.1,,,,,,1749777217.783
502,371214174,1749777221130,1,0.0255,0.02544402,43.95,BTC-25JUL25-95000-P,102897.61,buy,0.4,0.4,,,,,,1749777221.13
499,371214171,1749777221130,1,0.0255,0.02544402,43.95,BTC-25JUL25-95000-P,102897.61,buy,0.1,0.1,,,,,,1749777221.13
498,371214170,1749777221130,1,0.0255,0.02544402,43.95,BTC-25JUL25-95000-P,102897.61,buy,0.1,0.1,,,,,,1749777221.13
500,371214172,1749777221130,1,0.0255,0.02544402,43.95,BTC-25JUL25-95000-P,102897.61,buy,0.2,0.2,,,,,,1749777221.13
501,371214173,1749777221130,1,0.0255,0.02544402,43.95,BTC-25JUL25-95000-P,102897.61,buy,0.4,0.4,,,,,,1749777221.13
503,371219962,1749777760925,2,0.0235,0.02402189,43.53,BTC-25JUL25-95000-P,103456.87,sell,9.6,9.6,,,,,,1749777760.925
504,371219966,1749777761038,3,0.0235,0.02402189,43.53,BTC-25JUL25-95000-P,103456.87,sell,0.1,0.1,,,,,,1749777761.038
505,371219972,1749777761137,3,0.0235,0.02402189,43.53,BTC-25JUL25-95000-P,103456.87,sell,0.2,0.2,,,,,,1749777761.137
506,371219974,1749777761242,3,0.0235,0.02402189,43.53,BTC-25JUL25-95000-P,103456.87,sell,0.2,0.2,,,,,,1749777761.242
507,371219975,1749777761242,3,0.0235,0.02402189,43.53,BTC-25JUL25-95000-P,103456.87,sell,0.8,0.8,,,,,,1749777761.242
508,371241445,1749782324881,2,0.023,0.02304118,43.98,BTC-25JUL25-95000-P,103803.23,buy,0.1,0.1,,,,,,1749782324.881
510,371251591,1749785155033,3,0.022,0.02159769,44.2,BTC-25JUL25-95000-P,104285.4,buy,0.6,0.6,,,,,,1749785155.033
511,371251592,1749785155033,3,0.022,0.02159769,44.2,BTC-25JUL25-95000-P,104285.4,buy,7.4,7.4,,,,,,1749785155.033
509,371251590,1749785155033,2,0.022,0.02159769,44.2,BTC-25JUL25-95000-P,104285.4,buy,1.0,1.0,,,,,,1749785155.033
512,371259599,1749787266201,2,0.0215,0.02116198,43.8,BTC-25JUL25-95000-P,104317.57,buy,1.0,1.0,,,,,,1749787266.201
513,371279809,1749796141226,2,0.021,0.02093144,42.65,BTC-25JUL25-95000-P,103927.61,buy,0.1,0.1,,,,,,1749796141.226
514,371279810,1749796141226,3,0.021,0.02093144,42.65,BTC-25JUL25-95000-P,103927.61,buy,0.9,0.9,,,,,,1749796141.226
515,371302270,1749802461915,2,0.0175,0.01735184,42.56,BTC-25JUL25-95000-P,105399.36,sell,0.2,0.2,,,,,,1749802461.915
517,371321919,1749806881750,1,0.0195,0.01931037,42.77,BTC-25JUL25-95000-P,104670.14,sell,0.1,0.1,,,,,,1749806881.75
516,371321918,1749806881750,0,0.0195,0.01931037,42.77,BTC-25JUL25-95000-P,104670.14,sell,0.3,0.3,,,,,,1749806881.75
518,371322395,1749807023938,1,0.0195,0.01919085,43.05,BTC-25JUL25-95000-P,104798.02,buy,0.1,0.1,,,,,,1749807023.938
523,371330287,1749810113418,1,0.0195,0.01988709,42.76,BTC-25JUL25-95000-P,104684.1,sell,0.5,0.5,,,,,,1749810113.418
521,371330285,1749810113418,1,0.0195,0.01988709,42.76,BTC-25JUL25-95000-P,104684.1,sell,1.1,1.1,,,,,,1749810113.418
519,371330283,1749810113418,1,0.0195,0.01988709,42.76,BTC-25JUL25-95000-P,104684.1,sell,0.8,0.8,,,,,,1749810113.418
524,371330288,1749810113418,1,0.0195,0.01988709,42.76,BTC-25JUL25-95000-P,104684.1,sell,0.4,0.4,,,,,,1749810113.418
520,371330284,1749810113418,1,0.0195,0.01988709,42.76,BTC-25JUL25-95000-P,104684.1,sell,9.6,9.6,,,,,,1749810113.418
525,371330289,1749810113418,1,0.0195,0.01988709,42.76,BTC-25JUL25-95000-P,104684.1,sell,0.7,0.7,,,,,,1749810113.418
522,371330286,1749810113418,1,0.0195,0.01988709,42.76,BTC-25JUL25-95000-P,104684.1,sell,5.0,5.0,,,,,,1749810113.418
526,371346843,1749819237565,2,0.0185,0.01864583,42.38,BTC-25JUL25-95000-P,104925.56,buy,1.0,1.0,,,,,,1749819237.565
527,371350249,1749821322924,3,0.0185,0.01856241,42.49,BTC-25JUL25-95000-P,104933.5,sell,0.1,0.1,,,,,,1749821322.924
528,371412069,1749847042759,3,0.0185,0.01830868,43.37,BTC-25JUL25-95000-P,105318.03,buy,0.1,0.1,,,,,,1749847042.759
529,371412070,1749847042759,3,0.0185,0.01830868,43.37,BTC-25JUL25-95000-P,105318.03,buy,1.0,1.0,,,,,,1749847042.759
530,371412071,1749847042761,3,0.0185,0.01830868,43.37,BTC-25JUL25-95000-P,105318.03,sell,0.4,0.4,,,,,,1749847042.761
531,371414618,1749849915929,2,0.0175,0.01783355,42.75,BTC-25JUL25-95000-P,105513.96,sell,1.2,1.2,,,,,,1749849915.929
532,371414619,1749849915931,3,0.0175,0.01783355,42.75,BTC-25JUL25-95000-P,105513.96,buy,0.8,0.8,,,,,,1749849915.931
533,371429360,1749859281442,2,0.016,0.01604748,42.53,BTC-25JUL25-95000-P,106055.46,buy,1.0,1.0,,,,,,1749859281.442
534,371450803,1749881557348,0,0.0175,0.01745443,42.75,BTC-25JUL25-95000-P,105344.19,buy,0.1,0.1,,,,,,1749881557.348
535,371468165,1749900777720,0,0.018,0.01823354,42.71,BTC-25JUL25-95000-P,105096.46,sell,0.1,0.1,,,,,,1749900777.72
536,371475204,1749915823766,1,0.018,0.01864637,41.94,BTC-25JUL25-95000-P,104736.99,sell,0.1,0.1,,,,,,1749915823.766
537,371475230,1749915840217,1,0.018,0.0186657,41.91,BTC-25JUL25-95000-P,104724.3,sell,0.1,0.1,,,,,,1749915840.217
538,371475319,1749915857545,1,0.018,0.01864176,41.95,BTC-25JUL25-95000-P,104740.95,sell,0.1,0.1,,,,,,1749915857.545
539,371475342,1749915875239,1,0.018,0.01857748,42.0,BTC-25JUL25-95000-P,104752.4,sell,0.1,0.1,,,,,,1749915875.239
540,371475420,1749915937607,1,0.018,0.01860111,41.96,BTC-25JUL25-95000-P,104734.92,sell,0.1,0.1,,,,,,1749915937.607
541,371475426,1749915954032,1,0.018,0.01861382,41.95,BTC-25JUL25-95000-P,104733.63,sell,0.1,0.1,,,,,,1749915954.032
542,371475436,1749915971471,1,0.018,0.01857406,41.98,BTC-25JUL25-95000-P,104743.52,sell,0.1,0.1,,,,,,1749915971.471
543,371475640,1749915987900,1,0.018,0.01844036,42.13,BTC-25JUL25-95000-P,104801.37,sell,0.1,0.1,,,,,,1749915987.9
544,371475788,1749916089003,0,0.0185,0.01843988,42.65,BTC-25JUL25-95000-P,104808.02,buy,0.1,0.1,,,,,,1749916089.003
545,371475806,1749916125844,1,0.0185,0.01846194,42.64,BTC-25JUL25-95000-P,104812.2,buy,0.1,0.1,,,,,,1749916125.844
546,371477081,1749918154025,0,0.019,0.01853018,43.25,BTC-25JUL25-95000-P,104847.29,buy,0.1,0.1,,,,,,1749918154.025
549,371478151,1749919403562,1,0.0195,0.01892316,43.47,BTC-25JUL25-95000-P,104714.08,buy,2.7,2.7,,,,,,1749919403.562
548,371478150,1749919403562,1,0.0195,0.01892316,43.47,BTC-25JUL25-95000-P,104714.08,buy,0.6,0.6,,,,,,1749919403.562
547,371478149,1749919403562,0,0.0195,0.01892316,43.47,BTC-25JUL25-95000-P,104714.08,buy,0.6,0.6,,,,,,1749919403.562
550,371480539,1749920344586,2,0.019,0.01942555,42.39,BTC-25JUL25-95000-P,104468.25,sell,0.1,0.1,,,,,,1749920344.586
551,371480802,1749920590046,0,0.0195,0.01936636,43.01,BTC-25JUL25-95000-P,104520.72,buy,0.1,0.1,,,,,,1749920590.046
552,371480803,1749920590046,1,0.0195,0.01936636,43.01,BTC-25JUL25-95000-P,104520.72,buy,0.2,0.2,,,,,,1749920590.046
553,371480805,1749920590408,1,0.0195,0.01936636,43.01,BTC-25JUL25-95000-P,104520.72,buy,0.8,0.8,,,,,,1749920590.408
554,371480807,1749920590686,0,0.02,0.01936312,43.52,BTC-25JUL25-95000-P,104522.88,buy,0.2,0.2,,,,,,1749920590.686
555,371480814,1749920590940,1,0.02,0.01936312,43.52,BTC-25JUL25-95000-P,104522.88,buy,0.2,0.2,,,,,,1749920590.94
557,371480822,1749920591217,1,0.02,0.01936312,43.52,BTC-25JUL25-95000-P,104522.88,buy,0.6,0.6,,,,,,1749920591.217
558,371480823,1749920591217,1,0.02,0.01936312,43.52,BTC-25JUL25-95000-P,104522.88,buy,3.7,3.7,,,,,,1749920591.217
556,371480821,1749920591217,1,0.02,0.01936312,43.52,BTC-25JUL25-95000-P,104522.88,buy,0.2,0.2,,,,,,1749920591.217
559,371480825,1749920591513,1,0.02,0.01936312,43.52,BTC-25JUL25-95000-P,104522.88,buy,1.8,1.8,,,,,,1749920591.513
560,371480827,1749920591742,1,0.02,0.01935926,43.52,BTC-25JUL25-95000-P,104523.93,buy,1.2,1.2,,,,,,1749920591.742
561,371480833,1749920592011,1,0.02,0.01935926,43.52,BTC-25JUL25-95000-P,104523.93,buy,0.2,0.2,,,,,,1749920592.011
564,371480841,1749920592292,1,0.02,0.01935926,43.52,BTC-25JUL25-95000-P,104523.93,buy,4.3,4.3,,,,,,1749920592.292
563,371480840,1749920592292,0,0.02,0.01935926,43.52,BTC-25JUL25-95000-P,104523.93,buy,5.1,5.1,,,,,,1749920592.292
565,371480842,1749920592292,1,0.02,0.01935926,43.52,BTC-25JUL25-95000-P,104523.93,buy,6.0,6.0,,,,,,1749920592.292
562,371480839,1749920592292,2,0.0195,0.01935926,43.02,BTC-25JUL25-95000-P,104523.93,buy,0.5,0.5,,,,,,1749920592.292
566,371480843,1749920592292,1,0.02,0.01935926,43.52,BTC-25JUL25-95000-P,104523.93,buy,0.5,0.5,,,,,,1749920592.292
567,371480844,1749920592292,1,0.02,0.01935926,43.52,BTC-25JUL25-95000-P,104523.93,buy,3.4,3.4,,,,,,1749920592.292
569,371480846,1749920592292,1,0.02,0.01935926,43.52,BTC-25JUL25-95000-P,104523.93,buy,11.4,11.4,,,,,,1749920592.292
568,371480845,1749920592292,1,0.02,0.01935926,43.52,BTC-25JUL25-95000-P,104523.93,buy,0.4,0.4,,,,,,1749920592.292
570,371480863,1749920592522,1,0.02,0.01935926,43.52,BTC-25JUL25-95000-P,104523.93,buy,0.2,0.2,,,,,,1749920592.522
572,371480867,1749920592774,0,0.02,0.01935656,43.53,BTC-25JUL25-95000-P,104525.59,buy,0.9,0.9,,,,,,1749920592.774
571,371480866,1749920592774,2,0.0195,0.01935656,43.02,BTC-25JUL25-95000-P,104525.59,buy,1.2,1.2,,,,,,1749920592.774
573,371480871,1749920593035,1,0.02,0.01935656,43.53,BTC-25JUL25-95000-P,104525.59,buy,0.4,0.4,,,,,,1749920593.035
574,371480875,1749920593263,2,0.0195,0.01935656,43.02,BTC-25JUL25-95000-P,104525.59,buy,2.5,2.5,,,,,,1749920593.263
575,371480877,1749920593486,0,0.02,0.01935656,43.53,BTC-25JUL25-95000-P,104525.59,buy,0.7,0.7,,,,,,1749920593.486
577,371480886,1749920593706,1,0.02,0.01935126,43.54,BTC-25JUL25-95000-P,104529.66,buy,1.0,1.0,,,,,,1749920593.706
579,371480888,1749920593706,1,0.02,0.01935126,43.54,BTC-25JUL25-95000-P,104529.66,buy,4.7,4.7,,,,,,1749920593.706
576,371480885,1749920593706,1,0.02,0.01935126,43.54,BTC-25JUL25-95000-P,104529.66,buy,3.4,3.4,,,,,,1749920593.706
578,371480887,1749920593706,1,0.02,0.01935126,43.54,BTC-25JUL25-95000-P,104529.66,buy,1.0,1.0,,,,,,1749920593.706
580,371480902,1749920593952,2,0.0195,0.01935126,43.03,BTC-25JUL25-95000-P,104529.66,buy,1.3,1.3,,,,,,1749920593.952
581,371480904,1749920594186,3,0.0195,0.01935126,43.03,BTC-25JUL25-95000-P,104529.66,buy,0.4,0.4,,,,,,1749920594.186
582,371480906,1749920594456,3,0.0195,0.01935126,43.03,BTC-25JUL25-95000-P,104529.66,buy,1.0,1.0,,,,,,1749920594.456
583,371480908,1749920594708,3,0.0195,0.01934862,43.04,BTC-25JUL25-95000-P,104532.72,buy,0.1,0.1,,,,,,1749920594.708
584,371480910,1749920594969,3,0.0195,0.01934862,43.04,BTC-25JUL25-95000-P,104532.72,buy,0.1,0.1,,,,,,1749920594.969
585,371489319,1749930342641,2,0.0185,0.01860595,43.04,BTC-25JUL25-95000-P,104961.58,buy,0.1,0.1,,,,,,1749930342.641
589,371507455,1749960605963,3,0.017,0.01743345,43.04,BTC-25JUL25-95000-P,105542.57,sell,0.6,0.6,,,,,,1749960605.963
592,371507458,1749960605963,3,0.017,0.01743345,43.04,BTC-25JUL25-95000-P,105542.57,sell,15.5,15.5,,,,,,1749960605.963
587,371507453,1749960605963,3,0.017,0.01743345,43.04,BTC-25JUL25-95000-P,105542.57,sell,0.6,0.6,,,,,,1749960605.963
586,371507452,1749960605963,2,0.017,0.01743345,43.04,BTC-25JUL25-95000-P,105542.57,sell,1.6,1.6,,,,,,1749960605.963
590,371507456,1749960605963,3,0.017,0.01743345,43.04,BTC-25JUL25-95000-P,105542.57,sell,0.5,0.5,,,,,,1749960605.963
588,371507454,1749960605963,3,0.017,0.01743345,43.04,BTC-25JUL25-95000-P,105542.57,sell,0.6,0.6,,,,,,1749960605.963
591,371507457,1749960605963,3,0.017,0.01743345,43.04,BTC-25JUL25-95000-P,105542.57,sell,0.6,0.6,,,,,,1749960605.963
593,371533476,1749998079810,0,0.0175,0.01791174,43.51,BTC-25JUL25-95000-P,105408.05,sell,0.1,0.1,,,,,,1749998079.81
594,371534655,1749999199364,2,0.017,0.01714127,43.87,BTC-25JUL25-95000-P,105813.44,sell,0.5,0.5,,,,,,1749999199.364
595,371552620,1750021353274,0,0.02,0.01951355,44.62,BTC-25JUL25-95000-P,104764.22,buy,0.1,0.1,,,,,,1750021353.274
596,371555514,1750023312676,2,0.0195,0.01942983,43.99,BTC-25JUL25-95000-P,104707.84,buy,0.1,0.1,,,,,,1750023312.676
597,371558745,1750025003494,2,0.019,0.01930183,43.85,BTC-25JUL25-95000-P,104878.84,sell,0.8,0.8,,,,,,1750025003.494
598,371558746,1750025003523,3,0.019,0.01930183,43.85,BTC-25JUL25-95000-P,104878.84,sell,0.1,0.1,,,,,,1750025003.523
599,371558747,1750025003536,3,0.019,0.01930183,43.85,BTC-25JUL25-95000-P,104878.84,sell,0.1,0.1,,,,,,1750025003.536
600,371558769,1750025003678,3,0.019,0.01930183,43.85,BTC-25JUL25-95000-P,104878.84,sell,0.1,0.1,,,,,,1750025003.678
601,371558771,1750025003687,3,0.019,0.01930183,43.85,BTC-25JUL25-95000-P,104878.84,sell,0.1,0.1,,,,,,1750025003.687
602,371558775,1750025005031,3,0.019,0.01922699,43.96,BTC-25JUL25-95000-P,104905.09,sell,0.1,0.1,,,,,,1750025005.031
603,371560227,1750025649751,3,0.019,0.01881805,44.53,BTC-25JUL25-95000-P,105143.81,buy,0.1,0.1,,,,,,1750025649.751
604,371561284,1750026534160,3,0.019,0.01887798,44.53,BTC-25JUL25-95000-P,105145.18,buy,0.1,0.1,,,,,,1750026534.16
605,371561285,1750026534160,3,0.019,0.01887798,44.53,BTC-25JUL25-95000-P,105145.18,buy,0.7,0.7,,,,,,1750026534.16
606,371561342,1750026555552,3,0.019,0.01895982,44.49,BTC-25JUL25-95000-P,105123.13,buy,0.4,0.4,,,,,,1750026555.552
607,371561890,1750027345415,3,0.019,0.01897385,44.49,BTC-25JUL25-95000-P,105119.68,buy,0.1,0.1,,,,,,1750027345.415
608,371563339,1750028760946,2,0.0185,0.01836232,44.62,BTC-25JUL25-95000-P,105372.53,sell,0.5,0.5,,,,,,1750028760.946
609,371575846,1750042265241,2,0.016,0.01642993,43.11,BTC-25JUL25-95000-P,105856.09,sell,0.5,0.5,,,,,,1750042265.241
610,371577389,1750046142318,3,0.016,0.015919,43.34,BTC-25JUL25-95000-P,105942.67,sell,0.2,0.2,,,,,,1750046142.318
611,371578246,1750047689179,3,0.016,0.01590197,43.59,BTC-25JUL25-95000-P,106040.31,sell,0.1,0.1,,,,,,1750047689.179
612,371581554,1750048630366,2,0.0155,0.01544784,43.63,BTC-25JUL25-95000-P,106314.45,sell,0.5,0.5,,,,,,1750048630.366
613,371583684,1750050533528,3,0.0155,0.01508189,43.77,BTC-25JUL25-95000-P,106350.27,buy,0.1,0.1,,,,,,1750050533.528
614,371601847,1750064139329,2,0.0135,0.01335872,43.41,BTC-25JUL25-95000-P,107236.36,sell,0.1,0.1,,,,,,1750064139.329
615,371607730,1750070815271,3,0.0135,0.01364147,42.77,BTC-25JUL25-95000-P,106914.11,buy,0.1,0.1,,,,,,1750070815.271
616,371634888,1750084697803,2,0.013,0.01244895,43.95,BTC-25JUL25-95000-P,107764.45,buy,0.1,0.1,,,,,,1750084697.803
617,371635421,1750084838321,3,0.013,0.01244689,43.97,BTC-25JUL25-95000-P,107783.7,buy,0.1,0.1,,,,,,1750084838.321
618,371637162,1750085314290,3,0.013,0.0127757,43.65,BTC-25JUL25-95000-P,107617.84,buy,0.1,0.1,,,,,,1750085314.29
619,371637163,1750085314292,3,0.013,0.0127757,43.65,BTC-25JUL25-95000-P,107617.84,sell,0.3,0.3,,,,,,1750085314.292
620,371638450,1750085805478,3,0.013,0.01282007,43.64,BTC-25JUL25-95000-P,107631.37,buy,0.1,0.1,,,,,,1750085805.478
621,371664178,1750100774516,2,0.011,0.01088013,42.79,BTC-25JUL25-95000-P,108450.94,sell,0.1,0.1,,,,,,1750100774.516
622,371664389,1750100822122,3,0.011,0.0108815,42.82,BTC-25JUL25-95000-P,108468.26,sell,0.1,0.1,,,,,,1750100822.122
623,371670482,1750102359171,2,0.0105,0.01064961,42.65,BTC-25JUL25-95000-P,108708.39,sell,0.5,0.5,,,,,,1750102359.171
624,371670483,1750102359174,3,0.0105,0.01064961,42.65,BTC-25JUL25-95000-P,108708.39,buy,2.5,2.5,,,,,,1750102359.174
625,371738867,1750129264229,0,0.0125,0.012452,43.13,BTC-25JUL25-95000-P,107504.1,buy,0.3,0.3,,,,,,1750129264.229
626,371776959,1750156606828,0,0.015,0.01485888,42.96,BTC-25JUL25-95000-P,105970.62,buy,0.1,0.1,,,,,,1750156606.828
627,371779774,1750157519085,0,0.0155,0.01511846,43.43,BTC-25JUL25-95000-P,105909.05,buy,0.4,0.4,,,,,,1750157519.085
628,371803257,1750168658530,1,0.0155,0.01573211,42.37,BTC-25JUL25-95000-P,105381.25,sell,0.1,0.1,,,,,,1750168658.53
629,371815395,1750172578562,0,0.017,0.01673833,42.82,BTC-25JUL25-95000-P,104807.26,buy,0.1,0.1,,,,,,1750172578.562
630,371819446,1750173280673,1,0.017,0.01697501,42.78,BTC-25JUL25-95000-P,104786.04,sell,0.1,0.1,,,,,,1750173280.673
631,371829599,1750175198621,0,0.0175,0.01746544,42.72,BTC-25JUL25-95000-P,104564.5,sell,0.1,0.1,,,,,,1750175198.621
632,371831159,1750175619559,0,0.018,0.01794844,42.74,BTC-25JUL25-95000-P,104358.44,buy,0.1,0.1,,,,,,1750175619.559
633,371831160,1750175619559,1,0.018,0.01794844,42.74,BTC-25JUL25-95000-P,104358.44,buy,0.1,0.1,,,,,,1750175619.559
634,371851430,1750179208235,0,0.02,0.01967916,43.16,BTC-25JUL25-95000-P,103636.07,buy,0.1,0.1,,,,,,1750179208.235
635,371851431,1750179208237,1,0.02,0.01967916,43.16,BTC-25JUL25-95000-P,103636.07,sell,9.9,9.9,,,,,,1750179208.237
636,371854890,1750179557055,0,0.0205,0.02022141,43.42,BTC-25JUL25-95000-P,103570.94,buy,0.1,0.1,,,,,,1750179557.055
637,371858063,1750179868605,2,0.02,0.02029401,43.02,BTC-25JUL25-95000-P,103602.85,sell,5.0,5.0,,,,,,1750179868.605
640,371858066,1750179868605,3,0.02,0.02029401,43.02,BTC-25JUL25-95000-P,103602.85,sell,6.7,6.7,,,,,,1750179868.605
639,371858065,1750179868605,3,0.02,0.02029401,43.02,BTC-25JUL25-95000-P,103602.85,sell,0.4,0.4,,,,,,1750179868.605
638,371858064,1750179868605,3,0.02,0.02029401,43.02,BTC-25JUL25-95000-P,103602.85,sell,0.4,0.4,,,,,,1750179868.605
642,371859125,1750179974738,1,0.021,0.02076432,43.57,BTC-25JUL25-95000-P,103417.11,buy,1.9,1.9,,,,,,1750179974.738
641,371859124,1750179974738,0,0.021,0.02076432,43.57,BTC-25JUL25-95000-P,103417.11,buy,0.1,0.1,,,,,,1750179974.738
643,371859178,1750179981031,1,0.021,0.02075534,43.6,BTC-25JUL25-95000-P,103428.35,sell,1.6,1.6,,,,,,1750179981.031
646,371859200,1750179984269,1,0.0215,0.02080313,44.07,BTC-25JUL25-95000-P,103416.11,buy,25.0,25.0,,,,,,1750179984.269
645,371859199,1750179984269,1,0.0215,0.02080313,44.07,BTC-25JUL25-95000-P,103416.11,buy,0.6,0.6,,,,,,1750179984.269
644,371859198,1750179984269,0,0.0215,0.02080313,44.07,BTC-25JUL25-95000-P,103416.11,buy,0.6,0.6,,,,,,1750179984.269
647,371859201,1750179984269,1,0.0215,0.02080313,44.07,BTC-25JUL25-95000-P,103416.11,buy,0.2,0.2,,,,,,1750179984.269
649,371916534,1750208535025,3,0.0165,0.01687632,42.52,BTC-25JUL25-95000-P,104840.53,sell,0.1,0.1,,,,,,1750208535.025
648,371916533,1750208535025,2,0.0165,0.01687632,42.52,BTC-25JUL25-95000-P,104840.53,sell,0.4,0.4,,,,,,1750208535.025
650,371917440,1750209260952,3,0.0165,0.01659004,42.77,BTC-25JUL25-95000-P,104964.61,buy,0.1,0.1,,,,,,1750209260.952
651,371917518,1750209366081,3,0.0165,0.01652228,42.91,BTC-25JUL25-95000-P,105019.98,sell,0.1,0.1,,,,,,1750209366.081
652,371923607,1750216847678,2,0.016,0.01630903,42.59,BTC-25JUL25-95000-P,105113.52,sell,0.1,0.1,,,,,,1750216847.678
653,371923608,1750216847678,3,0.016,0.01630903,42.59,BTC-25JUL25-95000-P,105113.52,sell,9.9,9.9,,,,,,1750216847.678
654,371956408,1750241880643,0,0.0165,0.01644615,42.49,BTC-25JUL25-95000-P,104772.15,sell,0.6,0.6,,,,,,1750241880.643
655,371956754,1750242105395,1,0.0165,0.01647543,42.33,BTC-25JUL25-95000-P,104726.34,buy,0.4,0.4,,,,,,1750242105.395
656,371956760,1750242105412,1,0.0165,0.01647543,42.33,BTC-25JUL25-95000-P,104726.34,buy,0.4,0.4,,,,,,1750242105.412
657,371956763,1750242105489,1,0.0165,0.01647543,42.33,BTC-25JUL25-95000-P,104726.34,buy,0.3,0.3,,,,,,1750242105.489
658,371956765,1750242105541,1,0.0165,0.01647543,42.33,BTC-25JUL25-95000-P,104726.34,buy,0.3,0.3,,,,,,1750242105.541
659,371956766,1750242105549,1,0.0165,0.01647543,42.33,BTC-25JUL25-95000-P,104726.34,buy,1.4,1.4,,,,,,1750242105.549
660,371956844,1750242126199,1,0.0165,0.01660257,42.16,BTC-25JUL25-95000-P,104653.76,buy,0.3,0.3,,,,,,1750242126.199
661,371956845,1750242126212,1,0.0165,0.01660257,42.16,BTC-25JUL25-95000-P,104653.76,buy,0.1,0.1,,,,,,1750242126.212
662,371956846,1750242126217,1,0.0165,0.01660257,42.16,BTC-25JUL25-95000-P,104653.76,buy,0.2,0.2,,,,,,1750242126.217
663,371957430,1750242513507,0,0.017,0.01695094,42.41,BTC-25JUL25-95000-P,104528.6,buy,0.1,0.1,,,,,,1750242513.507
664,371959453,1750243953315,0,0.0175,0.01725825,42.57,BTC-25JUL25-95000-P,104373.93,buy,0.1,0.1,,,,,,1750243953.315
665,371962647,1750245435782,1,0.0175,0.01724005,42.64,BTC-25JUL25-95000-P,104391.48,buy,0.1,0.1,,,,,,1750245435.782
666,371962964,1750245628519,0,0.018,0.01742629,43.04,BTC-25JUL25-95000-P,104337.47,buy,0.1,0.1,,,,,,1750245628.519
667,371962990,1750245638692,2,0.0175,0.01738185,42.55,BTC-25JUL25-95000-P,104353.65,buy,0.2,0.2,,,,,,1750245638.692
668,371963004,1750245655146,3,0.0175,0.01735902,42.59,BTC-25JUL25-95000-P,104368.36,buy,0.1,0.1,,,,,,1750245655.146
669,371965118,1750247029974,2,0.017,0.01682468,42.62,BTC-25JUL25-95000-P,104591.67,sell,0.2,0.2,,,,,,1750247029.974
670,371966790,1750247861532,2,0.0165,0.01646043,42.6,BTC-25JUL25-95000-P,104848.0,buy,0.1,0.1,,,,,,1750247861.532
671,371970312,1750249856034,3,0.0165,0.0166216,42.23,BTC-25JUL25-95000-P,104683.84,buy,1.0,1.0,,,,,,1750249856.034
672,371974356,1750252305207,0,0.018,0.0175307,42.9,BTC-25JUL25-95000-P,104268.1,buy,0.2,0.2,,,,,,1750252305.207
673,371991996,1750255666725,2,0.0165,0.0165497,42.63,BTC-25JUL25-95000-P,104823.92,sell,0.1,0.1,,,,,,1750255666.725
674,371994571,1750255992485,2,0.016,0.01606133,42.52,BTC-25JUL25-95000-P,105009.09,sell,0.1,0.1,,,,,,1750255992.485
675,372008719,1750260368172,0,0.0165,0.01634981,42.41,BTC-25JUL25-95000-P,104755.11,sell,0.1,0.1,,,,,,1750260368.172
676,372034830,1750271708329,2,0.016,0.01580221,41.57,BTC-25JUL25-95000-P,104541.42,buy,0.1,0.1,,,,,,1750271708.329
677,372041845,1750273501226,0,0.017,0.0169956,41.25,BTC-25JUL25-95000-P,103944.13,sell,0.1,0.1,,,,,,1750273501.226
678,372050927,1750275928407,2,0.0165,0.01648631,41.14,BTC-25JUL25-95000-P,104148.8,buy,0.1,0.1,,,,,,1750275928.407
679,372062010,1750280563696,2,0.0155,0.01544981,41.52,BTC-25JUL25-95000-P,104793.08,buy,0.1,0.1,,,,,,1750280563.696
680,372065573,1750281450038,0,0.016,0.01599658,41.41,BTC-25JUL25-95000-P,104529.66,buy,0.1,0.1,,,,,,1750281450.038
681,372070496,1750284143879,2,0.015,0.0148727,41.69,BTC-25JUL25-95000-P,105121.92,buy,0.1,0.1,,,,,,1750284143.879
682,372071274,1750284486844,3,0.015,0.01499611,41.59,BTC-25JUL25-95000-P,105086.98,buy,0.1,0.1,,,,,,1750284486.844
683,372073865,1750288385809,3,0.015,0.01509226,41.4,BTC-25JUL25-95000-P,104969.59,sell,1.3,1.3,,,,,,1750288385.809
684,372073902,1750288426615,3,0.015,0.01508325,41.38,BTC-25JUL25-95000-P,104952.95,buy,4.7,4.7,,,,,,1750288426.615
685,372081023,1750294264511,3,0.015,0.01490586,41.81,BTC-25JUL25-95000-P,105157.86,buy,1.0,1.0,,,,,,1750294264.511
686,372091969,1750301297734,0,0.0155,0.01562871,41.96,BTC-25JUL25-95000-P,104959.08,sell,0.5,0.5,,,,,,1750301297.734
687,372091998,1750301379345,1,0.0155,0.01565795,41.91,BTC-25JUL25-95000-P,104941.54,sell,0.3,0.3,,,,,,1750301379.345
688,372091999,1750301379353,1,0.0155,0.01565795,41.91,BTC-25JUL25-95000-P,104941.54,sell,0.1,0.1,,,,,,1750301379.353
689,372097533,1750307154073,2,0.015,0.01547219,41.26,BTC-25JUL25-95000-P,104882.09,sell,0.2,0.2,,,,,,1750307154.073
690,372101175,1750310555277,3,0.015,0.01505102,41.89,BTC-25JUL25-95000-P,105142.57,buy,0.6,0.6,,,,,,1750310555.277
691,372101177,1750310555315,3,0.015,0.01505102,41.89,BTC-25JUL25-95000-P,105142.57,buy,0.3,0.3,,,,,,1750310555.315
692,372101316,1750310896788,3,0.015,0.01500387,41.76,BTC-25JUL25-95000-P,105104.49,buy,0.2,0.2,,,,,,1750310896.788
693,372101329,1750310897742,3,0.015,0.0150034,41.75,BTC-25JUL25-95000-P,105103.88,buy,12.7,12.7,,,,,,1750310897.742
694,372101330,1750310897900,3,0.015,0.0150034,41.75,BTC-25JUL25-95000-P,105103.88,buy,0.4,0.4,,,,,,1750310897.9
695,372101331,1750310898203,3,0.015,0.0150034,41.75,BTC-25JUL25-95000-P,105103.88,buy,0.3,0.3,,,,,,1750310898.203
696,372101332,1750310898500,3,0.015,0.01500691,41.71,BTC-25JUL25-95000-P,105088.67,buy,0.1,0.1,,,,,,1750310898.5
697,372101417,1750311039277,3,0.015,0.01500548,41.67,BTC-25JUL25-95000-P,105063.96,buy,3.5,3.5,,,,,,1750311039.277
698,372101667,1750311494484,3,0.015,0.0148612,41.68,BTC-25JUL25-95000-P,105049.62,buy,0.2,0.2,,,,,,1750311494.484
699,372101668,1750311495805,3,0.015,0.01486302,41.67,BTC-25JUL25-95000-P,105040.51,buy,0.1,0.1,,,,,,1750311495.805
700,372101814,1750311716387,3,0.015,0.01489315,41.56,BTC-25JUL25-95000-P,105003.74,buy,6.6,6.6,,,,,,1750311716.387
701,372103804,1750313813986,0,0.0154,0.01555076,41.5,BTC-25JUL25-95000-P,104769.81,sell,13.0,13.0,,BTC-PS-25JUL25-100000_95000,2.0,BLOCK-205982,6564.0,1750313813.986
702,372104090,1750314022946,0,0.0159,0.01561765,41.95,BTC-25JUL25-95000-P,104722.01,buy,13.0,13.0,,BTC-PS-25JUL25-100000_95000,2.0,BLOCK-205984,6565.0,1750314022.946
703,372177884,1750369143934,0,0.0165,0.01629484,41.99,BTC-25JUL25-95000-P,104327.98,buy,0.1,0.1,,,,,,1750369143.934
704,372194763,1750384480864,2,0.015,0.0153728,41.48,BTC-25JUL25-95000-P,104754.61,sell,0.2,0.2,,,,,,1750384480.864
705,372202939,1750390659095,3,0.015,0.01544098,41.38,BTC-25JUL25-95000-P,104667.2,sell,1.0,1.0,,,,,,1750390659.095
708,372203077,1750390955663,1,0.016,0.01553347,42.49,BTC-25JUL25-95000-P,104653.98,buy,0.6,0.6,,,,,,1750390955.663
710,372203079,1750390955663,1,0.016,0.01553347,42.49,BTC-25JUL25-95000-P,104653.98,buy,16.6,16.6,,,,,,1750390955.663
709,372203078,1750390955663,1,0.016,0.01553347,42.49,BTC-25JUL25-95000-P,104653.98,buy,0.6,0.6,,,,,,1750390955.663
706,372203075,1750390955663,0,0.016,0.01553347,42.49,BTC-25JUL25-95000-P,104653.98,buy,19.5,19.5,,,,,,1750390955.663
707,372203076,1750390955663,1,0.016,0.01553347,42.49,BTC-25JUL25-95000-P,104653.98,buy,12.7,12.7,,,,,,1750390955.663
711,372218021,1750400853662,0,0.0165,0.0158382,43.12,BTC-25JUL25-95000-P,104741.54,buy,0.1,0.1,,,,,,1750400853.662
712,372232134,1750405867619,2,0.0145,0.0144633,42.99,BTC-25JUL25-95000-P,105673.08,sell,0.1,0.1,,,,,,1750405867.619
713,372244667,1750408601143,2,0.0135,0.01331457,43.73,BTC-25JUL25-95000-P,106478.08,buy,0.1,0.1,,,,,,1750408601.143
714,372256271,1750413939715,2,0.013,0.01351261,42.11,BTC-25JUL25-95000-P,105988.91,sell,0.3,0.3,,,,,,1750413939.715
715,372293240,1750431010080,0,0.015,0.01506566,41.31,BTC-25JUL25-95000-P,104480.43,buy,0.2,0.2,,,,,,1750431010.08
716,372302358,1750431763814,0,0.0165,0.01600136,41.9,BTC-25JUL25-95000-P,104088.93,buy,4.5,4.5,,,,,,1750431763.814
717,372302359,1750431763927,1,0.0165,0.01600136,41.9,BTC-25JUL25-95000-P,104088.93,buy,3.3,3.3,,,,,,1750431763.927
718,372302360,1750431764038,1,0.0165,0.01600136,41.9,BTC-25JUL25-95000-P,104088.93,buy,0.2,0.2,,,,,,1750431764.038
720,372302362,1750431764150,1,0.0165,0.01600136,41.9,BTC-25JUL25-95000-P,104088.93,buy,0.3,0.3,,,,,,1750431764.15
719,372302361,1750431764150,1,0.0165,0.01600136,41.9,BTC-25JUL25-95000-P,104088.93,buy,1.0,1.0,,,,,,1750431764.15
721,372302363,1750431764259,1,0.0165,0.0160052,41.87,BTC-25JUL25-95000-P,104074.79,buy,2.1,2.1,,,,,,1750431764.259
722,372302364,1750431764348,1,0.0165,0.0160052,41.87,BTC-25JUL25-95000-P,104074.79,buy,0.1,0.1,,,,,,1750431764.348
723,372302365,1750431764447,1,0.0165,0.0160052,41.87,BTC-25JUL25-95000-P,104074.79,buy,0.2,0.2,,,,,,1750431764.447
724,372302366,1750431764547,1,0.0165,0.0160052,41.87,BTC-25JUL25-95000-P,104074.79,buy,0.4,0.4,,,,,,1750431764.547
725,372302368,1750431764644,1,0.0165,0.0160052,41.87,BTC-25JUL25-95000-P,104074.79,buy,1.0,1.0,,,,,,1750431764.644
726,372302369,1750431764777,1,0.0165,0.0160052,41.87,BTC-25JUL25-95000-P,104074.79,buy,0.1,0.1,,,,,,1750431764.777
728,372302371,1750431764996,1,0.0165,0.0160052,41.87,BTC-25JUL25-95000-P,104074.79,buy,0.6,0.6,,,,,,1750431764.996
727,372302370,1750431764996,1,0.0165,0.0160052,41.87,BTC-25JUL25-95000-P,104074.79,buy,1.8,1.8,,,,,,1750431764.996
729,372302372,1750431765116,1,0.0165,0.0160052,41.87,BTC-25JUL25-95000-P,104074.79,buy,0.7,0.7,,,,,,1750431765.116
730,372302373,1750431765229,1,0.0165,0.01605216,41.86,BTC-25JUL25-95000-P,104072.3,buy,0.2,0.2,,,,,,1750431765.229
731,372302374,1750431765321,1,0.0165,0.01605216,41.86,BTC-25JUL25-95000-P,104072.3,buy,0.1,0.1,,,,,,1750431765.321
732,372302375,1750431765435,1,0.0165,0.01605216,41.86,BTC-25JUL25-95000-P,104072.3,buy,0.1,0.1,,,,,,1750431765.435
733,372302376,1750431765552,1,0.0165,0.01605216,41.86,BTC-25JUL25-95000-P,104072.3,buy,0.1,0.1,,,,,,1750431765.552
734,372302377,1750431765654,1,0.0165,0.01605216,41.86,BTC-25JUL25-95000-P,104072.3,buy,0.4,0.4,,,,,,1750431765.654
735,372302379,1750431765771,1,0.0165,0.01605216,41.86,BTC-25JUL25-95000-P,104072.3,buy,0.2,0.2,,,,,,1750431765.771
736,372302380,1750431765867,1,0.0165,0.01605216,41.86,BTC-25JUL25-95000-P,104072.3,buy,1.8,1.8,,,,,,1750431765.867
738,372302382,1750431765988,1,0.0165,0.01605216,41.86,BTC-25JUL25-95000-P,104072.3,buy,10.9,10.9,,,,,,1750431765.988
737,372302381,1750431765988,1,0.0165,0.01605216,41.86,BTC-25JUL25-95000-P,104072.3,buy,20.8,20.8,,,,,,1750431765.988
739,372302383,1750431766135,1,0.0165,0.01605216,41.86,BTC-25JUL25-95000-P,104072.3,buy,0.9,0.9,,,,,,1750431766.135
740,372302387,1750431766241,1,0.0165,0.01608348,41.87,BTC-25JUL25-95000-P,104074.46,buy,0.4,0.4,,,,,,1750431766.241
741,372302391,1750431766362,1,0.0165,0.01608348,41.87,BTC-25JUL25-95000-P,104074.46,buy,10.1,10.1,,,,,,1750431766.362
742,372302392,1750431766469,1,0.0165,0.01608348,41.87,BTC-25JUL25-95000-P,104074.46,buy,1.2,1.2,,,,,,1750431766.469
743,372317086,1750435825413,2,0.0155,0.01534804,40.83,BTC-25JUL25-95000-P,104109.7,buy,0.1,0.1,,,,,,1750435825.413
744,372317087,1750435825413,3,0.0155,0.01534804,40.83,BTC-25JUL25-95000-P,104109.7,buy,0.7,0.7,,,,,,1750435825.413
745,372320848,1750436912399,0,0.016,0.01562418,41.42,BTC-25JUL25-95000-P,104163.75,buy,5.0,5.0,,,,,,1750436912.399
746,372320849,1750436912423,1,0.016,0.01562418,41.42,BTC-25JUL25-95000-P,104163.75,buy,1.6,1.6,,,,,,1750436912.423
747,372320850,1750436912423,1,0.016,0.01562418,41.42,BTC-25JUL25-95000-P,104163.75,buy,0.1,0.1,,,,,,1750436912.423
748,372323333,1750437803328,0,0.017,0.01671659,41.74,BTC-25JUL25-95000-P,103868.6,buy,0.1,0.1,,,,,,1750437803.328
749,372325801,1750438346256,0,0.0175,0.01726326,41.96,BTC-25JUL25-95000-P,103727.99,buy,0.1,0.1,,,,,,1750438346.256
750,372325802,1750438346259,1,0.0175,0.01726326,41.96,BTC-25JUL25-95000-P,103727.99,sell,12.2,12.2,,,,,,1750438346.259
751,372341905,1750441256019,0,0.021,0.02080994,42.39,BTC-25JUL25-95000-P,102459.22,buy,0.1,0.1,,,,,,1750441256.019
752,372343426,1750441740416,2,0.02,0.01977315,42.6,BTC-25JUL25-95000-P,102923.48,buy,0.1,0.1,,,,,,1750441740.416
753,372346894,1750443092405,2,0.019,0.01898617,42.55,BTC-25JUL25-95000-P,103298.23,sell,0.3,0.3,,,,,,1750443092.405
754,372346895,1750443092410,3,0.019,0.01898617,42.55,BTC-25JUL25-95000-P,103298.23,sell,0.3,0.3,,,,,,1750443092.41
755,372346896,1750443092414,3,0.019,0.01898617,42.55,BTC-25JUL25-95000-P,103298.23,sell,0.3,0.3,,,,,,1750443092.414
756,372346917,1750443094642,3,0.019,0.01894013,42.6,BTC-25JUL25-95000-P,103319.62,sell,0.1,0.1,,,,,,1750443094.642
758,372350269,1750445012182,3,0.019,0.01883617,42.39,BTC-25JUL25-95000-P,103210.39,buy,1.3,1.3,,,,,,1750445012.182
757,372350268,1750445012182,3,0.019,0.01883617,42.39,BTC-25JUL25-95000-P,103210.39,buy,0.1,0.1,,,,,,1750445012.182
759,372362252,1750453109640,2,0.0175,0.01731874,42.1,BTC-25JUL25-95000-P,103733.29,buy,0.1,0.1,,,,,,1750453109.64
760,372382504,1750475165707,3,0.0175,0.01817279,41.76,BTC-25JUL25-95000-P,103583.9,sell,0.1,0.1,,,,,,1750475165.707
761,372387477,1750481231644,3,0.0175,0.01805075,41.24,BTC-25JUL25-95000-P,103395.71,sell,12.1,12.1,,,,,,1750481231.644
763,372387479,1750481231644,3,0.0175,0.01805075,41.24,BTC-25JUL25-95000-P,103395.71,sell,0.6,0.6,,,,,,1750481231.644
762,372387478,1750481231644,3,0.0175,0.01805075,41.24,BTC-25JUL25-95000-P,103395.71,sell,0.5,0.5,,,,,,1750481231.644
770,372387567,1750481337995,3,0.017,0.0179643,40.68,BTC-25JUL25-95000-P,103392.95,sell,2.1,2.1,,,,,,1750481337.995
766,372387563,1750481337995,3,0.017,0.0179643,40.68,BTC-25JUL25-95000-P,103392.95,sell,0.4,0.4,,,,,,1750481337.995
771,372387568,1750481337995,3,0.017,0.0179643,40.68,BTC-25JUL25-95000-P,103392.95,sell,0.3,0.3,,,,,,1750481337.995
769,372387566,1750481337995,3,0.017,0.0179643,40.68,BTC-25JUL25-95000-P,103392.95,sell,0.6,0.6,,,,,,1750481337.995
768,372387565,1750481337995,3,0.017,0.0179643,40.68,BTC-25JUL25-95000-P,103392.95,sell,5.0,5.0,,,,,,1750481337.995
765,372387562,1750481337995,3,0.017,0.0179643,40.68,BTC-25JUL25-95000-P,103392.95,sell,11.0,11.0,,,,,,1750481337.995
764,372387561,1750481337995,2,0.017,0.0179643,40.68,BTC-25JUL25-95000-P,103392.95,sell,0.6,0.6,,,,,,1750481337.995
767,372387564,1750481337995,3,0.017,0.0179643,40.68,BTC-25JUL25-95000-P,103392.95,sell,1.6,1.6,,,,,,1750481337.995
772,372387575,1750481339247,3,0.017,0.01796323,40.68,BTC-25JUL25-95000-P,103391.36,sell,4.7,4.7,,,,,,1750481339.247
773,372387576,1750481339247,3,0.017,0.01796323,40.68,BTC-25JUL25-95000-P,103391.36,sell,0.6,0.6,,,,,,1750481339.247
775,372387809,1750481598646,3,0.017,0.01753572,40.65,BTC-25JUL25-95000-P,103368.94,sell,6.5,6.5,,,,,,1750481598.646
774,372387808,1750481598646,3,0.017,0.01753572,40.65,BTC-25JUL25-95000-P,103368.94,sell,18.5,18.5,,,,,,1750481598.646
777,372389859,1750484589865,1,0.0175,0.01712629,41.41,BTC-25JUL25-95000-P,103426.91,buy,0.1,0.1,,,,,,1750484589.865
776,372389858,1750484589865,0,0.0175,0.01712629,41.41,BTC-25JUL25-95000-P,103426.91,buy,1.6,1.6,,,,,,1750484589.865
778,372389901,1750484615787,2,0.017,0.01716985,40.84,BTC-25JUL25-95000-P,103417.19,sell,1.6,1.6,,,,,,1750484615.787
780,372389903,1750484615787,3,0.017,0.01716985,40.84,BTC-25JUL25-95000-P,103417.19,sell,0.6,0.6,,,,,,1750484615.787
779,372389902,1750484615787,3,0.017,0.01716985,40.84,BTC-25JUL25-95000-P,103417.19,sell,1.0,1.0,,,,,,1750484615.787
781,372389904,1750484615787,3,0.017,0.01716985,40.84,BTC-25JUL25-95000-P,103417.19,sell,3.5,3.5,,,,,,1750484615.787
783,372389907,1750484616537,3,0.017,0.01717628,40.84,BTC-25JUL25-95000-P,103417.19,sell,0.1,0.1,,,,,,1750484616.537
782,372389906,1750484616537,3,0.017,0.01717628,40.84,BTC-25JUL25-95000-P,103417.19,sell,1.4,1.4,,,,,,1750484616.537
784,372389908,1750484616537,3,0.017,0.01717628,40.84,BTC-25JUL25-95000-P,103417.19,sell,0.4,0.4,,,,,,1750484616.537
785,372389929,1750484621939,3,0.017,0.01717823,40.84,BTC-25JUL25-95000-P,103417.05,sell,0.6,0.6,,,,,,1750484621.939
786,372389930,1750484621939,3,0.017,0.01717823,40.84,BTC-25JUL25-95000-P,103417.05,sell,1.1,1.1,,,,,,1750484621.939
787,372389931,1750484621949,3,0.017,0.01717823,40.84,BTC-25JUL25-95000-P,103417.05,sell,0.5,0.5,,,,,,1750484621.949
788,372389934,1750484625008,3,0.017,0.01717966,40.84,BTC-25JUL25-95000-P,103417.09,sell,0.4,0.4,,,,,,1750484625.008
789,372389935,1750484625017,3,0.017,0.01717966,40.84,BTC-25JUL25-95000-P,103417.09,sell,0.2,0.2,,,,,,1750484625.017
791,372389941,1750484628079,3,0.017,0.01718059,40.84,BTC-25JUL25-95000-P,103417.05,sell,0.2,0.2,,,,,,1750484628.079
790,372389940,1750484628079,3,0.017,0.01718059,40.84,BTC-25JUL25-95000-P,103417.05,sell,1.6,1.6,,,,,,1750484628.079
793,372389943,1750484628085,3,0.017,0.01718059,40.84,BTC-25JUL25-95000-P,103417.05,sell,0.1,0.1,,,,,,1750484628.085
792,372389942,1750484628085,3,0.017,0.01718059,40.84,BTC-25JUL25-95000-P,103417.05,sell,0.4,0.4,,,,,,1750484628.085
794,372389965,1750484646959,3,0.017,0.0171858,40.84,BTC-25JUL25-95000-P,103415.26,sell,1.2,1.2,,,,,,1750484646.959
795,372389966,1750484646965,3,0.017,0.0171858,40.84,BTC-25JUL25-95000-P,103415.26,sell,0.4,0.4,,,,,,1750484646.965
796,372390048,1750484749210,3,0.017,0.01720057,40.83,BTC-25JUL25-95000-P,103412.41,sell,0.1,0.1,,,,,,1750484749.21
797,372394448,1750490149838,0,0.0175,0.01734072,41.46,BTC-25JUL25-95000-P,103408.32,buy,0.6,0.6,,,,,,1750490149.838
798,372394622,1750490210273,1,0.0175,0.01735291,41.47,BTC-25JUL25-95000-P,103405.93,buy,0.1,0.1,,,,,,1750490210.273
799,372394633,1750490222205,1,0.0175,0.01728454,41.54,BTC-25JUL25-95000-P,103427.87,buy,0.6,0.6,,,,,,1750490222.205
801,372401706,1750495517009,3,0.017,0.01684217,41.58,BTC-25JUL25-95000-P,103626.91,buy,0.7,0.7,,,,,,1750495517.009
800,372401705,1750495517009,2,0.017,0.01684217,41.58,BTC-25JUL25-95000-P,103626.91,buy,0.1,0.1,,,,,,1750495517.009
802,372401707,1750495517013,3,0.017,0.01684217,41.58,BTC-25JUL25-95000-P,103626.91,sell,11.7,11.7,,,,,,1750495517.013
803,372405300,1750497633179,2,0.0165,0.01649095,41.37,BTC-25JUL25-95000-P,103758.61,buy,1.0,1.0,,,,,,1750497633.179
804,372424765,1750517175242,2,0.016,0.01660636,40.39,BTC-25JUL25-95000-P,103545.57,sell,0.2,0.2,,,,,,1750517175.242
805,372442034,1750532455075,0,0.0185,0.01836562,40.92,BTC-25JUL25-95000-P,102664.91,sell,0.5,0.5,,,,,,1750532455.075
806,372446638,1750534302810,0,0.019,0.01898587,41.08,BTC-25JUL25-95000-P,102529.6,buy,0.3,0.3,,,,,,1750534302.81
807,372446639,1750534302815,1,0.019,0.01898587,41.08,BTC-25JUL25-95000-P,102529.6,buy,0.1,0.1,,,,,,1750534302.815
808,372447999,1750534897533,0,0.0195,0.01946082,41.07,BTC-25JUL25-95000-P,102349.29,buy,0.3,0.3,,,,,,1750534897.533
809,372448000,1750534897548,1,0.0195,0.01946082,41.07,BTC-25JUL25-95000-P,102349.29,buy,0.5,0.5,,,,,,1750534897.548
810,372448001,1750534897559,1,0.0195,0.01946082,41.07,BTC-25JUL25-95000-P,102349.29,buy,0.2,0.2,,,,,,1750534897.559
811,372448002,1750534897625,1,0.0195,0.01946082,41.07,BTC-25JUL25-95000-P,102349.29,buy,0.1,0.1,,,,,,1750534897.625
812,372448006,1750534897705,1,0.0195,0.01946082,41.07,BTC-25JUL25-95000-P,102349.29,buy,0.3,0.3,,,,,,1750534897.705
813,372448011,1750534897835,1,0.0195,0.0194769,41.06,BTC-25JUL25-95000-P,102344.25,buy,0.1,0.1,,,,,,1750534897.835
814,372448015,1750534898161,1,0.0195,0.0194769,41.06,BTC-25JUL25-95000-P,102344.25,buy,1.0,1.0,,,,,,1750534898.161
815,372452489,1750536756609,2,0.019,0.01942459,40.83,BTC-25JUL25-95000-P,102440.46,sell,0.1,0.1,,,,,,1750536756.609
816,372452491,1750536756858,3,0.019,0.01942224,40.83,BTC-25JUL25-95000-P,102439.48,sell,0.1,0.1,,,,,,1750536756.858
817,372452493,1750536757199,3,0.019,0.01942224,40.83,BTC-25JUL25-95000-P,102439.48,sell,0.2,0.2,,,,,,1750536757.199
818,372452494,1750536757199,3,0.019,0.01942224,40.83,BTC-25JUL25-95000-P,102439.48,sell,0.7,0.7,,,,,,1750536757.199
820,372460916,1750541073589,1,0.02,0.02001135,41.71,BTC-25JUL25-95000-P,102375.78,buy,4.0,4.0,,,,,,1750541073.589
819,372460915,1750541073589,0,0.02,0.02001135,41.71,BTC-25JUL25-95000-P,102375.78,buy,8.0,8.0,,,,,,1750541073.589
821,372462808,1750541094856,0,0.0215,0.02153226,41.56,BTC-25JUL25-95000-P,101793.74,buy,0.1,0.1,,,,,,1750541094.856
822,372468334,1750541495176,0,0.022,0.02221058,41.51,BTC-25JUL25-95000-P,101591.26,buy,0.1,0.1,,,,,,1750541495.176
824,372474165,1750541830676,1,0.023,0.0228064,42.16,BTC-25JUL25-95000-P,101467.69,buy,0.1,0.1,,,,,,1750541830.676
823,372474164,1750541830676,0,0.023,0.0228064,42.16,BTC-25JUL25-95000-P,101467.69,buy,0.2,0.2,,,,,,1750541830.676
825,372474473,1750541853448,1,0.023,0.0230693,41.82,BTC-25JUL25-95000-P,101356.58,buy,0.5,0.5,,,,,,1750541853.448
826,372478314,1750542584907,2,0.022,0.02184973,42.17,BTC-25JUL25-95000-P,101792.69,sell,0.3,0.3,,,,,,1750542584.907
827,372479122,1750542941725,0,0.0225,0.02215402,42.47,BTC-25JUL25-95000-P,101719.31,buy,0.5,0.5,,,,,,1750542941.725
828,372483784,1750544094769,2,0.022,0.02196152,42.38,BTC-25JUL25-95000-P,101847.36,buy,0.2,0.2,,,,,,1750544094.769
829,372483890,1750544112232,3,0.022,0.02193106,42.38,BTC-25JUL25-95000-P,101849.66,buy,0.2,0.2,,,,,,1750544112.232
830,372490458,1750548636073,0,0.0225,0.02263338,41.59,BTC-25JUL25-95000-P,101410.54,buy,0.1,0.1,,,,,,1750548636.073
831,372491033,1750548842766,0,0.023,0.02300766,41.68,BTC-25JUL25-95000-P,101265.88,sell,0.2,0.2,,,,,,1750548842.766
832,372498215,1750550220864,2,0.0215,0.02126804,42.31,BTC-25JUL25-95000-P,101977.58,sell,0.2,0.2,,,,,,1750550220.864
833,372503833,1750551110271,3,0.0215,0.02133063,42.48,BTC-25JUL25-95000-P,102039.92,sell,0.1,0.1,,,,,,1750551110.271
840,372505968,1750551673031,3,0.0215,0.02057254,43.47,BTC-25JUL25-95000-P,102423.15,buy,28.4,28.4,,,,,,1750551673.031
835,372505963,1750551673031,3,0.0215,0.02057254,43.47,BTC-25JUL25-95000-P,102423.15,buy,0.6,0.6,,,,,,1750551673.031
837,372505965,1750551673031,3,0.0215,0.02057254,43.47,BTC-25JUL25-95000-P,102423.15,buy,0.5,0.5,,,,,,1750551673.031
836,372505964,1750551673031,3,0.0215,0.02057254,43.47,BTC-25JUL25-95000-P,102423.15,buy,0.5,0.5,,,,,,1750551673.031
838,372505966,1750551673031,3,0.0215,0.02057254,43.47,BTC-25JUL25-95000-P,102423.15,buy,0.7,0.7,,,,,,1750551673.031
839,372505967,1750551673031,3,0.0215,0.02057254,43.47,BTC-25JUL25-95000-P,102423.15,buy,1.6,1.6,,,,,,1750551673.031
834,372505962,1750551673031,3,0.0215,0.02057254,43.47,BTC-25JUL25-95000-P,102423.15,buy,17.7,17.7,,,,,,1750551673.031
841,372506034,1750551679791,3,0.0215,0.02058964,43.42,BTC-25JUL25-95000-P,102399.45,buy,6.0,6.0,,,,,,1750551679.791
843,372506036,1750551679791,3,0.0215,0.02058964,43.42,BTC-25JUL25-95000-P,102399.45,buy,0.4,0.4,,,,,,1750551679.791
842,372506035,1750551679791,3,0.0215,0.02058964,43.42,BTC-25JUL25-95000-P,102399.45,buy,0.4,0.4,,,,,,1750551679.791
844,372506037,1750551679795,3,0.0215,0.02058964,43.42,BTC-25JUL25-95000-P,102399.45,sell,0.8,0.8,,,,,,1750551679.795
845,372506038,1750551679799,3,0.0215,0.02058964,43.42,BTC-25JUL25-95000-P,102399.45,sell,3.4,3.4,,,,,,1750551679.799
846,372506039,1750551679800,3,0.0215,0.02058964,43.42,BTC-25JUL25-95000-P,102399.45,sell,3.9,3.9,,,,,,1750551679.8
847,372506040,1750551679858,3,0.0215,0.02058964,43.42,BTC-25JUL25-95000-P,102399.45,sell,0.1,0.1,,,,,,1750551679.858
848,372506044,1750551680053,3,0.0215,0.02058964,43.42,BTC-25JUL25-95000-P,102399.45,sell,0.1,0.1,,,,,,1750551680.053
849,372506045,1750551682889,3,0.0215,0.0206601,43.33,BTC-25JUL25-95000-P,102379.7,sell,0.1,0.1,,,,,,1750551682.889
850,372506046,1750551683507,3,0.0215,0.02067361,43.32,BTC-25JUL25-95000-P,102378.3,sell,0.1,0.1,,,,,,1750551683.507
851,372506048,1750551685908,3,0.0215,0.02071085,43.31,BTC-25JUL25-95000-P,102373.11,sell,0.1,0.1,,,,,,1750551685.908
852,372506049,1750551685913,3,0.0215,0.02071085,43.31,BTC-25JUL25-95000-P,102373.11,sell,1.3,1.3,,,,,,1750551685.913
853,372506052,1750551686502,3,0.0215,0.02072858,43.3,BTC-25JUL25-95000-P,102372.02,sell,0.1,0.1,,,,,,1750551686.502
854,372506056,1750551686605,3,0.0215,0.02072858,43.3,BTC-25JUL25-95000-P,102372.02,sell,0.1,0.1,,,,,,1750551686.605
855,372506069,1750551687066,3,0.0215,0.02072858,43.3,BTC-25JUL25-95000-P,102372.02,sell,0.1,0.1,,,,,,1750551687.066
856,372506084,1750551692405,3,0.0215,0.02074063,43.34,BTC-25JUL25-95000-P,102391.3,sell,0.1,0.1,,,,,,1750551692.405
857,372506116,1750551694499,3,0.0215,0.02078432,43.35,BTC-25JUL25-95000-P,102393.34,sell,9.0,9.0,,,,,,1750551694.499
858,372506122,1750551694536,3,0.0215,0.02078432,43.35,BTC-25JUL25-95000-P,102393.34,sell,0.1,0.1,,,,,,1750551694.536
859,372506127,1750551694558,3,0.0215,0.02078432,43.35,BTC-25JUL25-95000-P,102393.34,sell,0.1,0.1,,,,,,1750551694.558
860,372506128,1750551694609,3,0.0215,0.02078432,43.35,BTC-25JUL25-95000-P,102393.34,sell,15.0,15.0,,,,,,1750551694.609
861,372506129,1750551694623,3,0.0215,0.02078432,43.35,BTC-25JUL25-95000-P,102393.34,sell,2.6,2.6,,,,,,1750551694.623
862,372506130,1750551694633,3,0.0215,0.02078432,43.35,BTC-25JUL25-95000-P,102393.34,sell,0.1,0.1,,,,,,1750551694.633
863,372506131,1750551694637,3,0.0215,0.02078432,43.35,BTC-25JUL25-95000-P,102393.34,sell,0.3,0.3,,,,,,1750551694.637
864,372506132,1750551694641,3,0.0215,0.02078432,43.35,BTC-25JUL25-95000-P,102393.34,sell,5.7,5.7,,,,,,1750551694.641
865,372526588,1750560214391,2,0.021,0.02097968,42.47,BTC-25JUL25-95000-P,102234.41,sell,5.0,5.0,,,,,,1750560214.391
866,372529632,1750562538790,3,0.021,0.02097461,42.62,BTC-25JUL25-95000-P,102285.03,buy,0.1,0.1,,,,,,1750562538.79
867,372529633,1750562538829,3,0.021,0.02097461,42.62,BTC-25JUL25-95000-P,102285.03,sell,0.2,0.2,,,,,,1750562538.829
868,372529634,1750562538835,3,0.021,0.02097461,42.62,BTC-25JUL25-95000-P,102285.03,sell,0.3,0.3,,,,,,1750562538.835
869,372529635,1750562539593,3,0.021,0.02097059,42.64,BTC-25JUL25-95000-P,102286.34,sell,3.1,3.1,,,,,,1750562539.593
870,372529636,1750562540213,3,0.021,0.02097059,42.64,BTC-25JUL25-95000-P,102286.34,sell,0.3,0.3,,,,,,1750562540.213
871,372529637,1750562542591,3,0.021,0.02094398,42.65,BTC-25JUL25-95000-P,102286.71,sell,5.4,5.4,,,,,,1750562542.591
873,372534357,1750567178591,3,0.0205,0.02041357,42.88,BTC-25JUL25-95000-P,102560.73,buy,18.8,18.8,,,,,,1750567178.591
874,372534358,1750567178591,3,0.0205,0.02041357,42.88,BTC-25JUL25-95000-P,102560.73,buy,0.1,0.1,,,,,,1750567178.591
872,372534356,1750567178591,2,0.0205,0.02041357,42.88,BTC-25JUL25-95000-P,102560.73,buy,0.7,0.7,,,,,,1750567178.591
875,372534359,1750567178591,3,0.0205,0.02041357,42.88,BTC-25JUL25-95000-P,102560.73,buy,0.4,0.4,,,,,,1750567178.591
876,372542985,1750576515241,2,0.0195,0.01916272,42.36,BTC-25JUL25-95000-P,102719.04,buy,0.2,0.2,,,,,,1750576515.241
877,372559398,1750586621036,0,0.02,0.02022489,41.7,BTC-25JUL25-95000-P,102258.79,sell,0.2,0.2,,,,,,1750586621.036
878,372559585,1750586720421,1,0.02,0.02022423,41.67,BTC-25JUL25-95000-P,102238.06,sell,0.2,0.2,,,,,,1750586720.421
879,372574578,1750598007942,0,0.0205,0.02033632,42.43,BTC-25JUL25-95000-P,102323.19,buy,0.1,0.1,,,,,,1750598007.942
880,372576065,1750598434037,0,0.0215,0.02143278,42.39,BTC-25JUL25-95000-P,101946.33,buy,0.1,0.1,,,,,,1750598434.037
881,372582950,1750599051742,0,0.025,0.02455591,42.93,BTC-25JUL25-95000-P,100926.38,buy,0.2,0.2,,,,,,1750599051.742
882,372582956,1750599051775,1,0.025,0.02455591,42.93,BTC-25JUL25-95000-P,100926.38,buy,0.1,0.1,,,,,,1750599051.775
883,372592188,1750599789859,0,0.027,0.02622275,43.44,BTC-25JUL25-95000-P,100509.19,buy,0.1,0.1,,,,,,1750599789.859
884,372602325,1750600607558,2,0.0255,0.02575455,43.01,BTC-25JUL25-95000-P,100809.63,sell,0.1,0.1,,,,,,1750600607.558
885,372602326,1750600607574,3,0.0255,0.02575455,43.01,BTC-25JUL25-95000-P,100809.63,sell,1.2,1.2,,,,,,1750600607.574
886,372605347,1750601074933,2,0.024,0.0241308,42.74,BTC-25JUL25-95000-P,101208.66,buy,0.1,0.1,,,,,,1750601074.933
887,372625367,1750602362396,0,0.03,0.02969386,43.14,BTC-25JUL25-95000-P,99539.28,buy,0.1,0.1,,,,,,1750602362.396
889,372633144,1750602731753,0,0.0295,0.02868608,44.07,BTC-25JUL25-95000-P,99945.59,buy,0.9,0.9,,,,,,1750602731.753
888,372633143,1750602731753,2,0.029,0.02868608,43.6,BTC-25JUL25-95000-P,99945.59,buy,0.1,0.1,,,,,,1750602731.753
890,372636806,1750603089762,1,0.0295,0.02920729,43.74,BTC-25JUL25-95000-P,99866.12,buy,0.1,0.1,,,,,,1750603089.762
891,372638990,1750603231052,0,0.03,0.02979399,43.72,BTC-25JUL25-95000-P,99701.76,sell,5.0,5.0,,,,,,1750603231.052
892,372638991,1750603231059,1,0.03,0.02979399,43.72,BTC-25JUL25-95000-P,99701.76,sell,10.0,10.0,,,,,,1750603231.059
893,372645902,1750603626918,0,0.031,0.03091761,43.68,BTC-25JUL25-95000-P,99393.99,buy,0.1,0.1,,,,,,1750603626.918
894,372647888,1750603811156,1,0.031,0.0310899,43.5,BTC-25JUL25-95000-P,99354.62,buy,0.5,0.5,,,,,,1750603811.156
895,372647889,1750603811170,1,0.031,0.0310899,43.5,BTC-25JUL25-95000-P,99354.62,buy,0.1,0.1,,,,,,1750603811.17
896,372647905,1750603811579,1,0.031,0.0310899,43.5,BTC-25JUL25-95000-P,99354.62,buy,0.4,0.4,,,,,,1750603811.579
897,372653853,1750604786580,2,0.0295,0.02975874,43.85,BTC-25JUL25-95000-P,99805.66,sell,0.6,0.6,,,,,,1750604786.58
898,372654295,1750604842091,0,0.03,0.02996357,44.16,BTC-25JUL25-95000-P,99754.5,sell,0.1,0.1,,,,,,1750604842.091
899,372654308,1750604842098,1,0.03,0.02996357,44.16,BTC-25JUL25-95000-P,99754.5,sell,0.1,0.1,,,,,,1750604842.098
900,372654326,1750604842228,1,0.03,0.02996357,44.16,BTC-25JUL25-95000-P,99754.5,sell,10.6,10.6,,,,,,1750604842.228
901,372664654,1750607349621,0,0.0305,0.03084514,43.51,BTC-25JUL25-95000-P,99413.24,sell,0.6,0.6,,,,,,1750607349.621
902,372664771,1750607396050,1,0.0305,0.03089459,43.42,BTC-25JUL25-95000-P,99396.83,sell,5.0,5.0,,,,,,1750607396.05
903,372665596,1750607742613,0,0.031,0.03125006,43.37,BTC-25JUL25-95000-P,99251.81,sell,0.3,0.3,,,,,,1750607742.613
905,372665917,1750607897397,1,0.0315,0.0312378,43.76,BTC-25JUL25-95000-P,99221.83,buy,0.2,0.2,,,,,,1750607897.397
904,372665916,1750607897397,0,0.0315,0.0312378,43.76,BTC-25JUL25-95000-P,99221.83,buy,0.1,0.1,,,,,,1750607897.397
906,372671914,1750608934438,0,0.0325,0.03231273,43.92,BTC-25JUL25-95000-P,99040.56,sell,0.3,0.3,,,,,,1750608934.438
907,372672795,1750609115847,0,0.0335,0.03324798,44.17,BTC-25JUL25-95000-P,98870.17,buy,1.0,1.0,,,,,,1750609115.847
908,372697893,1750616383612,2,0.0291,0.02832296,42.89,BTC-25JUL25-95000-P,99598.87,buy,12.5,12.5,,BTC-STRG-25JUL25-95000_102000,2.0,BLOCK-206599,,1750616383.612
909,372709294,1750622025453,0,0.031,0.03127193,42.83,BTC-25JUL25-95000-P,99016.61,sell,0.1,0.1,,,,,,1750622025.453
910,372712170,1750622970236,0,0.0325,0.03224161,43.14,BTC-25JUL25-95000-P,98736.04,buy,0.1,0.1,,,,,,1750622970.236
912,372733392,1750628568243,3,0.0305,0.02990476,43.29,BTC-25JUL25-95000-P,99306.79,buy,0.4,0.4,,,,,,1750628568.243
911,372733391,1750628568243,2,0.0305,0.02990476,43.29,BTC-25JUL25-95000-P,99306.79,buy,0.1,0.1,,,,,,1750628568.243
913,372741897,1750630263468,2,0.027,0.02668588,43.49,BTC-25JUL25-95000-P,100380.33,sell,0.3,0.3,,,,,,1750630263.468
914,372753131,1750633353225,2,0.0245,0.02464207,42.82,BTC-25JUL25-95000-P,100928.04,buy,0.2,0.2,,,,,,1750633353.225
915,372753943,1750633787145,0,0.025,0.02506425,42.84,BTC-25JUL25-95000-P,100780.23,buy,2.5,2.5,,,,,,1750633787.145
916,372759009,1750636218028,2,0.024,0.02447681,42.19,BTC-25JUL25-95000-P,100845.32,sell,0.4,0.4,,,,,,1750636218.028
917,372776632,1750643406012,2,0.0235,0.0236149,42.12,BTC-25JUL25-95000-P,100971.84,sell,0.1,0.1,,,,,,1750643406.012
918,372803278,1750656088408,2,0.021,0.02166276,41.33,BTC-25JUL25-95000-P,101529.72,sell,0.1,0.1,,,,,,1750656088.408
919,372804097,1750656366863,0,0.022,0.02164394,42.29,BTC-25JUL25-95000-P,101516.02,buy,0.1,0.1,,,,,,1750656366.863
920,372804098,1750656366863,1,0.022,0.02164394,42.29,BTC-25JUL25-95000-P,101516.02,buy,0.3,0.3,,,,,,1750656366.863
923,372810694,1750660075242,3,0.02,0.0203026,41.51,BTC-25JUL25-95000-P,101938.94,sell,0.5,0.5,,,,,,1750660075.242
921,372810692,1750660075242,2,0.02,0.0203026,41.51,BTC-25JUL25-95000-P,101938.94,sell,0.6,0.6,,,,,,1750660075.242
922,372810693,1750660075242,3,0.02,0.0203026,41.51,BTC-25JUL25-95000-P,101938.94,sell,1.9,1.9,,,,,,1750660075.242
924,372814994,1750662641523,2,0.0195,0.01975076,41.46,BTC-25JUL25-95000-P,102095.97,sell,1.0,1.0,,,,,,1750662641.523
925,372822002,1750666002391,0,0.0205,0.02025278,41.95,BTC-25JUL25-95000-P,101923.91,sell,1.2,1.2,,,,,,1750666002.391
926,372822003,1750666002402,1,0.0205,0.02025278,41.95,BTC-25JUL25-95000-P,101923.91,buy,0.7,0.7,,,,,,1750666002.402
927,372822047,1750666024802,1,0.0205,0.02030084,41.91,BTC-25JUL25-95000-P,101911.15,buy,0.1,0.1,,,,,,1750666024.802
928,372829296,1750669840790,1,0.0205,0.02061824,41.3,BTC-25JUL25-95000-P,101705.59,sell,0.4,0.4,,,,,,1750669840.79
929,372830748,1750670592366,1,0.0205,0.02064737,41.13,BTC-25JUL25-95000-P,101642.97,buy,0.6,0.6,,,,,,1750670592.366
930,372833026,1750671633394,0,0.021,0.02105886,41.17,BTC-25JUL25-95000-P,101483.62,buy,1.0,1.0,,,,,,1750671633.394
931,372836902,1750673591255,0,0.0211,0.0210351,41.37,BTC-25JUL25-95000-P,101505.31,buy,50.0,50.0,,BTC-PS-25JUL25-105000_95000,2.0,BLOCK-206723,,1750673591.255
932,372840307,1750675741116,2,0.021,0.02102029,41.16,BTC-25JUL25-95000-P,101435.87,sell,0.4,0.4,,,,,,1750675741.116
933,372842277,1750676833703,0,0.0212,0.02124015,41.24,BTC-25JUL25-95000-P,101421.55,buy,50.0,50.0,,BTC-PS-25JUL25-105000_95000,2.0,BLOCK-206733,,1750676833.703
934,372842421,1750676945374,2,0.021,0.02122826,41.05,BTC-25JUL25-95000-P,101408.44,sell,0.6,0.6,,,,,,1750676945.374
935,372843846,1750677975924,0,0.0216,0.0216557,41.16,BTC-25JUL25-95000-P,101233.79,sell,50.0,50.0,,BTC-PS-25JUL25-105000_95000,2.0,BLOCK-206735,,1750677975.924
936,372844469,1750678312541,2,0.0215,0.02164616,41.13,BTC-25JUL25-95000-P,101259.94,sell,0.5,0.5,,,,,,1750678312.541
937,372844470,1750678312543,3,0.0215,0.02164616,41.13,BTC-25JUL25-95000-P,101259.94,buy,0.5,0.5,,,,,,1750678312.543
938,372844667,1750678516933,3,0.0215,0.02159779,41.21,BTC-25JUL25-95000-P,101296.95,sell,0.4,0.4,,,,,,1750678516.933
939,372844759,1750678677553,3,0.0215,0.02152631,41.24,BTC-25JUL25-95000-P,101299.37,buy,0.6,0.6,,,,,,1750678677.553
940,372848538,1750681309235,0,0.022,0.02173559,41.44,BTC-25JUL25-95000-P,101194.6,buy,0.1,0.1,,,,,,1750681309.235
941,372848539,1750681309235,1,0.022,0.02173559,41.44,BTC-25JUL25-95000-P,101194.6,buy,0.9,0.9,,,,,,1750681309.235
942,372856470,1750685109989,1,0.022,0.02203206,41.34,BTC-25JUL25-95000-P,101163.82,buy,0.3,0.3,,,,,,1750685109.989
943,372856471,1750685109996,1,0.022,0.02203206,41.34,BTC-25JUL25-95000-P,101163.82,buy,0.1,0.1,,,,,,1750685109.996
944,372856473,1750685110000,1,0.022,0.02203206,41.34,BTC-25JUL25-95000-P,101163.82,buy,0.6,0.6,,,,,,1750685110.0
945,372857413,1750685461539,1,0.022,0.02193712,41.36,BTC-25JUL25-95000-P,101159.23,buy,0.4,0.4,,,,,,1750685461.539
946,372857419,1750685462899,1,0.022,0.02197169,41.28,BTC-25JUL25-95000-P,101135.05,buy,0.3,0.3,,,,,,1750685462.899
947,372857420,1750685462904,1,0.022,0.02197169,41.28,BTC-25JUL25-95000-P,101135.05,buy,0.3,0.3,,,,,,1750685462.904
948,372860095,1750685719335,1,0.022,0.02205741,41.32,BTC-25JUL25-95000-P,101152.55,sell,0.9,0.9,,,,,,1750685719.335
949,372860096,1750685719336,1,0.022,0.02205741,41.32,BTC-25JUL25-95000-P,101152.55,buy,0.1,0.1,,,,,,1750685719.336
950,372876428,1750688406135,2,0.0189,0.01900794,41.32,BTC-25JUL25-95000-P,102299.45,sell,200.0,200.0,,,2.0,BLOCK-206762,,1750688406.135
951,372891133,1750694218946,0,0.0205,0.02107621,40.68,BTC-25JUL25-95000-P,101474.92,sell,0.9,0.9,,,,,,1750694218.946
952,372891134,1750694218946,1,0.0205,0.02107621,40.68,BTC-25JUL25-95000-P,101474.92,sell,6.1,6.1,,,,,,1750694218.946
953,372891444,1750694486465,0,0.021,0.02110218,41.13,BTC-25JUL25-95000-P,101457.12,buy,0.1,0.1,,,,,,1750694486.465
954,372899922,1750696210376,0,0.025,0.02491525,41.46,BTC-25JUL25-95000-P,100236.91,buy,0.2,0.2,,,,,,1750696210.376
962,372912975,1750697373107,1,0.025,0.02456321,42.48,BTC-25JUL25-95000-P,100538.06,buy,10.1,10.1,,,,,,1750697373.107
956,372912969,1750697373107,3,0.0245,0.02456321,41.99,BTC-25JUL25-95000-P,100538.06,buy,0.1,0.1,,,,,,1750697373.107
959,372912972,1750697373107,1,0.025,0.02456321,42.48,BTC-25JUL25-95000-P,100538.06,buy,5.0,5.0,,,,,,1750697373.107
955,372912968,1750697373107,2,0.0245,0.02456321,41.99,BTC-25JUL25-95000-P,100538.06,buy,1.0,1.0,,,,,,1750697373.107
960,372912973,1750697373107,1,0.025,0.02456321,42.48,BTC-25JUL25-95000-P,100538.06,buy,11.0,11.0,,,,,,1750697373.107
958,372912971,1750697373107,1,0.025,0.02456321,42.48,BTC-25JUL25-95000-P,100538.06,buy,0.9,0.9,,,,,,1750697373.107
957,372912970,1750697373107,0,0.025,0.02456321,42.48,BTC-25JUL25-95000-P,100538.06,buy,0.9,0.9,,,,,,1750697373.107
961,372912974,1750697373107,1,0.025,0.02456321,42.48,BTC-25JUL25-95000-P,100538.06,buy,1.0,1.0,,,,,,1750697373.107
963,372930193,1750699830443,2,0.019,0.01906633,41.77,BTC-25JUL25-95000-P,102369.43,sell,2.0,2.0,,,,,,1750699830.443
964,372930194,1750699830446,3,0.019,0.01906633,41.77,BTC-25JUL25-95000-P,102369.43,sell,0.5,0.5,,,,,,1750699830.446
965,372930195,1750699830453,3,0.019,0.01906633,41.77,BTC-25JUL25-95000-P,102369.43,sell,1.7,1.7,,,,,,1750699830.453
966,372933142,1750700143445,2,0.0185,0.01888074,41.31,BTC-25JUL25-95000-P,102400.24,sell,0.5,0.5,,,,,,1750700143.445
967,372952819,1750703814403,2,0.0165,0.01672703,41.6,BTC-25JUL25-95000-P,103338.23,buy,0.6,0.6,,,,,,1750703814.403
968,372952820,1750703814406,3,0.0165,0.01672703,41.6,BTC-25JUL25-95000-P,103338.23,buy,0.6,0.6,,,,,,1750703814.406
969,372952821,1750703814422,3,0.0165,0.01672703,41.6,BTC-25JUL25-95000-P,103338.23,buy,0.1,0.1,,,,,,1750703814.422
970,372952834,1750703814800,3,0.0165,0.01672703,41.6,BTC-25JUL25-95000-P,103338.23,buy,0.4,0.4,,,,,,1750703814.8
971,372952835,1750703816006,3,0.0165,0.01670406,41.66,BTC-25JUL25-95000-P,103336.02,buy,0.9,0.9,,,,,,1750703816.006
972,372952836,1750703816020,3,0.0165,0.01670406,41.66,BTC-25JUL25-95000-P,103336.02,buy,1.0,1.0,,,,,,1750703816.02
973,372952837,1750703816029,3,0.0165,0.01670406,41.66,BTC-25JUL25-95000-P,103336.02,buy,0.3,0.3,,,,,,1750703816.029
974,372952838,1750703817646,3,0.0165,0.01665016,41.63,BTC-25JUL25-95000-P,103317.93,buy,0.3,0.3,,,,,,1750703817.646
975,372952839,1750703817847,3,0.0165,0.01665016,41.63,BTC-25JUL25-95000-P,103317.93,buy,0.3,0.3,,,,,,1750703817.847
976,372952852,1750703818110,3,0.0165,0.01668006,41.57,BTC-25JUL25-95000-P,103315.04,buy,0.3,0.3,,,,,,1750703818.11
977,372952853,1750703818144,3,0.0165,0.01668006,41.57,BTC-25JUL25-95000-P,103315.04,buy,0.1,0.1,,,,,,1750703818.144
978,372952855,1750703819013,3,0.0165,0.01668006,41.57,BTC-25JUL25-95000-P,103301.82,buy,0.5,0.5,,,,,,1750703819.013
979,372952856,1750703819495,3,0.0165,0.01668006,41.57,BTC-25JUL25-95000-P,103301.82,buy,0.5,0.5,,,,,,1750703819.495
980,372952859,1750703825837,3,0.0165,0.01674906,41.55,BTC-25JUL25-95000-P,103309.44,buy,19.1,19.1,,,,,,1750703825.837
981,372953424,1750703890157,3,0.0165,0.01685122,41.38,BTC-25JUL25-95000-P,103248.31,sell,1.4,1.4,,,,,,1750703890.157
982,372953425,1750703890157,3,0.0165,0.01685122,41.38,BTC-25JUL25-95000-P,103248.31,sell,12.1,12.1,,,,,,1750703890.157
983,372953428,1750703890171,3,0.0165,0.01685122,41.38,BTC-25JUL25-95000-P,103248.31,buy,0.4,0.4,,,,,,1750703890.171
984,372953429,1750703890181,3,0.0165,0.01685122,41.38,BTC-25JUL25-95000-P,103248.31,buy,6.1,6.1,,,,,,1750703890.181
985,372971106,1750709223536,3,0.0165,0.01632261,41.15,BTC-25JUL25-95000-P,103152.74,buy,0.1,0.1,,,,,,1750709223.536
986,372985794,1750713683105,2,0.014,0.01412324,40.75,BTC-25JUL25-95000-P,104101.81,buy,0.1,0.1,,,,,,1750713683.105
987,372998843,1750716741997,2,0.0115,0.01167396,41.15,BTC-25JUL25-95000-P,105567.96,sell,1.0,1.0,,,,,,1750716741.997
988,372998844,1750716742019,3,0.0115,0.01167396,41.15,BTC-25JUL25-95000-P,105567.96,sell,4.0,4.0,,,,,,1750716742.019
989,372998845,1750716742023,3,0.0115,0.01167396,41.15,BTC-25JUL25-95000-P,105567.96,sell,2.0,2.0,,,,,,1750716742.023
990,372998879,1750716749841,3,0.0115,0.01168091,41.13,BTC-25JUL25-95000-P,105568.06,sell,3.1,3.1,,,,,,1750716749.841
992,373007303,1750717659152,3,0.011,0.01131145,40.94,BTC-25JUL25-95000-P,105819.54,sell,1.8,1.8,,,,,,1750717659.152
991,373007302,1750717659152,2,0.011,0.01131145,40.94,BTC-25JUL25-95000-P,105819.54,sell,1.5,1.5,,,,,,1750717659.152
993,373007304,1750717659152,3,0.011,0.01131145,40.94,BTC-25JUL25-95000-P,105819.54,sell,6.0,6.0,,,,,,1750717659.152
994,373007305,1750717659152,3,0.011,0.01131145,40.94,BTC-25JUL25-95000-P,105819.54,sell,1.6,1.6,,,,,,1750717659.152
995,373014496,1750718738147,0,0.012,0.01214952,40.71,BTC-25JUL25-95000-P,105147.65,sell,1.0,1.0,,,,,,1750718738.147
997,373016008,1750719258861,1,0.012,0.01170907,41.33,BTC-25JUL25-95000-P,105376.67,buy,9.0,9.0,,,,,,1750719258.861
996,373016007,1750719258861,1,0.012,0.01170907,41.33,BTC-25JUL25-95000-P,105376.67,buy,1.0,1.0,,,,,,1750719258.861
999,373018783,1750719773424,3,0.011,0.01117516,40.77,BTC-25JUL25-95000-P,105713.33,sell,1.1,1.1,,,,,,1750719773.424
998,373018782,1750719773424,2,0.011,0.01117516,40.77,BTC-25JUL25-95000-P,105713.33,sell,0.9,0.9,,,,,,1750719773.424
1000,373021848,1750720731257,0,0.0115,0.01153755,40.91,BTC-25JUL25-95000-P,105467.68,buy,0.3,0.3,,,,,,1750720731.257
1001,373038100,1750728963422,1,0.0115,0.01174141,40.13,BTC-25JUL25-95000-P,105149.56,buy,0.1,0.1,,,,,,1750728963.422
1002,373040486,1750730788324,1,0.0115,0.01158348,40.4,BTC-25JUL25-95000-P,105246.31,buy,0.4,0.4,,,,,,1750730788.324
1003,373043580,1750732612326,0,0.012,0.01203951,40.5,BTC-25JUL25-95000-P,104997.13,buy,0.3,0.3,,,,,,1750732612.326
1004,373052278,1750740094725,1,0.012,0.01201457,40.4,BTC-25JUL25-95000-P,104929.31,buy,1.0,1.0,,,,,,1750740094.725
1006,373062604,1750747025017,3,0.0105,0.01107707,40.27,BTC-25JUL25-95000-P,105677.11,sell,0.7,0.7,,,,,,1750747025.017
1005,373062603,1750747025017,2,0.0105,0.01107707,40.27,BTC-25JUL25-95000-P,105677.11,sell,0.9,0.9,,,,,,1750747025.017
1007,373062605,1750747025017,3,0.0105,0.01107707,40.27,BTC-25JUL25-95000-P,105677.11,sell,13.4,13.4,,,,,,1750747025.017
1008,373062606,1750747025017,3,0.0105,0.01107707,40.27,BTC-25JUL25-95000-P,105677.11,sell,15.0,15.0,,,,,,1750747025.017
1009,373062628,1750747031443,0,0.011,0.01107409,40.97,BTC-25JUL25-95000-P,105676.37,sell,3.5,3.5,,,,,,1750747031.443
1010,373093720,1750758122130,0,0.012,0.01216677,41.55,BTC-25JUL25-95000-P,105311.45,sell,0.3,0.3,,,,,,1750758122.13
1011,373098295,1750761257658,2,0.0115,0.01204399,40.74,BTC-25JUL25-95000-P,105225.69,sell,0.1,0.1,,,,,,1750761257.658
1012,373102197,1750763595253,2,0.011,0.01134611,40.33,BTC-25JUL25-95000-P,105318.57,sell,0.2,0.2,,,,,,1750763595.253
1013,373105287,1750765903639,0,0.0115,0.01144675,40.86,BTC-25JUL25-95000-P,105262.68,buy,0.1,0.1,,,,,,1750765903.639
1014,373105288,1750765905070,1,0.0115,0.01144603,40.86,BTC-25JUL25-95000-P,105263.26,buy,0.1,0.1,,,,,,1750765905.07
1015,373105289,1750765906429,1,0.0115,0.01144477,40.86,BTC-25JUL25-95000-P,105264.49,buy,0.1,0.1,,,,,,1750765906.429
1016,373105321,1750765965778,1,0.0115,0.01141234,40.92,BTC-25JUL25-95000-P,105288.6,buy,0.1,0.1,,,,,,1750765965.778
1017,373116935,1750772125128,1,0.0115,0.01160097,39.97,BTC-25JUL25-95000-P,104876.2,buy,3.2,3.2,,,,,,1750772125.128
1018,373118123,1750772463523,2,0.011,0.01100815,40.16,BTC-25JUL25-95000-P,105234.44,buy,0.2,0.2,,,,,,1750772463.523
1019,373119608,1750773101721,0,0.0115,0.01126686,40.5,BTC-25JUL25-95000-P,105103.11,buy,2.0,2.0,,,,,,1750773101.721
1020,373120123,1750773214405,2,0.011,0.01147024,39.45,BTC-25JUL25-95000-P,104943.82,sell,0.1,0.1,,,,,,1750773214.405
1021,373146777,1750784002570,2,0.01,0.00987201,40.5,BTC-25JUL25-95000-P,106009.51,sell,0.2,0.2,,,,,,1750784002.57
1022,373149675,1750784476017,2,0.0095,0.00956371,40.35,BTC-25JUL25-95000-P,106282.7,buy,0.2,0.2,,,,,,1750784476.017
1023,373154212,1750785841578,0,0.01,0.01024912,40.06,BTC-25JUL25-95000-P,105777.95,sell,0.5,0.5,,,,,,1750785841.578
1024,373160211,1750788971211,2,0.0095,0.00980726,39.63,BTC-25JUL25-95000-P,105936.59,sell,10.0,10.0,,,,,,1750788971.211
1028,373160304,1750789013815,3,0.0095,0.00981274,39.6,BTC-25JUL25-95000-P,105927.7,sell,3.6,3.6,,,,,,1750789013.815
1025,373160301,1750789013815,3,0.0095,0.00981274,39.6,BTC-25JUL25-95000-P,105927.7,sell,1.7,1.7,,,,,,1750789013.815
1026,373160302,1750789013815,3,0.0095,0.00981274,39.6,BTC-25JUL25-95000-P,105927.7,sell,3.7,3.7,,,,,,1750789013.815
1027,373160303,1750789013815,3,0.0095,0.00981274,39.6,BTC-25JUL25-95000-P,105927.7,sell,1.0,1.0,,,,,,1750789013.815
1029,373160498,1750789055346,3,0.0095,0.00986846,39.53,BTC-25JUL25-95000-P,105886.55,sell,10.0,10.0,,,,,,1750789055.346
1030,373160765,1750789124779,3,0.0095,0.01001982,39.28,BTC-25JUL25-95000-P,105770.58,sell,10.0,10.0,,,,,,1750789124.779
1031,373163030,1750790692756,0,0.01,0.00987091,40.12,BTC-25JUL25-95000-P,105786.72,buy,0.5,0.5,,,,,,1750790692.756
1032,373163031,1750790692759,1,0.01,0.00987091,40.12,BTC-25JUL25-95000-P,105786.72,sell,5.0,5.0,,,,,,1750790692.759
1033,373163032,1750790692761,1,0.01,0.00987091,40.12,BTC-25JUL25-95000-P,105786.72,sell,4.0,4.0,,,,,,1750790692.761
1034,373163033,1750790692772,1,0.01,0.00987091,40.12,BTC-25JUL25-95000-P,105786.72,sell,0.1,0.1,,,,,,1750790692.772
1035,373163034,1750790692834,1,0.01,0.00987091,40.12,BTC-25JUL25-95000-P,105786.72,sell,0.4,0.4,,,,,,1750790692.834
1036,373167329,1750793252905,1,0.01,0.01029047,39.56,BTC-25JUL25-95000-P,105550.79,sell,1.0,1.0,,,,,,1750793252.905
1037,373167403,1750793330322,1,0.01,0.01031259,39.52,BTC-25JUL25-95000-P,105531.7,sell,0.5,0.5,,,,,,1750793330.322
1038,373168227,1750793934558,1,0.01,0.01032135,39.5,BTC-25JUL25-95000-P,105531.49,sell,0.3,0.3,,,,,,1750793934.558
1039,373168567,1750794270517,1,0.01,0.01039163,39.44,BTC-25JUL25-95000-P,105512.41,sell,0.5,0.5,,,,,,1750794270.517
1040,373182714,1750803319505,2,0.0095,0.00958031,39.82,BTC-25JUL25-95000-P,105929.06,buy,0.1,0.1,,,,,,1750803319.505
1041,373196547,1750811742432,0,0.01,0.00964029,40.57,BTC-25JUL25-95000-P,105920.46,buy,0.7,0.7,,,,,,1750811742.432
1045,373211593,1750819212069,3,0.009,0.00872434,40.77,BTC-25JUL25-95000-P,106631.49,buy,4.8,4.8,,,,,,1750819212.069
1043,373211591,1750819212069,3,0.009,0.00872434,40.77,BTC-25JUL25-95000-P,106631.49,buy,1.1,1.1,,,,,,1750819212.069
1046,373211594,1750819212069,3,0.009,0.00872434,40.77,BTC-25JUL25-95000-P,106631.49,buy,1.0,1.0,,,,,,1750819212.069
1042,373211590,1750819212069,2,0.009,0.00872434,40.77,BTC-25JUL25-95000-P,106631.49,buy,0.9,0.9,,,,,,1750819212.069
1044,373211592,1750819212069,3,0.009,0.00872434,40.77,BTC-25JUL25-95000-P,106631.49,buy,5.0,5.0,,,,,,1750819212.069
1047,373211595,1750819212069,3,0.009,0.00872434,40.77,BTC-25JUL25-95000-P,106631.49,buy,0.3,0.3,,,,,,1750819212.069
1048,373211596,1750819212072,3,0.009,0.00872434,40.77,BTC-25JUL25-95000-P,106631.49,sell,5.0,5.0,,,,,,1750819212.072
1049,373211597,1750819212076,3,0.009,0.00872434,40.77,BTC-25JUL25-95000-P,106631.49,sell,5.7,5.7,,,,,,1750819212.076
1050,373211598,1750819212084,3,0.009,0.00872434,40.77,BTC-25JUL25-95000-P,106631.49,sell,1.2,1.2,,,,,,1750819212.084
1051,373219462,1750824034372,3,0.009,0.00896672,40.26,BTC-25JUL25-95000-P,106356.72,sell,0.1,0.1,,,,,,1750824034.372
1052,373219558,1750824225995,2,0.0085,0.00898139,39.38,BTC-25JUL25-95000-P,106316.19,sell,0.1,0.1,,,,,,1750824225.995
1053,373219566,1750824254420,3,0.0085,0.00897109,39.39,BTC-25JUL25-95000-P,106315.13,sell,0.1,0.1,,,,,,1750824254.42
1054,373249252,1750841813311,2,0.008,0.00837374,39.14,BTC-25JUL25-95000-P,106552.64,sell,0.1,0.1,,,,,,1750841813.311
1055,373251980,1750842791769,3,0.008,0.00792384,39.85,BTC-25JUL25-95000-P,106908.47,buy,0.2,0.2,,,,,,1750842791.769
1056,373252005,1750842824116,3,0.008,0.00793382,39.85,BTC-25JUL25-95000-P,106909.74,sell,0.2,0.2,,,,,,1750842824.116
1057,373252159,1750842843808,3,0.008,0.00791641,39.87,BTC-25JUL25-95000-P,106904.16,sell,0.2,0.2,,,,,,1750842843.808
1058,373252165,1750842848752,3,0.008,0.00793207,39.86,BTC-25JUL25-95000-P,106902.15,sell,0.2,0.2,,,,,,1750842848.752
1059,373252205,1750842873911,3,0.008,0.00794037,39.85,BTC-25JUL25-95000-P,106894.5,sell,0.2,0.2,,,,,,1750842873.911
1060,373252339,1750842954318,3,0.008,0.00794358,39.86,BTC-25JUL25-95000-P,106898.98,sell,0.2,0.2,,,,,,1750842954.318
1061,373252366,1750842977560,3,0.008,0.00795988,39.84,BTC-25JUL25-95000-P,106884.47,sell,0.2,0.2,,,,,,1750842977.56
1062,373252374,1750842991005,3,0.008,0.00795872,39.84,BTC-25JUL25-95000-P,106889.51,sell,0.2,0.2,,,,,,1750842991.005
1063,373252454,1750843036611,3,0.008,0.00791088,39.94,BTC-25JUL25-95000-P,106921.76,sell,0.2,0.2,,,,,,1750843036.611
1064,373252465,1750843054021,3,0.008,0.00789425,39.95,BTC-25JUL25-95000-P,106917.11,sell,0.1,0.1,,,,,,1750843054.021
1065,373252660,1750843246261,3,0.008,0.00794648,39.91,BTC-25JUL25-95000-P,106905.87,sell,0.2,0.2,,,,,,1750843246.261
1066,373253407,1750844087648,3,0.008,0.00796582,40.0,BTC-25JUL25-95000-P,106946.02,sell,0.2,0.2,,,,,,1750844087.648
1067,373256895,1750846515214,3,0.008,0.00793295,39.74,BTC-25JUL25-95000-P,106792.05,sell,0.2,0.2,,,,,,1750846515.214
1068,373256914,1750846630609,3,0.008,0.00795944,39.71,BTC-25JUL25-95000-P,106773.85,buy,0.2,0.2,,,,,,1750846630.609
1069,373256950,1750846651535,3,0.008,0.00794425,39.73,BTC-25JUL25-95000-P,106784.04,buy,0.2,0.2,,,,,,1750846651.535
1070,373257000,1750846688709,3,0.008,0.0079234,39.77,BTC-25JUL25-95000-P,106801.49,buy,0.1,0.1,,,,,,1750846688.709
1071,373258568,1750846998792,3,0.008,0.00770086,40.26,BTC-25JUL25-95000-P,107021.04,buy,0.2,0.2,,,,,,1750846998.792
1072,373258589,1750847021899,3,0.008,0.00769855,40.26,BTC-25JUL25-95000-P,107021.79,buy,0.2,0.2,,,,,,1750847021.899
1073,373258620,1750847059904,3,0.008,0.0077135,40.25,BTC-25JUL25-95000-P,107013.07,buy,0.2,0.2,,,,,,1750847059.904
1074,373258693,1750847147143,3,0.008,0.00770722,40.28,BTC-25JUL25-95000-P,107030.56,buy,0.2,0.2,,,,,,1750847147.143
1075,373259667,1750847238594,3,0.008,0.00762743,40.45,BTC-25JUL25-95000-P,107112.43,buy,0.2,0.2,,,,,,1750847238.594
1076,373259717,1750847270364,3,0.008,0.00757854,40.52,BTC-25JUL25-95000-P,107148.61,buy,0.1,0.1,,,,,,1750847270.364
