trade_seq,trade_id,timestamp,tick_direction,price,mark_price,iv,instrument_name,index_price,direction,contracts,amount,block_trade_leg_count,block_trade_id,combo_trade_id,combo_id,block_rfq_id,liquidation,unix_sec
2401,369580116,1748643630544,0,0.0445,0.04428799,45.12,BTC-25JUL25-100000-P,104609.91,sell,0.1,0.1,,,,,,,1748643630.544
2402,369580117,1748643630710,1,0.0445,0.04428799,45.12,BTC-25JUL25-100000-P,104609.91,sell,0.1,0.1,,,,,,,1748643630.71
2403,369580122,1748643635077,1,0.0445,0.04428236,45.17,BTC-25JUL25-100000-P,104624.48,sell,0.1,0.1,,,,,,,1748643635.077
2404,369580123,1748643635141,1,0.0445,0.04428236,45.17,BTC-25JUL25-100000-P,104624.48,sell,0.5,0.5,,,,,,,1748643635.141
2405,369580124,1748643636369,1,0.0445,0.04422709,45.17,BTC-25JUL25-100000-P,104625.4,sell,0.1,0.1,,,,,,,1748643636.369
2406,369580125,1748643636371,1,0.0445,0.04422709,45.17,BTC-25JUL25-100000-P,104625.4,sell,0.1,0.1,,,,,,,1748643636.371
2407,369582816,1748644894794,0,0.046,0.04565012,45.31,BTC-25JUL25-100000-P,104293.12,buy,0.1,0.1,,,,,,,1748644894.794
2408,369585589,1748645803828,1,0.046,0.04631305,44.92,BTC-25JUL25-100000-P,104172.48,buy,0.7,0.7,,,,,,,1748645803.828
2409,369585738,1748645840785,1,0.046,0.04649856,44.78,BTC-25JUL25-100000-P,104118.16,buy,0.7,0.7,,,,,,,1748645840.785
2410,369601859,1748651912873,0,0.0465,0.04619607,45.21,BTC-25JUL25-100000-P,104070.05,sell,0.1,0.1,,,,,,,1748651912.873
2411,369601860,1748651912924,1,0.0465,0.04619607,45.21,BTC-25JUL25-100000-P,104070.05,sell,0.9,0.9,,,,,,,1748651912.924
2412,369601986,1748652020537,2,0.046,0.04578166,45.22,BTC-25JUL25-100000-P,104200.33,sell,1.0,1.0,,,,,,,1748652020.537
2413,369603160,1748652564672,3,0.046,0.04601726,45.07,BTC-25JUL25-100000-P,104156.37,buy,0.1,0.1,,,,,,,1748652564.672
2414,369603756,1748653382374,0,0.0465,0.04675868,45.0,BTC-25JUL25-100000-P,103997.47,sell,0.1,0.1,,,,,,,1748653382.374
2415,369604584,1748653749996,1,0.0465,0.04692697,44.88,BTC-25JUL25-100000-P,103939.49,sell,0.1,0.1,,,,,,,1748653749.996
2416,369604586,1748653750001,1,0.0465,0.04692697,44.88,BTC-25JUL25-100000-P,103939.49,sell,0.1,0.1,,,,,,,1748653750.001
2417,369604703,1748653783756,0,0.047,0.04689785,45.11,BTC-25JUL25-100000-P,103898.87,sell,0.2,0.2,,,,,,,1748653783.756
2418,369604704,1748653784294,1,0.047,0.04693341,45.12,BTC-25JUL25-100000-P,103906.35,sell,0.1,0.1,,,,,,,1748653784.294
2419,369605507,1748654354370,2,0.046,0.04591131,45.1,BTC-25JUL25-100000-P,104165.05,sell,0.1,0.1,,,,,,,1748654354.37
2420,369605508,1748654354451,3,0.046,0.04591131,45.1,BTC-25JUL25-100000-P,104165.05,sell,0.1,0.1,,,,,,,1748654354.451
2421,369605510,1748654357386,3,0.046,0.04596705,45.1,BTC-25JUL25-100000-P,104166.58,sell,0.1,0.1,,,,,,,1748654357.386
2422,369605511,1748654357461,3,0.046,0.04596705,45.1,BTC-25JUL25-100000-P,104166.58,sell,0.1,0.1,,,,,,,1748654357.461
2423,369605968,1748654782668,0,0.047,0.04699638,45.1,BTC-25JUL25-100000-P,103922.04,sell,1.0,1.0,,,,,,,1748654782.668
2424,369606140,1748654983138,1,0.047,0.04702012,45.08,BTC-25JUL25-100000-P,103916.18,sell,1.0,1.0,,,,,,,1748654983.138
2425,369606174,1748655008479,1,0.047,0.04712277,44.99,BTC-25JUL25-100000-P,103885.03,sell,1.0,1.0,,,,,,,1748655008.479
2426,369606202,1748655036455,1,0.047,0.0470432,45.08,BTC-25JUL25-100000-P,103910.14,sell,1.0,1.0,,,,,,,1748655036.455
2427,369606269,1748655070187,1,0.047,0.04709952,45.02,BTC-25JUL25-100000-P,103890.05,sell,0.2,0.2,,,,,,,1748655070.187
2428,369606270,1748655070196,1,0.047,0.04709952,45.02,BTC-25JUL25-100000-P,103890.05,sell,0.1,0.1,,,,,,,1748655070.196
2429,369606273,1748655070541,1,0.047,0.04709599,45.06,BTC-25JUL25-100000-P,103905.33,sell,0.7,0.7,,,,,,,1748655070.541
2430,369606325,1748655137799,1,0.047,0.04712755,45.0,BTC-25JUL25-100000-P,103885.29,sell,0.1,0.1,,,,,,,1748655137.799
2431,369606327,1748655137986,1,0.047,0.04712755,45.0,BTC-25JUL25-100000-P,103885.29,sell,0.1,0.1,,,,,,,1748655137.986
2432,369606429,1748655240509,1,0.047,0.04688197,45.09,BTC-25JUL25-100000-P,103915.84,sell,0.1,0.1,,,,,,,1748655240.509
2433,369606551,1748655265846,0,0.0475,0.04746371,45.07,BTC-25JUL25-100000-P,103787.45,sell,0.2,0.2,,,,,,,1748655265.846
2434,369606552,1748655265852,1,0.0475,0.04746371,45.07,BTC-25JUL25-100000-P,103787.45,sell,0.2,0.2,,,,,,,1748655265.852
2435,369607158,1748655296991,0,0.0485,0.04825812,45.05,BTC-25JUL25-100000-P,103519.03,sell,1.0,1.0,,,,,,,1748655296.991
2436,369607340,1748655318284,2,0.048,0.04791143,45.08,BTC-25JUL25-100000-P,103637.81,sell,0.1,0.1,,,,,,,1748655318.284
2437,369607498,1748655381809,3,0.048,0.04805264,45.03,BTC-25JUL25-100000-P,103625.63,sell,1.0,1.0,,,,,,,1748655381.809
2438,369611163,1748657162310,0,0.049,0.04898616,45.09,BTC-25JUL25-100000-P,103406.12,sell,1.0,1.0,,,,,,,1748657162.31
2439,369614376,1748659655465,1,0.049,0.04872958,45.23,BTC-25JUL25-100000-P,103464.74,buy,0.8,0.8,,,,,,,1748659655.465
2440,369615893,1748660221951,0,0.05,0.04962631,45.48,BTC-25JUL25-100000-P,103295.71,buy,0.2,0.2,,,,,,,1748660221.951
2441,369615894,1748660221960,1,0.05,0.04962631,45.48,BTC-25JUL25-100000-P,103295.71,buy,0.1,0.1,,,,,,,1748660221.96
2442,369616010,1748660307883,1,0.05,0.04980764,45.41,BTC-25JUL25-100000-P,103271.92,buy,0.2,0.2,,,,,,,1748660307.883
2443,369616033,1748660311266,1,0.05,0.04981642,45.41,BTC-25JUL25-100000-P,103274.34,buy,0.2,0.2,,,,,,,1748660311.266
2444,369623963,1748665244637,2,0.049,0.04886245,46.23,BTC-25JUL25-100000-P,103698.56,sell,0.7,0.7,,,,,,,1748665244.637
2445,369623970,1748665244683,3,0.049,0.04886245,46.23,BTC-25JUL25-100000-P,103698.56,sell,0.1,0.1,,,,,,,1748665244.683
2446,369623995,1748665250382,3,0.049,0.04875188,46.31,BTC-25JUL25-100000-P,103725.95,sell,0.1,0.1,,,,,,,1748665250.382
2447,369624163,1748665319902,3,0.049,0.04870908,46.39,BTC-25JUL25-100000-P,103754.63,sell,1.1,1.1,,,,,,,1748665319.902
2448,369639000,1748673348452,3,0.049,0.04890334,46.32,BTC-25JUL25-100000-P,103789.84,sell,1.0,1.0,,,,,,,1748673348.452
2449,369645240,1748678607944,2,0.0485,0.04863922,46.06,BTC-25JUL25-100000-P,103839.56,sell,1.0,1.0,,,,,,,1748678607.944
2450,369660370,1748690716810,0,0.0495,0.04925391,45.91,BTC-25JUL25-100000-P,103540.69,buy,0.4,0.4,,,,,,,1748690716.81
2451,369661229,1748692938875,1,0.0495,0.04954138,45.96,BTC-25JUL25-100000-P,103544.88,sell,0.2,0.2,,,,,,,1748692938.875
2452,369661231,1748692939027,1,0.0495,0.04954138,45.96,BTC-25JUL25-100000-P,103544.88,sell,0.1,0.1,,,,,,,1748692939.027
2453,369661301,1748693018717,1,0.0495,0.04953272,45.96,BTC-25JUL25-100000-P,103545.77,sell,0.1,0.1,,,,,,,1748693018.717
2454,369661302,1748693018746,1,0.0495,0.04953272,45.96,BTC-25JUL25-100000-P,103545.77,sell,0.1,0.1,,,,,,,1748693018.746
2455,369661303,1748693019073,1,0.0495,0.04953272,45.96,BTC-25JUL25-100000-P,103545.77,sell,0.1,0.1,,,,,,,1748693019.073
2456,369661329,1748693075324,1,0.0495,0.04950139,45.99,BTC-25JUL25-100000-P,103560.41,sell,0.1,0.1,,,,,,,1748693075.324
2457,369661340,1748693079326,1,0.0495,0.04948376,46.01,BTC-25JUL25-100000-P,103564.38,sell,0.4,0.4,,,,,,,1748693079.326
2458,369665352,1748696600350,2,0.047,0.04685254,45.94,BTC-25JUL25-100000-P,104141.59,sell,0.1,0.1,,,,,,,1748696600.35
2459,369665400,1748696610771,3,0.047,0.04672647,46.01,BTC-25JUL25-100000-P,104166.52,sell,0.7,0.7,,,,,,,1748696610.771
2460,369665401,1748696610789,3,0.047,0.04672647,46.01,BTC-25JUL25-100000-P,104166.52,sell,0.1,0.1,,,,,,,1748696610.789
2461,369665434,1748696620814,3,0.047,0.0467051,46.03,BTC-25JUL25-100000-P,104176.47,sell,0.1,0.1,,,,,,,1748696620.814
2462,369668592,1748700106577,2,0.0465,0.0463887,45.85,BTC-25JUL25-100000-P,104234.11,sell,1.0,1.0,,,,,,,1748700106.577
2463,369672087,1748701570688,2,0.0455,0.04546603,45.79,BTC-25JUL25-100000-P,104488.38,sell,2.0,2.0,,,,,,,1748701570.688
2464,369702083,1748733169443,3,0.0455,0.04548735,46.73,BTC-25JUL25-100000-P,104790.49,sell,1.0,1.0,,,,,,,1748733169.443
2465,369714733,1748749522178,0,0.0465,0.0464929,46.45,BTC-25JUL25-100000-P,104355.86,buy,0.4,0.4,,,,,,,1748749522.178
2466,369714739,1748749524921,1,0.0465,0.04646245,46.49,BTC-25JUL25-100000-P,104368.06,buy,0.4,0.4,,,,,,,1748749524.921
2467,369714763,1748749531424,1,0.0465,0.04638905,46.52,BTC-25JUL25-100000-P,104381.44,buy,0.4,0.4,,,,,,,1748749531.424
2468,369715861,1748751319371,0,0.0466,0.04645327,46.84,BTC-25JUL25-100000-P,104484.28,buy,6.5,6.5,4.0,BLOCK-202538,,,5079.0,,1748751319.371
2469,369715958,1748751489064,2,0.0465,0.04641261,46.88,BTC-25JUL25-100000-P,104517.19,sell,2.0,2.0,,,,,,,1748751489.064
2470,369720622,1748759128825,3,0.0465,0.04635412,46.58,BTC-25JUL25-100000-P,104358.93,sell,1.0,1.0,,,,,,,1748759128.825
2471,369727338,1748768864163,3,0.0465,0.04667713,46.33,BTC-25JUL25-100000-P,104307.17,buy,0.3,0.3,,,,,,,1748768864.163
2472,369727355,1748768927050,3,0.0465,0.0466274,46.31,BTC-25JUL25-100000-P,104297.81,buy,0.4,0.4,,,,,,,1748768927.05
2473,369734499,1748776721338,0,0.0485,0.04845627,46.74,BTC-25JUL25-100000-P,104026.08,sell,1.0,1.0,,,,,,,1748776721.338
2474,369738614,1748783823703,2,0.0475,0.04723275,47.19,BTC-25JUL25-100000-P,104359.44,sell,1.0,1.0,,,,,,,1748783823.703
2475,369740002,1748785673245,3,0.0475,0.04729837,47.39,BTC-25JUL25-100000-P,104398.91,sell,0.5,0.5,,,,,,,1748785673.245
2476,369740642,1748786451416,3,0.0475,0.04745046,47.26,BTC-25JUL25-100000-P,104337.13,sell,1.0,1.0,,,,,,,1748786451.416
2477,369740778,1748786624553,2,0.047,0.04704545,47.18,BTC-25JUL25-100000-P,104434.98,sell,0.3,0.3,,,,,,,1748786624.553
2478,369742481,1748787119668,2,0.046,0.04595922,47.16,BTC-25JUL25-100000-P,104698.33,sell,1.0,1.0,,,,,,,1748787119.668
2479,369742490,1748787122277,3,0.046,0.04595465,47.16,BTC-25JUL25-100000-P,104698.06,buy,0.3,0.3,,,,,,,1748787122.277
2480,369742506,1748787123861,3,0.046,0.04595061,47.13,BTC-25JUL25-100000-P,104687.63,buy,0.3,0.3,,,,,,,1748787123.861
2481,369742507,1748787123882,3,0.046,0.04595061,47.13,BTC-25JUL25-100000-P,104687.63,buy,0.3,0.3,,,,,,,1748787123.882
2482,369742512,1748787134574,3,0.046,0.0460204,47.1,BTC-25JUL25-100000-P,104682.27,buy,0.2,0.2,,,,,,,1748787134.574
2483,369742522,1748787135300,3,0.046,0.0460204,47.1,BTC-25JUL25-100000-P,104682.27,buy,0.2,0.2,,,,,,,1748787135.3
2484,369742546,1748787135930,3,0.046,0.04602491,47.1,BTC-25JUL25-100000-P,104681.87,buy,0.2,0.2,,,,,,,1748787135.93
2485,369742555,1748787136578,3,0.046,0.04603027,47.07,BTC-25JUL25-100000-P,104671.09,buy,0.1,0.1,,,,,,,1748787136.578
2486,369742561,1748787136648,3,0.046,0.04603027,47.07,BTC-25JUL25-100000-P,104671.09,buy,1.1,1.1,,,,,,,1748787136.648
2487,369746625,1748790308669,3,0.046,0.04566952,47.2,BTC-25JUL25-100000-P,104694.86,buy,0.2,0.2,,,,,,,1748790308.669
2488,369746626,1748790308690,3,0.046,0.04566952,47.2,BTC-25JUL25-100000-P,104694.86,buy,0.2,0.2,,,,,,,1748790308.69
2489,369746627,1748790308699,3,0.046,0.04566952,47.2,BTC-25JUL25-100000-P,104694.86,buy,0.2,0.2,,,,,,,1748790308.699
2490,369746629,1748790308714,3,0.046,0.04566952,47.2,BTC-25JUL25-100000-P,104694.86,buy,0.1,0.1,,,,,,,1748790308.714
2491,369746631,1748790308723,3,0.046,0.04566952,47.2,BTC-25JUL25-100000-P,104694.86,buy,0.2,0.2,,,,,,,1748790308.723
2492,369746642,1748790308816,3,0.046,0.04566952,47.2,BTC-25JUL25-100000-P,104694.86,buy,0.6,0.6,,,,,,,1748790308.816
2493,369749682,1748793418118,2,0.0459,0.04569114,47.27,BTC-25JUL25-100000-P,104756.04,buy,50.0,50.0,2.0,BLOCK-202549,,BTC-PCAL-25JUL25_27JUN25-100000,,,1748793418.118
2494,369749788,1748793579356,2,0.0455,0.0456401,47.02,BTC-25JUL25-100000-P,104761.42,sell,1.0,1.0,,,,,,,1748793579.356
2495,369751126,1748794086930,2,0.0445,0.04485253,46.63,BTC-25JUL25-100000-P,104868.46,sell,0.3,0.3,,,,,,,1748794086.93
2496,369751128,1748794086951,3,0.0445,0.04485253,46.63,BTC-25JUL25-100000-P,104868.46,sell,0.2,0.2,,,,,,,1748794086.951
2497,369751130,1748794086968,3,0.0445,0.04485253,46.63,BTC-25JUL25-100000-P,104868.46,sell,0.1,0.1,,,,,,,1748794086.968
2498,369751134,1748794086979,3,0.0445,0.04485253,46.63,BTC-25JUL25-100000-P,104868.46,sell,0.1,0.1,,,,,,,1748794086.979
2499,369751135,1748794086986,3,0.0445,0.04485253,46.63,BTC-25JUL25-100000-P,104868.46,sell,0.1,0.1,,,,,,,1748794086.986
2500,369751188,1748794087320,3,0.0445,0.04485253,46.63,BTC-25JUL25-100000-P,104868.46,sell,0.2,0.2,,,,,,,1748794087.32
2501,369770962,1748804198105,2,0.044,0.04393652,46.41,BTC-25JUL25-100000-P,104906.76,buy,0.1,0.1,,,,,,,1748804198.105
2502,369771618,1748804600680,2,0.0435,0.04322162,46.5,BTC-25JUL25-100000-P,105068.57,buy,0.1,0.1,,,,,,,1748804600.68
2503,369776931,1748811205562,2,0.043,0.04303904,46.1,BTC-25JUL25-100000-P,105053.95,buy,0.1,0.1,,,,,,,1748811205.562
2504,369778579,1748812160240,3,0.043,0.04297773,46.1,BTC-25JUL25-100000-P,105055.93,buy,0.1,0.1,,,,,,,1748812160.24
2505,369779157,1748813061903,2,0.0425,0.04252273,46.11,BTC-25JUL25-100000-P,105194.79,sell,0.4,0.4,,,,,,,1748813061.903
2506,369779158,1748813061908,3,0.0425,0.04252273,46.11,BTC-25JUL25-100000-P,105194.79,sell,0.6,0.6,,,,,,,1748813061.908
2507,369779249,1748813137326,3,0.0425,0.04247009,46.1,BTC-25JUL25-100000-P,105192.76,buy,0.1,0.1,,,,,,,1748813137.326
2508,369779250,1748813137326,3,0.0425,0.04247009,46.1,BTC-25JUL25-100000-P,105192.76,buy,0.9,0.9,,,,,,,1748813137.326
2509,369779257,1748813154716,3,0.0425,0.04245787,46.1,BTC-25JUL25-100000-P,105195.0,buy,1.0,1.0,,,,,,,1748813154.716
2510,369780567,1748813953761,2,0.0415,0.04121155,46.09,BTC-25JUL25-100000-P,105447.75,buy,0.1,0.1,,,,,,,1748813953.761
2512,369781032,1748814592212,3,0.0415,0.04144844,46.1,BTC-25JUL25-100000-P,105446.26,buy,0.4,0.4,,,,,,,1748814592.212
2511,369781031,1748814592212,3,0.0415,0.04144844,46.1,BTC-25JUL25-100000-P,105446.26,buy,0.1,0.1,,,,,,,1748814592.212
2513,369781659,1748815255840,2,0.041,0.04094411,46.1,BTC-25JUL25-100000-P,105586.46,buy,0.1,0.1,,,,,,,1748815255.84
2514,369782644,1748815597225,3,0.041,0.04096436,46.1,BTC-25JUL25-100000-P,105598.5,buy,0.1,0.1,,,,,,,1748815597.225
2515,369782645,1748815597225,3,0.041,0.04096436,46.1,BTC-25JUL25-100000-P,105598.5,buy,0.4,0.4,,,,,,,1748815597.225
2516,369783289,1748816108800,2,0.0405,0.04040373,46.09,BTC-25JUL25-100000-P,105760.71,buy,0.1,0.1,,,,,,,1748816108.8
2517,369783290,1748816108800,3,0.0405,0.04040373,46.09,BTC-25JUL25-100000-P,105760.71,buy,0.4,0.4,,,,,,,1748816108.8
2518,369784168,1748816808878,0,0.041,0.04086991,46.1,BTC-25JUL25-100000-P,105619.45,buy,0.1,0.1,,,,,,,1748816808.878
2519,369788386,1748820067665,2,0.04,0.03991579,46.09,BTC-25JUL25-100000-P,105884.43,sell,0.5,0.5,,,,,,,1748820067.665
2520,369788388,1748820067678,3,0.04,0.03991579,46.09,BTC-25JUL25-100000-P,105884.43,sell,0.4,0.4,,,,,,,1748820067.678
2521,369788397,1748820067794,3,0.04,0.03991579,46.09,BTC-25JUL25-100000-P,105884.43,sell,0.1,0.1,,,,,,,1748820067.794
2522,369795412,1748826894039,0,0.0405,0.04037739,45.86,BTC-25JUL25-100000-P,105661.01,sell,0.1,0.1,,,,,,,1748826894.039
2523,369795813,1748827310449,1,0.0405,0.04048499,45.76,BTC-25JUL25-100000-P,105633.63,sell,0.3,0.3,,,,,,,1748827310.449
2524,369795814,1748827310645,1,0.0405,0.04048499,45.76,BTC-25JUL25-100000-P,105633.63,sell,0.1,0.1,,,,,,,1748827310.645
2525,369795815,1748827310775,1,0.0405,0.04048499,45.76,BTC-25JUL25-100000-P,105633.63,sell,0.1,0.1,,,,,,,1748827310.775
2526,369795816,1748827311516,1,0.0405,0.04047838,45.77,BTC-25JUL25-100000-P,105637.95,sell,0.4,0.4,,,,,,,1748827311.516
2527,369797922,1748828965247,1,0.0405,0.04071004,45.19,BTC-25JUL25-100000-P,105454.7,sell,1.0,1.0,,,,,,,1748828965.247
2528,369799057,1748830354324,0,0.041,0.04094214,45.14,BTC-25JUL25-100000-P,105279.64,buy,0.1,0.1,,,,,,,1748830354.324
2530,369799291,1748830664859,1,0.041,0.04113314,45.09,BTC-25JUL25-100000-P,105264.45,sell,1.0,1.0,,,,,,,1748830664.859
2529,369799290,1748830664859,1,0.041,0.04113314,45.09,BTC-25JUL25-100000-P,105264.45,sell,0.9,0.9,,,,,,,1748830664.859
2531,369799792,1748831334175,1,0.041,0.04107205,45.22,BTC-25JUL25-100000-P,105292.19,buy,0.1,0.1,,,,,,,1748831334.175
2532,369800591,1748832173152,1,0.041,0.04101979,45.34,BTC-25JUL25-100000-P,105356.66,sell,1.0,1.0,,,,,,,1748832173.152
2533,369800592,1748832176482,1,0.041,0.04102023,45.34,BTC-25JUL25-100000-P,105356.5,buy,0.1,0.1,,,,,,,1748832176.482
2534,369801836,1748833360232,0,0.042,0.04199925,45.19,BTC-25JUL25-100000-P,105018.55,buy,0.1,0.1,,,,,,,1748833360.232
2535,369804191,1748834314634,0,0.043,0.04297153,45.27,BTC-25JUL25-100000-P,104778.37,buy,0.1,0.1,,,,,,,1748834314.634
2536,369804192,1748834314636,1,0.043,0.04297153,45.27,BTC-25JUL25-100000-P,104778.37,sell,0.1,0.1,,,,,,,1748834314.636
2537,369805987,1748835174745,2,0.0425,0.04251779,45.23,BTC-25JUL25-100000-P,104892.84,sell,1.2,1.2,,,,,,,1748835174.745
2538,369805988,1748835174745,3,0.0425,0.04251779,45.23,BTC-25JUL25-100000-P,104892.84,sell,1.0,1.0,,,,,,,1748835174.745
2539,369806053,1748835276589,3,0.0425,0.04254632,45.23,BTC-25JUL25-100000-P,104900.88,buy,0.1,0.1,,,,,,,1748835276.589
2540,369806267,1748835674127,3,0.0425,0.04235256,45.4,BTC-25JUL25-100000-P,104966.26,sell,0.1,0.1,,,,,,,1748835674.127
2541,369809362,1748837953265,2,0.042,0.04207549,44.99,BTC-25JUL25-100000-P,104974.44,buy,0.1,0.1,,,,,,,1748837953.265
2542,369812306,1748843114231,0,0.043,0.0431148,45.0,BTC-25JUL25-100000-P,104664.86,buy,0.1,0.1,,,,,,,1748843114.231
2544,369812635,1748843637188,3,0.0425,0.04258622,45.02,BTC-25JUL25-100000-P,104811.51,buy,0.4,0.4,,,,,,,1748843637.188
2543,369812634,1748843637188,2,0.0425,0.04258622,45.02,BTC-25JUL25-100000-P,104811.51,buy,0.1,0.1,,,,,,,1748843637.188
2545,369812647,1748843675479,3,0.0425,0.04252514,45.06,BTC-25JUL25-100000-P,104823.3,sell,0.4,0.4,,,,,,,1748843675.479
2546,369813390,1748845085980,3,0.0425,0.04258975,45.0,BTC-25JUL25-100000-P,104800.3,buy,0.1,0.1,,,,,,,1748845085.98
2547,369813506,1748845205226,3,0.0425,0.04263323,45.02,BTC-25JUL25-100000-P,104806.94,sell,0.1,0.1,,,,,,,1748845205.226
2548,369813508,1748845205297,3,0.0425,0.04263323,45.02,BTC-25JUL25-100000-P,104806.94,sell,0.1,0.1,,,,,,,1748845205.297
2549,369813509,1748845205369,3,0.0425,0.04263323,45.02,BTC-25JUL25-100000-P,104806.94,sell,0.1,0.1,,,,,,,1748845205.369
2550,369814061,1748846045010,2,0.042,0.0418338,45.19,BTC-25JUL25-100000-P,104993.46,buy,1.0,1.0,,,,,,,1748846045.01
2551,369815663,1748847798214,2,0.041,0.04093613,45.31,BTC-25JUL25-100000-P,105308.68,sell,1.0,1.0,,,,,,,1748847798.214
2552,369815664,1748847798214,3,0.041,0.04093613,45.31,BTC-25JUL25-100000-P,105308.68,sell,1.0,1.0,,,,,,,1748847798.214
2553,369816396,1748848713616,2,0.0405,0.04029504,45.32,BTC-25JUL25-100000-P,105422.38,sell,0.4,0.4,,,,,,,1748848713.616
2554,369816469,1748848805875,3,0.0405,0.04037445,45.3,BTC-25JUL25-100000-P,105424.53,sell,0.4,0.4,,,,,,,1748848805.875
2555,369816471,1748848808490,3,0.0405,0.04034893,45.32,BTC-25JUL25-100000-P,105430.06,sell,0.2,0.2,,,,,,,1748848808.49
2556,369816967,1748849427526,0,0.041,0.04078459,45.31,BTC-25JUL25-100000-P,105298.84,buy,1.0,1.0,,,,,,,1748849427.526
2557,369819208,1748850464692,2,0.0405,0.04052844,45.13,BTC-25JUL25-100000-P,105395.07,buy,0.1,0.1,,,,,,,1748850464.692
2558,369819209,1748850464694,3,0.0405,0.04052844,45.13,BTC-25JUL25-100000-P,105395.07,sell,0.8,0.8,,,,,,,1748850464.694
2559,369820637,1748851444198,3,0.0405,0.04025592,45.35,BTC-25JUL25-100000-P,105476.57,sell,0.1,0.1,,,,,,,1748851444.198
2560,369824777,1748853667807,2,0.0395,0.03959101,45.0,BTC-25JUL25-100000-P,105609.83,buy,0.9,0.9,,,,,,,1748853667.807
2562,369825088,1748853994284,1,0.04,0.03996285,45.09,BTC-25JUL25-100000-P,105508.46,buy,0.9,0.9,,,,,,,1748853994.284
2561,369825087,1748853994284,0,0.04,0.03996285,45.09,BTC-25JUL25-100000-P,105508.46,buy,0.1,0.1,,,,,,,1748853994.284
2563,369825882,1748854620370,0,0.0405,0.04035288,45.2,BTC-25JUL25-100000-P,105388.18,sell,1.0,1.0,,,,,,,1748854620.37
2564,369830672,1748856600401,0,0.0425,0.04249731,45.08,BTC-25JUL25-100000-P,104791.35,buy,0.1,0.1,,,,,,,1748856600.401
2565,369831416,1748856962673,1,0.0425,0.04238212,45.15,BTC-25JUL25-100000-P,104827.18,buy,0.1,0.1,,,,,,,1748856962.673
2566,369834145,1748858605598,0,0.043,0.04310261,44.99,BTC-25JUL25-100000-P,104615.99,sell,1.0,1.0,,,,,,,1748858605.598
2567,369834146,1748858605598,1,0.043,0.04310261,44.99,BTC-25JUL25-100000-P,104615.99,sell,1.0,1.0,,,,,,,1748858605.598
2568,369834366,1748858660761,0,0.0435,0.04347749,45.06,BTC-25JUL25-100000-P,104512.77,buy,0.1,0.1,,,,,,,1748858660.761
2570,369834368,1748858660761,1,0.0435,0.04347749,45.06,BTC-25JUL25-100000-P,104512.77,buy,4.1,4.1,,,,,,,1748858660.761
2569,369834367,1748858660761,1,0.0435,0.04347749,45.06,BTC-25JUL25-100000-P,104512.77,buy,0.8,0.8,,,,,,,1748858660.761
2571,369835350,1748859375716,2,0.043,0.04301088,45.0,BTC-25JUL25-100000-P,104612.97,buy,0.2,0.2,,,,,,,1748859375.716
2572,369835351,1748859375716,3,0.043,0.04301088,45.0,BTC-25JUL25-100000-P,104612.97,buy,0.2,0.2,,,,,,,1748859375.716
2573,369836194,1748859421794,0,0.0435,0.04364866,44.91,BTC-25JUL25-100000-P,104443.0,sell,0.2,0.2,,,,,,,1748859421.794
2574,369836196,1748859421808,1,0.0435,0.04364866,44.91,BTC-25JUL25-100000-P,104443.0,sell,0.3,0.3,,,,,,,1748859421.808
2575,369836205,1748859421899,1,0.0435,0.04364866,44.91,BTC-25JUL25-100000-P,104443.0,sell,0.2,0.2,,,,,,,1748859421.899
2576,369836231,1748859424522,1,0.0435,0.04364221,44.96,BTC-25JUL25-100000-P,104457.73,sell,0.3,0.3,,,,,,,1748859424.522
2577,369836234,1748859424534,1,0.0435,0.04364221,44.96,BTC-25JUL25-100000-P,104457.73,sell,0.1,0.1,,,,,,,1748859424.534
2578,369836246,1748859425520,1,0.0435,0.04358338,44.98,BTC-25JUL25-100000-P,104465.58,sell,0.3,0.3,,,,,,,1748859425.52
2579,369836327,1748859482518,1,0.0435,0.04352794,45.0,BTC-25JUL25-100000-P,104466.98,sell,0.9,0.9,,,,,,,1748859482.518
2580,369837206,1748859877270,0,0.044,0.04394349,45.0,BTC-25JUL25-100000-P,104357.26,buy,0.1,0.1,,,,,,,1748859877.27
2581,369837207,1748859877270,1,0.044,0.04394349,45.0,BTC-25JUL25-100000-P,104357.26,buy,0.2,0.2,,,,,,,1748859877.27
2582,369837208,1748859877274,1,0.044,0.04394349,45.0,BTC-25JUL25-100000-P,104357.26,sell,0.7,0.7,,,,,,,1748859877.274
2583,369837209,1748859877274,1,0.044,0.04394349,45.0,BTC-25JUL25-100000-P,104357.26,sell,0.7,0.7,,,,,,,1748859877.274
2584,369837266,1748859894880,1,0.044,0.04399832,45.0,BTC-25JUL25-100000-P,104358.56,buy,0.3,0.3,,,,,,,1748859894.88
2585,369837267,1748859894883,1,0.044,0.04399832,45.0,BTC-25JUL25-100000-P,104358.56,sell,0.7,0.7,,,,,,,1748859894.883
2586,369840800,1748862746700,2,0.0435,0.04333139,45.08,BTC-25JUL25-100000-P,104488.92,sell,1.0,1.0,,,,,,,1748862746.7
2588,369840960,1748862810116,3,0.0435,0.04349068,44.95,BTC-25JUL25-100000-P,104448.77,buy,0.1,0.1,,,,,,,1748862810.116
2587,369840959,1748862810116,3,0.0435,0.04349068,44.95,BTC-25JUL25-100000-P,104448.77,buy,0.2,0.2,,,,,,,1748862810.116
2589,369840961,1748862810126,3,0.0435,0.04349068,44.95,BTC-25JUL25-100000-P,104448.77,buy,0.1,0.1,,,,,,,1748862810.126
2590,369841545,1748863590989,3,0.0435,0.04385126,44.65,BTC-25JUL25-100000-P,104330.48,sell,0.5,0.5,,,,,,,1748863590.989
2591,369841546,1748863590996,3,0.0435,0.04385126,44.65,BTC-25JUL25-100000-P,104330.48,sell,0.1,0.1,,,,,,,1748863590.996
2592,369843400,1748864758163,0,0.045,0.04478323,44.89,BTC-25JUL25-100000-P,104033.18,buy,0.2,0.2,,,,,,,1748864758.163
2593,369844570,1748865076173,1,0.045,0.04462618,45.14,BTC-25JUL25-100000-P,104119.37,buy,0.1,0.1,,,,,,,1748865076.173
2594,369847850,1748867210611,1,0.045,0.04498386,44.79,BTC-25JUL25-100000-P,104000.51,sell,0.1,0.1,,,,,,,1748867210.611
2595,369847857,1748867213963,1,0.045,0.04490903,44.84,BTC-25JUL25-100000-P,104016.34,sell,0.1,0.1,,,,,,,1748867213.963
2596,369847901,1748867219184,1,0.045,0.04484799,44.84,BTC-25JUL25-100000-P,104016.98,sell,0.1,0.1,,,,,,,1748867219.184
2597,369847902,1748867219222,1,0.045,0.04484799,44.84,BTC-25JUL25-100000-P,104016.98,sell,0.2,0.2,,,,,,,1748867219.222
2598,369847903,1748867219222,1,0.045,0.04484799,44.84,BTC-25JUL25-100000-P,104016.98,sell,0.1,0.1,,,,,,,1748867219.222
2600,369847988,1748867285652,3,0.0445,0.04478454,44.53,BTC-25JUL25-100000-P,104046.96,sell,0.1,0.1,,,,,,,1748867285.652
2599,369847987,1748867285652,2,0.0445,0.04478454,44.53,BTC-25JUL25-100000-P,104046.96,sell,1.0,1.0,,,,,,,1748867285.652
2601,369848058,1748867313929,2,0.044,0.04456297,44.28,BTC-25JUL25-100000-P,104069.57,sell,0.4,0.4,,,,,,,1748867313.929
2602,369848153,1748867352609,3,0.044,0.04430521,44.37,BTC-25JUL25-100000-P,104084.31,buy,0.2,0.2,,,,,,,1748867352.609
2603,369848203,1748867389443,3,0.044,0.04424444,44.42,BTC-25JUL25-100000-P,104091.61,sell,0.2,0.2,,,,,,,1748867389.443
2604,369848204,1748867389450,3,0.044,0.04424444,44.42,BTC-25JUL25-100000-P,104091.61,sell,0.1,0.1,,,,,,,1748867389.45
2605,369848302,1748867512234,3,0.044,0.0441335,44.48,BTC-25JUL25-100000-P,104108.97,sell,0.2,0.2,,,,,,,1748867512.234
2606,369848303,1748867512240,3,0.044,0.0441335,44.48,BTC-25JUL25-100000-P,104108.97,sell,0.3,0.3,,,,,,,1748867512.24
2607,369848304,1748867512240,3,0.044,0.0441335,44.48,BTC-25JUL25-100000-P,104108.97,sell,0.1,0.1,,,,,,,1748867512.24
2608,369849070,1748868046913,2,0.0435,0.04361007,44.41,BTC-25JUL25-100000-P,104215.56,sell,0.1,0.1,,,,,,,1748868046.913
2609,369850280,1748869440968,3,0.0435,0.04337167,44.53,BTC-25JUL25-100000-P,104264.13,buy,0.3,0.3,,,,,,,1748869440.968
2611,369850282,1748869440970,3,0.0435,0.04337167,44.53,BTC-25JUL25-100000-P,104264.13,sell,0.2,0.2,,,,,,,1748869440.97
2610,369850281,1748869440970,3,0.0435,0.04337167,44.53,BTC-25JUL25-100000-P,104264.13,sell,1.5,1.5,,,,,,,1748869440.97
2612,369850647,1748869787441,0,0.044,0.04399161,44.4,BTC-25JUL25-100000-P,104078.81,buy,0.7,0.7,,,,,,,1748869787.441
2613,369850673,1748869798239,1,0.044,0.0440019,44.4,BTC-25JUL25-100000-P,104079.47,sell,0.3,0.3,,,,,,,1748869798.239
2614,369851166,1748870379577,1,0.044,0.04392764,44.4,BTC-25JUL25-100000-P,104068.98,buy,1.0,1.0,,,,,,,1748870379.577
2615,369855525,1748870736897,0,0.0445,0.04444018,44.37,BTC-25JUL25-100000-P,103956.78,sell,1.0,1.0,,,,,,,1748870736.897
2616,369857102,1748871126457,2,0.044,0.04395595,44.42,BTC-25JUL25-100000-P,104083.26,sell,0.1,0.1,,,,,,,1748871126.457
2617,369862499,1748872237031,0,0.045,0.04494767,44.48,BTC-25JUL25-100000-P,103908.29,buy,0.1,0.1,,,,,,,1748872237.031
2618,369862879,1748872280648,1,0.045,0.04498228,44.47,BTC-25JUL25-100000-P,103904.92,sell,0.1,0.1,,,,,,,1748872280.648
2619,369866666,1748872900459,0,0.0455,0.04546276,44.53,BTC-25JUL25-100000-P,103802.1,sell,0.2,0.2,,,,,,,1748872900.459
2620,369866744,1748872918021,2,0.045,0.04489291,44.51,BTC-25JUL25-100000-P,103916.39,buy,0.2,0.2,,,,,,,1748872918.021
2621,369880482,1748875565735,2,0.043,0.04308855,44.37,BTC-25JUL25-100000-P,104371.61,sell,0.2,0.2,,,,,,,1748875565.735
2622,369880800,1748875633871,0,0.0435,0.04354041,44.43,BTC-25JUL25-100000-P,104272.55,sell,0.1,0.1,,,,,,,1748875633.871
2623,369881131,1748875752267,0,0.044,0.04406067,44.4,BTC-25JUL25-100000-P,104126.62,buy,0.1,0.1,,,,,,,1748875752.267
2624,369882166,1748876137566,1,0.044,0.04410431,44.36,BTC-25JUL25-100000-P,104115.09,sell,0.2,0.2,,,,,,,1748876137.566
2625,369882167,1748876137716,1,0.044,0.04410431,44.36,BTC-25JUL25-100000-P,104115.09,sell,0.2,0.2,,,,,,,1748876137.716
2626,369882168,1748876140954,1,0.044,0.04405642,44.4,BTC-25JUL25-100000-P,104127.35,sell,0.1,0.1,,,,,,,1748876140.954
2627,369882170,1748876141537,1,0.044,0.04404428,44.4,BTC-25JUL25-100000-P,104129.59,sell,0.1,0.1,,,,,,,1748876141.537
2628,369882171,1748876146021,1,0.044,0.04401894,44.4,BTC-25JUL25-100000-P,104127.45,buy,0.1,0.1,,,,,,,1748876146.021
2629,369882172,1748876146021,1,0.044,0.04401894,44.4,BTC-25JUL25-100000-P,104127.45,buy,0.5,0.5,,,,,,,1748876146.021
2630,369882282,1748876159114,1,0.044,0.04401257,44.4,BTC-25JUL25-100000-P,104128.19,buy,0.7,0.7,,,,,,,1748876159.114
2631,369892496,1748879347028,2,0.043,0.04301807,44.31,BTC-25JUL25-100000-P,104366.03,buy,0.2,0.2,,,,,,,1748879347.028
2632,369892695,1748879446186,3,0.043,0.04287466,44.41,BTC-25JUL25-100000-P,104394.21,sell,0.1,0.1,,,,,,,1748879446.186
2633,369893170,1748879931778,2,0.0425,0.04266735,44.15,BTC-25JUL25-100000-P,104430.23,sell,0.3,0.3,,,,,,,1748879931.778
2634,369898011,1748881279492,2,0.0419,0.04199306,43.39,BTC-25JUL25-100000-P,104285.36,buy,7.0,7.0,3.0,BLOCK-202702,,,5197.0,,1748881279.492
2635,369898045,1748881310758,0,0.042,0.0418793,43.54,BTC-25JUL25-100000-P,104309.77,buy,0.1,0.1,,,,,,,1748881310.758
2636,369898046,1748881315465,1,0.042,0.04189377,43.56,BTC-25JUL25-100000-P,104314.04,sell,1.9,1.9,,,,,,,1748881315.465
2637,369898290,1748881470327,0,0.0425,0.04225923,43.66,BTC-25JUL25-100000-P,104231.66,sell,4.0,4.0,,,,,,,1748881470.327
2638,369898886,1748881707847,0,0.043,0.04290827,43.72,BTC-25JUL25-100000-P,104122.09,sell,2.0,2.0,,,,,,,1748881707.847
2639,369899190,1748881822482,1,0.043,0.04287061,43.83,BTC-25JUL25-100000-P,104164.06,sell,2.0,2.0,,,,,,,1748881822.482
2640,369899929,1748882133452,1,0.043,0.04285779,43.88,BTC-25JUL25-100000-P,104197.75,sell,1.0,1.0,,,,,,,1748882133.452
2641,369901025,1748882863230,1,0.043,0.04292494,43.96,BTC-25JUL25-100000-P,104226.86,sell,2.0,2.0,,,,,,,1748882863.23
2642,369901026,1748882863305,1,0.043,0.04292494,43.96,BTC-25JUL25-100000-P,104226.86,buy,0.1,0.1,,,,,,,1748882863.305
2643,369901670,1748883257621,1,0.043,0.04283129,43.98,BTC-25JUL25-100000-P,104222.36,sell,0.2,0.2,,,,,,,1748883257.621
2644,369902056,1748883435820,2,0.0425,0.04224866,44.04,BTC-25JUL25-100000-P,104389.12,buy,0.1,0.1,,,,,,,1748883435.82
2645,369902273,1748883673851,3,0.0425,0.04260813,43.83,BTC-25JUL25-100000-P,104323.54,sell,0.2,0.2,,,,,,,1748883673.851
2646,369903026,1748884670104,0,0.043,0.04293509,43.98,BTC-25JUL25-100000-P,104224.82,sell,0.7,0.7,,,,,,,1748884670.104
2647,369903817,1748885406116,2,0.042,0.04219815,43.86,BTC-25JUL25-100000-P,104457.6,sell,0.8,0.8,,,,,,,1748885406.116
2648,369903818,1748885406116,3,0.042,0.04219815,43.86,BTC-25JUL25-100000-P,104457.6,sell,0.9,0.9,,,,,,,1748885406.116
2649,369903819,1748885406118,3,0.042,0.04219815,43.86,BTC-25JUL25-100000-P,104457.6,buy,8.5,8.5,,,,,,,1748885406.118
2650,369903820,1748885406129,3,0.042,0.04219815,43.86,BTC-25JUL25-100000-P,104457.6,buy,0.1,0.1,,,,,,,1748885406.129
2651,369906528,1748888030029,0,0.0425,0.04242664,44.04,BTC-25JUL25-100000-P,104387.54,buy,0.1,0.1,,,,,,,1748888030.029
2652,369907390,1748888741069,2,0.0415,0.04146331,44.08,BTC-25JUL25-100000-P,104663.0,sell,1.1,1.1,,,,,,,1748888741.069
2654,369914695,1748893707053,1,0.043,0.04303741,43.94,BTC-25JUL25-100000-P,104217.19,sell,0.6,0.6,,,,,,,1748893707.053
2653,369914694,1748893707053,0,0.043,0.04303741,43.94,BTC-25JUL25-100000-P,104217.19,sell,0.6,0.6,,,,,,,1748893707.053
2655,369914696,1748893707053,1,0.043,0.04303741,43.94,BTC-25JUL25-100000-P,104217.19,sell,2.4,2.4,,,,,,,1748893707.053
2656,369914697,1748893707063,1,0.043,0.04303741,43.94,BTC-25JUL25-100000-P,104217.19,buy,0.2,0.2,,,,,,,1748893707.063
2657,369914698,1748893707082,1,0.043,0.04303741,43.94,BTC-25JUL25-100000-P,104217.19,buy,0.2,0.2,,,,,,,1748893707.082
2658,369919261,1748895591166,2,0.0405,0.04043352,43.98,BTC-25JUL25-100000-P,104911.2,buy,0.1,0.1,,,,,,,1748895591.166
2659,369931260,1748903155127,2,0.0375,0.03732906,43.89,BTC-25JUL25-100000-P,105669.42,sell,0.2,0.2,,,,,,,1748903155.127
2660,369931261,1748903155143,3,0.0375,0.03732906,43.89,BTC-25JUL25-100000-P,105669.42,sell,0.4,0.4,,,,,,,1748903155.143
2661,369931262,1748903155146,3,0.0375,0.03732906,43.89,BTC-25JUL25-100000-P,105669.42,sell,0.2,0.2,,,,,,,1748903155.146
2662,369931285,1748903155293,3,0.0375,0.03732906,43.89,BTC-25JUL25-100000-P,105669.42,sell,1.2,1.2,,,,,,,1748903155.293
2663,369933140,1748903911519,3,0.0375,0.03728038,43.96,BTC-25JUL25-100000-P,105701.03,buy,0.1,0.1,,,,,,,1748903911.519
2664,369944547,1748911410416,2,0.036,0.03597116,44.24,BTC-25JUL25-100000-P,106225.11,buy,0.1,0.1,,,,,,,1748911410.416
2665,369953191,1748918540321,0,0.0365,0.036323,44.34,BTC-25JUL25-100000-P,106098.54,buy,0.1,0.1,,,,,,,1748918540.321
2666,369953194,1748918547394,1,0.0365,0.03635088,44.33,BTC-25JUL25-100000-P,106095.09,sell,0.1,0.1,,,,,,,1748918547.394
2667,369956752,1748920354675,0,0.0385,0.03837719,44.29,BTC-25JUL25-100000-P,105483.75,buy,0.1,0.1,,,,,,,1748920354.675
2668,369956753,1748920354675,1,0.0385,0.03837719,44.29,BTC-25JUL25-100000-P,105483.75,buy,0.6,0.6,,,,,,,1748920354.675
2669,369956891,1748920409789,1,0.0385,0.03844905,44.25,BTC-25JUL25-100000-P,105472.43,sell,0.2,0.2,,,,,,,1748920409.789
2670,369958422,1748922300247,2,0.038,0.03794974,44.23,BTC-25JUL25-100000-P,105601.43,buy,0.1,0.1,,,,,,,1748922300.247
2671,369958487,1748922425892,3,0.038,0.03785629,44.3,BTC-25JUL25-100000-P,105621.23,buy,0.1,0.1,,,,,,,1748922425.892
2672,369958489,1748922431864,3,0.038,0.03785959,44.3,BTC-25JUL25-100000-P,105621.27,buy,0.1,0.1,,,,,,,1748922431.864
2673,369958500,1748922454757,3,0.038,0.03787768,44.28,BTC-25JUL25-100000-P,105617.22,buy,0.2,0.2,,,,,,,1748922454.757
2674,369958994,1748923545137,0,0.0385,0.0384092,44.32,BTC-25JUL25-100000-P,105508.35,buy,0.2,0.2,,,,,,,1748923545.137
2675,369959243,1748923847134,0,0.039,0.03886348,44.4,BTC-25JUL25-100000-P,105402.99,buy,0.2,0.2,,,,,,,1748923847.134
2676,369959315,1748923935964,1,0.039,0.03889951,44.41,BTC-25JUL25-100000-P,105398.74,sell,0.2,0.2,,,,,,,1748923935.964
2677,369959626,1748924436139,1,0.039,0.03887922,44.45,BTC-25JUL25-100000-P,105411.92,buy,0.1,0.1,,,,,,,1748924436.139
2678,369959645,1748924448938,1,0.039,0.03887536,44.46,BTC-25JUL25-100000-P,105412.45,sell,0.9,0.9,,,,,,,1748924448.938
2679,369959684,1748924711286,1,0.039,0.03890668,44.49,BTC-25JUL25-100000-P,105420.78,sell,1.5,1.5,,,,,,,1748924711.286
2680,369960306,1748925400630,0,0.0395,0.03945719,44.44,BTC-25JUL25-100000-P,105272.57,buy,0.1,0.1,,,,,,,1748925400.63
2682,369960354,1748925564388,1,0.0395,0.03940058,44.53,BTC-25JUL25-100000-P,105305.56,sell,0.1,0.1,,,,,,,1748925564.388
2681,369960353,1748925564388,1,0.0395,0.03940058,44.53,BTC-25JUL25-100000-P,105305.56,sell,0.9,0.9,,,,,,,1748925564.388
2683,369962143,1748928765661,1,0.0395,0.03944043,44.74,BTC-25JUL25-100000-P,105370.26,buy,0.1,0.1,,,,,,,1748928765.661
2684,369964658,1748933347148,2,0.0394,0.03942037,44.55,BTC-25JUL25-100000-P,105348.85,buy,50.0,50.0,6.0,BLOCK-202810,,,5242.0,,1748933347.148
2685,369966312,1748934813426,2,0.0393,0.03913302,44.7,BTC-25JUL25-100000-P,105448.23,buy,250.0,250.0,8.0,BLOCK-202817,,,5247.0,,1748934813.426
2686,369966572,1748935269297,0,0.0395,0.03938789,44.67,BTC-25JUL25-100000-P,105380.41,buy,0.1,0.1,,,,,,,1748935269.297
2687,369977509,1748940699380,0,0.0405,0.04044838,44.64,BTC-25JUL25-100000-P,105067.12,sell,1.0,1.0,,,,,,,1748940699.38
2688,369977515,1748940701970,1,0.0405,0.04044134,44.65,BTC-25JUL25-100000-P,105070.53,buy,0.1,0.1,,,,,,,1748940701.97
2689,369979290,1748942028186,2,0.04,0.0400015,44.57,BTC-25JUL25-100000-P,105199.55,sell,0.6,0.6,,,,,,,1748942028.186
2690,369979582,1748942470582,3,0.04,0.04000585,44.53,BTC-25JUL25-100000-P,105185.85,buy,0.2,0.2,,,,,,,1748942470.582
2691,369979583,1748942470587,3,0.04,0.04000585,44.53,BTC-25JUL25-100000-P,105185.85,buy,0.1,0.1,,,,,,,1748942470.587
2692,369979584,1748942470607,3,0.04,0.04000585,44.53,BTC-25JUL25-100000-P,105185.85,buy,0.1,0.1,,,,,,,1748942470.607
2693,369979591,1748942472787,3,0.04,0.04001154,44.42,BTC-25JUL25-100000-P,105145.57,buy,0.4,0.4,,,,,,,1748942472.787
2694,369979658,1748942771814,3,0.04,0.04009728,44.39,BTC-25JUL25-100000-P,105126.11,buy,0.2,0.2,,,,,,,1748942771.814
2695,369983065,1748945670420,2,0.039,0.03905791,44.2,BTC-25JUL25-100000-P,105325.76,sell,0.2,0.2,,,,,,,1748945670.42
2696,369983066,1748945673770,3,0.039,0.0390443,44.21,BTC-25JUL25-100000-P,105329.94,sell,0.2,0.2,,,,,,,1748945673.77
2697,369983295,1748946074066,3,0.039,0.03910916,44.19,BTC-25JUL25-100000-P,105337.75,sell,0.6,0.6,,,,,,,1748946074.066
2698,369983472,1748946541038,2,0.0385,0.03907461,43.78,BTC-25JUL25-100000-P,105322.49,sell,0.2,0.2,,,,,,,1748946541.038
2699,369985843,1748948086281,0,0.039,0.03899987,44.09,BTC-25JUL25-100000-P,105295.94,buy,0.6,0.6,,,,,,,1748948086.281
2700,369985844,1748948086281,1,0.039,0.03899987,44.09,BTC-25JUL25-100000-P,105295.94,buy,0.1,0.1,,,,,,,1748948086.281
2703,369987845,1748949777079,1,0.039,0.03889572,44.1,BTC-25JUL25-100000-P,105298.44,buy,0.7,0.7,,,,,,,1748949777.079
2701,369987843,1748949777079,1,0.039,0.03889572,44.1,BTC-25JUL25-100000-P,105298.44,buy,0.1,0.1,,,,,,,1748949777.079
2702,369987844,1748949777079,1,0.039,0.03889572,44.1,BTC-25JUL25-100000-P,105298.44,buy,0.2,0.2,,,,,,,1748949777.079
2705,369988043,1748950230234,1,0.039,0.03899754,44.1,BTC-25JUL25-100000-P,105296.36,buy,0.1,0.1,,,,,,,1748950230.234
2704,369988042,1748950230234,1,0.039,0.03899754,44.1,BTC-25JUL25-100000-P,105296.36,buy,0.2,0.2,,,,,,,1748950230.234
2706,369988243,1748950483001,1,0.039,0.03902882,44.1,BTC-25JUL25-100000-P,105289.11,sell,0.2,0.2,,,,,,,1748950483.001
2707,369988288,1748950638089,1,0.039,0.03902806,44.1,BTC-25JUL25-100000-P,105289.34,buy,0.1,0.1,,,,,,,1748950638.089
2708,369988534,1748951298691,1,0.039,0.03894228,44.09,BTC-25JUL25-100000-P,105287.11,buy,0.1,0.1,,,,,,,1748951298.691
2709,369988535,1748951298691,1,0.039,0.03894228,44.09,BTC-25JUL25-100000-P,105287.11,buy,0.9,0.9,,,,,,,1748951298.691
2710,369988542,1748951318829,1,0.039,0.03899426,44.1,BTC-25JUL25-100000-P,105291.71,buy,1.0,1.0,,,,,,,1748951318.829
2711,369989973,1748952592835,2,0.0385,0.03863182,43.83,BTC-25JUL25-100000-P,105318.08,sell,0.1,0.1,,,,,,,1748952592.835
2712,369991731,1748955355997,3,0.0385,0.03854319,43.9,BTC-25JUL25-100000-P,105362.71,buy,0.1,0.1,,,,,,,1748955355.997
2713,369994754,1748957801798,0,0.039,0.03914053,43.87,BTC-25JUL25-100000-P,105194.54,sell,0.5,0.5,,,,,,,1748957801.798
2714,369995141,1748958062084,2,0.038,0.03814348,43.82,BTC-25JUL25-100000-P,105459.49,sell,1.0,1.0,,,,,,,1748958062.084
2715,370019982,1748966680227,2,0.0345,0.03456876,43.7,BTC-25JUL25-100000-P,106481.54,buy,0.1,0.1,,,,,,,1748966680.227
2716,370020979,1748967204903,3,0.0345,0.03452251,43.7,BTC-25JUL25-100000-P,106479.41,buy,0.1,0.1,,,,,,,1748967204.903
2717,370021024,1748967234824,3,0.0345,0.03458317,43.7,BTC-25JUL25-100000-P,106478.82,sell,0.5,0.5,,,,,,,1748967234.824
2718,370021025,1748967234824,3,0.0345,0.03458317,43.7,BTC-25JUL25-100000-P,106478.82,sell,1.0,1.0,,,,,,,1748967234.824
2719,370021026,1748967234824,3,0.0345,0.03458317,43.7,BTC-25JUL25-100000-P,106478.82,sell,1.0,1.0,,,,,,,1748967234.824
2720,370021112,1748967285538,3,0.0345,0.03455052,43.73,BTC-25JUL25-100000-P,106487.98,sell,5.0,5.0,,,,,,,1748967285.538
2721,370021548,1748967504952,3,0.0345,0.03443805,43.79,BTC-25JUL25-100000-P,106527.38,buy,0.1,0.1,,,,,,,1748967504.952
2722,370022040,1748968021476,0,0.035,0.03486066,43.87,BTC-25JUL25-100000-P,106409.41,buy,0.1,0.1,,,,,,,1748968021.476
2724,370022953,1748968808096,1,0.035,0.03515896,43.67,BTC-25JUL25-100000-P,106326.89,sell,1.0,1.0,,,,,,,1748968808.096
2723,370022952,1748968808096,1,0.035,0.03515896,43.67,BTC-25JUL25-100000-P,106326.89,sell,1.0,1.0,,,,,,,1748968808.096
2726,370022955,1748968808096,1,0.035,0.03515896,43.67,BTC-25JUL25-100000-P,106326.89,sell,1.0,1.0,,,,,,,1748968808.096
2725,370022954,1748968808096,1,0.035,0.03515896,43.67,BTC-25JUL25-100000-P,106326.89,sell,0.5,0.5,,,,,,,1748968808.096
2728,370022994,1748968849717,1,0.035,0.0351486,43.67,BTC-25JUL25-100000-P,106320.63,sell,1.0,1.0,,,,,,,1748968849.717
2730,370022996,1748968849717,1,0.035,0.0351486,43.67,BTC-25JUL25-100000-P,106320.63,sell,1.0,1.0,,,,,,,1748968849.717
2727,370022993,1748968849717,1,0.035,0.0351486,43.67,BTC-25JUL25-100000-P,106320.63,sell,0.5,0.5,,,,,,,1748968849.717
2729,370022995,1748968849717,1,0.035,0.0351486,43.67,BTC-25JUL25-100000-P,106320.63,sell,1.0,1.0,,,,,,,1748968849.717
2732,370026820,1748970830817,1,0.036,0.03612649,43.68,BTC-25JUL25-100000-P,106007.68,sell,1.0,1.0,,,,,,,1748970830.817
2733,370026821,1748970830817,1,0.036,0.03612649,43.68,BTC-25JUL25-100000-P,106007.68,sell,0.5,0.5,,,,,,,1748970830.817
2734,370026822,1748970830817,1,0.036,0.03612649,43.68,BTC-25JUL25-100000-P,106007.68,sell,1.0,1.0,,,,,,,1748970830.817
2731,370026819,1748970830817,0,0.036,0.03612649,43.68,BTC-25JUL25-100000-P,106007.68,sell,1.0,1.0,,,,,,,1748970830.817
2735,370027420,1748971877538,1,0.036,0.03607475,43.7,BTC-25JUL25-100000-P,106017.45,buy,0.1,0.1,,,,,,,1748971877.538
2736,370028109,1748972355868,1,0.036,0.03612073,43.7,BTC-25JUL25-100000-P,106013.99,buy,0.1,0.1,,,,,,,1748972355.868
2737,370029024,1748973385054,1,0.036,0.03604393,43.69,BTC-25JUL25-100000-P,106011.06,buy,0.1,0.1,,,,,,,1748973385.054
2738,370029331,1748973769225,0,0.0365,0.03658871,43.7,BTC-25JUL25-100000-P,105869.42,buy,0.1,0.1,,,,,,,1748973769.225
2739,370029736,1748973883437,1,0.0365,0.0367046,43.6,BTC-25JUL25-100000-P,105816.49,sell,0.5,0.5,,,,,,,1748973883.437
2740,370029737,1748973883437,1,0.0365,0.0367046,43.6,BTC-25JUL25-100000-P,105816.49,sell,1.0,1.0,,,,,,,1748973883.437
2742,370029739,1748973883437,1,0.0365,0.0367046,43.6,BTC-25JUL25-100000-P,105816.49,sell,1.0,1.0,,,,,,,1748973883.437
2741,370029738,1748973883437,1,0.0365,0.0367046,43.6,BTC-25JUL25-100000-P,105816.49,sell,1.0,1.0,,,,,,,1748973883.437
2743,370030178,1748974253112,0,0.037,0.03699393,43.69,BTC-25JUL25-100000-P,105729.47,buy,0.1,0.1,,,,,,,1748974253.112
2744,370030183,1748974257769,1,0.037,0.03707989,43.7,BTC-25JUL25-100000-P,105730.61,sell,0.4,0.4,,,,,,,1748974257.769
2745,370030184,1748974257769,1,0.037,0.03707989,43.7,BTC-25JUL25-100000-P,105730.61,sell,1.0,1.0,,,,,,,1748974257.769
2746,370030185,1748974257769,1,0.037,0.03707989,43.7,BTC-25JUL25-100000-P,105730.61,sell,1.0,1.0,,,,,,,1748974257.769
2748,370030723,1748974753900,1,0.037,0.03712951,43.69,BTC-25JUL25-100000-P,105723.3,sell,1.0,1.0,,,,,,,1748974753.9
2749,370030724,1748974753900,1,0.037,0.03712951,43.69,BTC-25JUL25-100000-P,105723.3,sell,1.0,1.0,,,,,,,1748974753.9
2747,370030722,1748974753900,1,0.037,0.03712951,43.69,BTC-25JUL25-100000-P,105723.3,sell,0.5,0.5,,,,,,,1748974753.9
2750,370031140,1748975549596,2,0.0365,0.03661705,43.69,BTC-25JUL25-100000-P,105864.67,sell,1.0,1.0,,,,,,,1748975549.596
2752,370031142,1748975549596,3,0.0365,0.03661705,43.69,BTC-25JUL25-100000-P,105864.67,sell,1.0,1.0,,,,,,,1748975549.596
2751,370031141,1748975549596,3,0.0365,0.03661705,43.69,BTC-25JUL25-100000-P,105864.67,sell,0.5,0.5,,,,,,,1748975549.596
2753,370031152,1748975569309,3,0.0365,0.03659722,43.7,BTC-25JUL25-100000-P,105866.85,buy,0.1,0.1,,,,,,,1748975569.309
2754,370031266,1748975708174,3,0.0365,0.03665433,43.64,BTC-25JUL25-100000-P,105840.12,sell,1.0,1.0,,,,,,,1748975708.174
2756,370031268,1748975708174,3,0.0365,0.03665433,43.64,BTC-25JUL25-100000-P,105840.12,sell,1.0,1.0,,,,,,,1748975708.174
2755,370031267,1748975708174,3,0.0365,0.03665433,43.64,BTC-25JUL25-100000-P,105840.12,sell,0.5,0.5,,,,,,,1748975708.174
2757,370031379,1748975931832,3,0.0365,0.0365493,43.7,BTC-25JUL25-100000-P,105870.68,buy,0.1,0.1,,,,,,,1748975931.832
2758,370031556,1748975991171,2,0.036,0.03612487,43.68,BTC-25JUL25-100000-P,106015.45,sell,0.8,0.8,,,,,,,1748975991.171
2759,370031557,1748975991171,3,0.036,0.03612487,43.68,BTC-25JUL25-100000-P,106015.45,sell,1.0,1.0,,,,,,,1748975991.171
2760,370031558,1748975991171,3,0.036,0.03612487,43.68,BTC-25JUL25-100000-P,106015.45,sell,0.2,0.2,,,,,,,1748975991.171
2761,370031988,1748976466580,3,0.036,0.03595165,43.7,BTC-25JUL25-100000-P,106027.22,buy,0.1,0.1,,,,,,,1748976466.58
2762,370031989,1748976466584,3,0.036,0.03595165,43.7,BTC-25JUL25-100000-P,106027.22,sell,0.6,0.6,,,,,,,1748976466.584
2763,370032294,1748977098705,2,0.0355,0.03573355,43.43,BTC-25JUL25-100000-P,106066.49,sell,0.1,0.1,,,,,,,1748977098.705
2764,370034273,1748979188826,2,0.0345,0.03457832,43.6,BTC-25JUL25-100000-P,106455.1,sell,2.0,2.0,,,,,,,1748979188.826
2765,370042127,1748986723735,0,0.037,0.03682099,43.42,BTC-25JUL25-100000-P,105625.12,buy,0.1,0.1,,,,,,,1748986723.735
2766,370049742,1748994548534,0,0.038,0.03784186,43.69,BTC-25JUL25-100000-P,105411.2,sell,1.0,1.0,,,,,,,1748994548.534
2767,370049944,1748994696040,1,0.038,0.03788795,43.66,BTC-25JUL25-100000-P,105397.85,buy,0.1,0.1,,,,,,,1748994696.04
2768,370049988,1748994762024,1,0.038,0.0379221,43.67,BTC-25JUL25-100000-P,105400.34,sell,1.0,1.0,,,,,,,1748994762.024
2769,370050624,1748995558751,2,0.0375,0.0373564,43.76,BTC-25JUL25-100000-P,105582.92,sell,1.0,1.0,,,,,,,1748995558.751
2770,370052326,1748997341566,0,0.038,0.03794018,43.59,BTC-25JUL25-100000-P,105367.06,buy,0.1,0.1,,,,,,,1748997341.566
2771,370053968,1748997933675,1,0.038,0.03805213,43.54,BTC-25JUL25-100000-P,105340.78,sell,0.2,0.2,,,,,,,1748997933.675
2772,370054182,1748998066727,1,0.038,0.03792584,43.69,BTC-25JUL25-100000-P,105413.61,sell,1.0,1.0,,,,,,,1748998066.727
2773,370056467,1749000936232,2,0.037,0.03690294,43.6,BTC-25JUL25-100000-P,105650.05,buy,0.1,0.1,,,,,,,1749000936.232
2774,370057552,1749002667388,2,0.0365,0.03642827,43.5,BTC-25JUL25-100000-P,105744.91,sell,1.0,1.0,,,,,,,1749002667.388
2775,370060030,1749004493304,3,0.0365,0.03612447,43.44,BTC-25JUL25-100000-P,105728.45,buy,0.1,0.1,,,,,,,1749004493.304
2776,370062160,1749006759062,2,0.036,0.03621417,42.97,BTC-25JUL25-100000-P,105714.27,sell,0.2,0.2,,,,,,,1749006759.062
2777,370062161,1749006759062,3,0.036,0.03621417,42.97,BTC-25JUL25-100000-P,105714.27,sell,0.1,0.1,,,,,,,1749006759.062
2778,370062162,1749006759062,3,0.036,0.03621417,42.97,BTC-25JUL25-100000-P,105714.27,sell,0.8,0.8,,,,,,,1749006759.062
2779,370065129,1749011081434,0,0.0365,0.03645474,43.26,BTC-25JUL25-100000-P,105654.17,sell,1.0,1.0,,,,,,,1749011081.434
2780,370066782,1749014106340,0,0.037,0.03693928,43.37,BTC-25JUL25-100000-P,105554.01,sell,1.0,1.0,,,,,,,1749014106.34
2782,370067821,1749016279152,3,0.0365,0.03691061,42.89,BTC-25JUL25-100000-P,105518.2,sell,0.1,0.1,,,,,,,1749016279.152
2781,370067820,1749016279152,2,0.0365,0.03691061,42.89,BTC-25JUL25-100000-P,105518.2,sell,0.9,0.9,,,,,,,1749016279.152
2783,370067979,1749016456260,3,0.0365,0.03698845,42.85,BTC-25JUL25-100000-P,105503.14,sell,0.5,0.5,,,,,,,1749016456.26
2784,370068947,1749017912367,0,0.0375,0.03747718,43.2,BTC-25JUL25-100000-P,105340.88,buy,0.2,0.2,,,,,,,1749017912.367
2785,370069544,1749019207030,1,0.0375,0.03742017,43.33,BTC-25JUL25-100000-P,105397.95,sell,0.3,0.3,,,,,,,1749019207.03
2786,370070848,1749021178184,2,0.037,0.03716786,43.03,BTC-25JUL25-100000-P,105396.78,sell,0.1,0.1,,,,,,,1749021178.184
2787,370072198,1749022852978,0,0.0375,0.0372322,43.33,BTC-25JUL25-100000-P,105386.32,buy,0.1,0.1,,,,,,,1749022852.978
2788,370074998,1749024139759,2,0.037,0.03701176,43.03,BTC-25JUL25-100000-P,105423.87,buy,0.1,0.1,,,,,,,1749024139.759
2789,370075420,1749024551880,3,0.037,0.03684355,43.15,BTC-25JUL25-100000-P,105456.53,buy,0.1,0.1,,,,,,,1749024551.88
2790,370075426,1749024557194,3,0.037,0.03684469,43.16,BTC-25JUL25-100000-P,105458.74,sell,0.2,0.2,,,,,,,1749024557.194
2791,370076441,1749025138819,3,0.037,0.03679342,43.35,BTC-25JUL25-100000-P,105533.27,sell,0.7,0.7,,,,,,,1749025138.819
2792,370078553,1749028080346,3,0.037,0.0369695,43.12,BTC-25JUL25-100000-P,105451.65,buy,0.2,0.2,,,,,,,1749028080.346
2793,370078554,1749028080353,3,0.037,0.0369695,43.12,BTC-25JUL25-100000-P,105451.65,sell,0.7,0.7,,,,,,,1749028080.353
2794,370078555,1749028080355,3,0.037,0.0369695,43.12,BTC-25JUL25-100000-P,105451.65,sell,0.1,0.1,,,,,,,1749028080.355
2795,370079160,1749028892952,0,0.0375,0.03721997,43.35,BTC-25JUL25-100000-P,105400.12,buy,0.2,0.2,,,,,,,1749028892.952
2796,370079442,1749029353488,2,0.037,0.03698139,43.21,BTC-25JUL25-100000-P,105480.24,sell,0.2,0.2,,,,,,,1749029353.488
2797,370079513,1749029606112,0,0.0375,0.03702418,43.54,BTC-25JUL25-100000-P,105465.16,buy,0.2,0.2,,,,,,,1749029606.112
2798,370079654,1749029938455,2,0.037,0.03697488,43.21,BTC-25JUL25-100000-P,105473.62,sell,0.3,0.3,,,,,,,1749029938.455
2799,370079919,1749030142731,2,0.0365,0.03643596,43.23,BTC-25JUL25-100000-P,105641.6,sell,1.0,1.0,,,,,,,1749030142.731
2800,370080908,1749030894031,2,0.036,0.03577987,43.46,BTC-25JUL25-100000-P,105865.89,sell,1.0,1.0,,,,,,,1749030894.031
2801,370081784,1749031628644,3,0.036,0.03591528,43.52,BTC-25JUL25-100000-P,105872.18,sell,0.4,0.4,,,,,,,1749031628.644
2802,370081785,1749031628653,3,0.036,0.03591528,43.52,BTC-25JUL25-100000-P,105872.18,sell,0.5,0.5,,,,,,,1749031628.653
2803,370081806,1749031639932,3,0.036,0.0358143,43.58,BTC-25JUL25-100000-P,105892.53,sell,1.1,1.1,,,,,,,1749031639.932
2804,370091608,1749040389529,0,0.039,0.03896378,43.4,BTC-25JUL25-100000-P,104972.07,sell,1.0,1.0,,,,,,,1749040389.529
2806,370092007,1749040446474,1,0.039,0.03919469,43.3,BTC-25JUL25-100000-P,104930.3,sell,1.0,1.0,,,,,,,1749040446.474
2805,370092006,1749040446474,1,0.039,0.03919469,43.3,BTC-25JUL25-100000-P,104930.3,sell,1.0,1.0,,,,,,,1749040446.474
2807,370092321,1749040608192,1,0.039,0.03915454,43.27,BTC-25JUL25-100000-P,104922.39,sell,1.0,1.0,,,,,,,1749040608.192
2808,370092335,1749040625706,1,0.039,0.03904929,43.33,BTC-25JUL25-100000-P,104944.36,sell,1.0,1.0,,,,,,,1749040625.706
2809,370092870,1749041172382,2,0.0385,0.03855001,43.31,BTC-25JUL25-100000-P,105079.78,sell,1.0,1.0,,,,,,,1749041172.382
2810,370096938,1749043740023,2,0.038,0.03835447,42.78,BTC-25JUL25-100000-P,105063.53,sell,0.1,0.1,,,,,,,1749043740.023
2811,370096940,1749043741478,3,0.038,0.03834671,42.78,BTC-25JUL25-100000-P,105063.6,sell,0.1,0.1,,,,,,,1749043741.478
2812,370096961,1749043757479,3,0.038,0.03829149,42.8,BTC-25JUL25-100000-P,105067.74,buy,0.9,0.9,,,,,,,1749043757.479
2813,370096999,1749043788298,0,0.0385,0.03836297,43.1,BTC-25JUL25-100000-P,105045.04,buy,1.0,1.0,,,,,,,1749043788.298
2814,370097047,1749043804843,1,0.0385,0.03840795,43.06,BTC-25JUL25-100000-P,105029.44,buy,0.9,0.9,,,,,,,1749043804.843
2815,370097924,1749044353188,2,0.0375,0.0373309,43.01,BTC-25JUL25-100000-P,105278.44,sell,1.0,1.0,,,,,,,1749044353.188
2816,370098532,1749044703330,0,0.038,0.03803793,42.87,BTC-25JUL25-100000-P,105079.64,sell,0.3,0.3,,,,,,,1749044703.33
2817,370098533,1749044703339,1,0.038,0.03803793,42.87,BTC-25JUL25-100000-P,105079.64,sell,0.5,0.5,,,,,,,1749044703.339
2818,370098548,1749044717493,1,0.038,0.0379545,42.93,BTC-25JUL25-100000-P,105096.02,sell,0.2,0.2,,,,,,,1749044717.493
2819,370106831,1749045985313,0,0.041,0.04094619,42.85,BTC-25JUL25-100000-P,104269.46,buy,0.2,0.2,,,,,,,1749045985.313
2820,370108794,1749046243087,2,0.0405,0.04034706,42.99,BTC-25JUL25-100000-P,104446.8,sell,0.2,0.2,,,,,,,1749046243.087
2821,370108900,1749046266273,3,0.0405,0.0403047,43.04,BTC-25JUL25-100000-P,104468.85,sell,0.8,0.8,,,,,,,1749046266.273
2822,370108901,1749046266273,3,0.0405,0.0403047,43.04,BTC-25JUL25-100000-P,104468.85,sell,0.1,0.1,,,,,,,1749046266.273
2823,370109115,1749046342814,3,0.0405,0.04035754,43.04,BTC-25JUL25-100000-P,104480.81,sell,0.1,0.1,,,,,,,1749046342.814
2824,370109348,1749046446210,3,0.0405,0.04030513,43.11,BTC-25JUL25-100000-P,104499.1,sell,0.1,0.1,,,,,,,1749046446.21
2825,370109828,1749046572961,2,0.04,0.0398519,43.06,BTC-25JUL25-100000-P,104617.16,sell,0.1,0.1,,,,,,,1749046572.961
2826,370110139,1749046631821,3,0.04,0.03984956,43.08,BTC-25JUL25-100000-P,104634.33,sell,0.1,0.1,,,,,,,1749046631.821
2827,370111264,1749046888438,3,0.04,0.03988989,43.06,BTC-25JUL25-100000-P,104623.86,sell,0.1,0.1,,,,,,,1749046888.438
2828,370113480,1749047384960,2,0.0395,0.03959402,42.86,BTC-25JUL25-100000-P,104691.35,sell,0.1,0.1,,,,,,,1749047384.96
2829,370113483,1749047385835,3,0.0395,0.0395923,42.86,BTC-25JUL25-100000-P,104691.33,sell,0.1,0.1,,,,,,,1749047385.835
2830,370113487,1749047387594,3,0.0395,0.03958423,42.86,BTC-25JUL25-100000-P,104691.34,buy,0.1,0.1,,,,,,,1749047387.594
2831,370113494,1749047387847,3,0.0395,0.03958423,42.86,BTC-25JUL25-100000-P,104691.34,buy,0.1,0.1,,,,,,,1749047387.847
2832,370113495,1749047388137,3,0.0395,0.03958423,42.86,BTC-25JUL25-100000-P,104691.34,buy,0.1,0.1,,,,,,,1749047388.137
2833,370113528,1749047393722,3,0.0395,0.03953107,42.88,BTC-25JUL25-100000-P,104694.91,buy,0.1,0.1,,,,,,,1749047393.722
2834,370113529,1749047393780,3,0.0395,0.03953107,42.88,BTC-25JUL25-100000-P,104694.91,buy,0.1,0.1,,,,,,,1749047393.78
2835,370113531,1749047395567,3,0.0395,0.03951851,42.88,BTC-25JUL25-100000-P,104695.42,buy,0.1,0.1,,,,,,,1749047395.567
2836,370113532,1749047397630,3,0.0395,0.03951169,42.89,BTC-25JUL25-100000-P,104698.8,buy,0.1,0.1,,,,,,,1749047397.63
2837,370113533,1749047397733,3,0.0395,0.03951169,42.89,BTC-25JUL25-100000-P,104698.8,buy,0.1,0.1,,,,,,,1749047397.733
2838,370113534,1749047399616,3,0.0395,0.03948394,42.9,BTC-25JUL25-100000-P,104700.0,buy,0.1,0.1,,,,,,,1749047399.616
2839,370113536,1749047401752,3,0.0395,0.03946948,42.91,BTC-25JUL25-100000-P,104703.21,buy,0.1,0.1,,,,,,,1749047401.752
2840,370113541,1749047404210,3,0.0395,0.03944792,42.92,BTC-25JUL25-100000-P,104705.9,buy,0.1,0.1,,,,,,,1749047404.21
2841,370113588,1749047407560,3,0.0395,0.0394294,42.91,BTC-25JUL25-100000-P,104701.19,buy,0.1,0.1,,,,,,,1749047407.56
2842,370113754,1749047418809,3,0.0395,0.03940642,42.93,BTC-25JUL25-100000-P,104710.12,buy,0.1,0.1,,,,,,,1749047418.809
2843,370113931,1749047426829,3,0.0395,0.03939415,42.92,BTC-25JUL25-100000-P,104707.45,buy,0.1,0.1,,,,,,,1749047426.829
2844,370114223,1749047440913,3,0.0395,0.03933541,42.95,BTC-25JUL25-100000-P,104718.57,buy,0.1,0.1,,,,,,,1749047440.913
2845,370115133,1749047461216,3,0.0395,0.03929066,42.97,BTC-25JUL25-100000-P,104724.32,buy,0.1,0.1,,,,,,,1749047461.216
2846,370115159,1749047464132,3,0.0395,0.03928942,42.94,BTC-25JUL25-100000-P,104710.21,buy,0.1,0.1,,,,,,,1749047464.132
2847,370119877,1749048121535,2,0.039,0.03904426,42.73,BTC-25JUL25-100000-P,104764.82,sell,1.0,1.0,,,,,,,1749048121.535
2848,370119878,1749048121535,3,0.039,0.03904426,42.73,BTC-25JUL25-100000-P,104764.82,sell,0.2,0.2,,,,,,,1749048121.535
2849,370120613,1749048355344,3,0.039,0.03898318,42.78,BTC-25JUL25-100000-P,104783.45,sell,1.0,1.0,,,,,,,1749048355.344
2850,370121221,1749048445908,3,0.039,0.03897908,42.79,BTC-25JUL25-100000-P,104782.41,sell,1.0,1.0,,,,,,,1749048445.908
2851,370123197,1749048775955,2,0.0385,0.03871221,42.62,BTC-25JUL25-100000-P,104843.01,sell,0.3,0.3,,,,,,,1749048775.955
2852,370123675,1749048925266,3,0.0385,0.03847593,42.8,BTC-25JUL25-100000-P,104915.84,sell,0.1,0.1,,,,,,,1749048925.266
2853,370124996,1749049158878,2,0.038,0.03799068,42.83,BTC-25JUL25-100000-P,105053.42,sell,0.2,0.2,,,,,,,1749049158.878
2854,370124997,1749049158886,3,0.038,0.03799068,42.83,BTC-25JUL25-100000-P,105053.42,sell,0.4,0.4,,,,,,,1749049158.886
2855,370124998,1749049158900,3,0.038,0.03799068,42.83,BTC-25JUL25-100000-P,105053.42,sell,0.2,0.2,,,,,,,1749049158.9
2856,370124999,1749049158907,3,0.038,0.03799068,42.83,BTC-25JUL25-100000-P,105053.42,sell,0.2,0.2,,,,,,,1749049158.907
2857,370125331,1749049234972,3,0.038,0.03801047,42.75,BTC-25JUL25-100000-P,105030.14,sell,0.1,0.1,,,,,,,1749049234.972
2858,370125547,1749049256395,3,0.038,0.03812896,42.71,BTC-25JUL25-100000-P,105021.33,sell,0.1,0.1,,,,,,,1749049256.395
2859,370125550,1749049256439,3,0.038,0.03812896,42.71,BTC-25JUL25-100000-P,105021.33,sell,0.1,0.1,,,,,,,1749049256.439
2860,370125572,1749049263114,3,0.038,0.03802727,42.77,BTC-25JUL25-100000-P,105043.52,sell,0.3,0.3,,,,,,,1749049263.114
2861,370125573,1749049263122,3,0.038,0.03802727,42.77,BTC-25JUL25-100000-P,105043.52,sell,0.5,0.5,,,,,,,1749049263.122
2862,370125698,1749049297852,3,0.038,0.03797625,42.79,BTC-25JUL25-100000-P,105044.56,buy,0.8,0.8,,,,,,,1749049297.852
2863,370125699,1749049297854,3,0.038,0.03797625,42.79,BTC-25JUL25-100000-P,105044.56,sell,0.2,0.2,,,,,,,1749049297.854
2864,370125751,1749049329056,3,0.038,0.03797173,42.8,BTC-25JUL25-100000-P,105053.28,buy,0.5,0.5,,,,,,,1749049329.056
2865,370127156,1749049936272,2,0.0375,0.03743458,42.74,BTC-25JUL25-100000-P,105160.42,buy,0.4,0.4,,,,,,,1749049936.272
2866,370127157,1749049936274,3,0.0375,0.03743458,42.74,BTC-25JUL25-100000-P,105160.42,sell,0.6,0.6,,,,,,,1749049936.274
2867,370127168,1749049953922,3,0.0375,0.03744394,42.71,BTC-25JUL25-100000-P,105148.79,sell,1.0,1.0,,,,,,,1749049953.922
2868,370127179,1749049971248,3,0.0375,0.03738405,42.76,BTC-25JUL25-100000-P,105170.06,sell,1.0,1.0,,,,,,,1749049971.248
2869,370128217,1749050497484,2,0.037,0.03698756,42.78,BTC-25JUL25-100000-P,105334.84,sell,1.0,1.0,,,,,,,1749050497.484
2870,370128752,1749050821491,2,0.0365,0.03659956,42.71,BTC-25JUL25-100000-P,105457.58,sell,1.0,1.0,,,,,,,1749050821.491
2871,370128819,1749050821586,3,0.0365,0.03659956,42.71,BTC-25JUL25-100000-P,105457.58,sell,0.6,0.6,,,,,,,1749050821.586
2872,370134432,1749056059215,3,0.0365,0.03655659,42.73,BTC-25JUL25-100000-P,105462.46,sell,1.0,1.0,,,,,,,1749056059.215
2873,370138777,1749063002948,0,0.037,0.03701246,42.24,BTC-25JUL25-100000-P,105093.0,buy,0.1,0.1,,,,,,,1749063002.948
2874,370142416,1749067852477,0,0.0385,0.03807469,42.84,BTC-25JUL25-100000-P,104885.3,buy,0.1,0.1,,,,,,,1749067852.477
2875,370144551,1749068654851,0,0.04,0.03960783,42.92,BTC-25JUL25-100000-P,104524.29,buy,0.1,0.1,,,,,,,1749068654.851
2876,370153271,1749082360208,2,0.0385,0.03819871,42.75,BTC-25JUL25-100000-P,104829.22,buy,0.2,0.2,,,,,,,1749082360.208
2877,370153926,1749083551352,2,0.038,0.03786643,42.67,BTC-25JUL25-100000-P,104945.15,sell,0.2,0.2,,,,,,,1749083551.352
2878,370153927,1749083553080,3,0.038,0.03785507,42.67,BTC-25JUL25-100000-P,104946.16,sell,0.1,0.1,,,,,,,1749083553.08
2879,370153966,1749083572211,3,0.038,0.03784968,42.68,BTC-25JUL25-100000-P,104947.07,sell,0.4,0.4,,,,,,,1749083572.211
2880,370153968,1749083572438,3,0.038,0.03784968,42.68,BTC-25JUL25-100000-P,104947.07,sell,0.3,0.3,,,,,,,1749083572.438
2881,370155211,1749085719266,2,0.0375,0.03746241,42.75,BTC-25JUL25-100000-P,105099.3,sell,0.4,0.4,,,,,,,1749085719.266
2882,370155379,1749086103220,3,0.0375,0.03750973,42.75,BTC-25JUL25-100000-P,105127.42,sell,0.6,0.6,,,,,,,1749086103.22
2883,370161080,1749094422324,3,0.0375,0.03737173,42.59,BTC-25JUL25-100000-P,105008.44,buy,0.3,0.3,,,,,,,1749094422.324
2884,370161496,1749095237960,3,0.0375,0.03761155,42.61,BTC-25JUL25-100000-P,105017.78,sell,1.7,1.7,,,,,,,1749095237.96
2885,370162459,1749097057222,2,0.037,0.03700308,42.7,BTC-25JUL25-100000-P,105204.49,sell,2.0,2.0,,,,,,,1749097057.222
2886,370166898,1749104182690,0,0.0385,0.03858755,42.35,BTC-25JUL25-100000-P,104632.25,sell,1.0,1.0,,,,,,,1749104182.69
2887,370170103,1749106359570,0,0.0395,0.03947582,42.66,BTC-25JUL25-100000-P,104471.12,sell,1.0,1.0,,,,,,,1749106359.57
2888,370170659,1749106871074,2,0.039,0.03926034,42.44,BTC-25JUL25-100000-P,104524.78,sell,0.1,0.1,,,,,,,1749106871.074
2889,370171085,1749107557035,3,0.039,0.03913231,42.59,BTC-25JUL25-100000-P,104590.54,sell,1.9,1.9,,,,,,,1749107557.035
2890,370172623,1749109071731,3,0.039,0.03899943,42.48,BTC-25JUL25-100000-P,104547.45,buy,0.4,0.4,,,,,,,1749109071.731
2891,370172624,1749109076442,3,0.039,0.03907875,42.45,BTC-25JUL25-100000-P,104535.19,sell,0.6,0.6,,,,,,,1749109076.442
2892,370172642,1749109096374,3,0.039,0.03908071,42.45,BTC-25JUL25-100000-P,104530.96,sell,1.0,1.0,,,,,,,1749109096.374
2893,370173085,1749109547053,3,0.039,0.03891611,42.5,BTC-25JUL25-100000-P,104552.84,buy,0.8,0.8,,,,,,,1749109547.053
2894,370173086,1749109547055,3,0.039,0.03891611,42.5,BTC-25JUL25-100000-P,104552.84,sell,0.2,0.2,,,,,,,1749109547.055
2895,370173121,1749109566598,3,0.039,0.03898053,42.46,BTC-25JUL25-100000-P,104540.79,sell,1.0,1.0,,,,,,,1749109566.598
2896,370174581,1749110738732,2,0.0385,0.03841798,42.46,BTC-25JUL25-100000-P,104676.23,buy,0.7,0.7,,,,,,,1749110738.732
2897,370174985,1749110920444,3,0.0385,0.03837214,42.47,BTC-25JUL25-100000-P,104671.94,sell,0.3,0.3,,,,,,,1749110920.444
2898,370178627,1749114571982,2,0.038,0.03810899,42.49,BTC-25JUL25-100000-P,104808.47,sell,2.0,2.0,,,,,,,1749114571.982
2899,370178652,1749114592040,3,0.038,0.03816678,42.44,BTC-25JUL25-100000-P,104793.12,buy,0.3,0.3,,,,,,,1749114592.04
2900,370178653,1749114592046,3,0.038,0.03816678,42.44,BTC-25JUL25-100000-P,104793.12,buy,0.4,0.4,,,,,,,1749114592.046
2901,370178654,1749114592063,3,0.038,0.03816678,42.44,BTC-25JUL25-100000-P,104793.12,buy,0.2,0.2,,,,,,,1749114592.063
2902,370178655,1749114592070,3,0.038,0.03816678,42.44,BTC-25JUL25-100000-P,104793.12,buy,0.3,0.3,,,,,,,1749114592.07
2903,370179610,1749116201479,3,0.038,0.03805803,42.28,BTC-25JUL25-100000-P,104773.31,buy,0.8,0.8,,,,,,,1749116201.479
2904,370179771,1749116491297,3,0.038,0.03786555,42.52,BTC-25JUL25-100000-P,104825.95,sell,0.4,0.4,,,,,,,1749116491.297
2905,370179779,1749116498075,3,0.038,0.03782751,42.56,BTC-25JUL25-100000-P,104839.24,sell,1.8,1.8,,,,,,,1749116498.075
2906,370180872,1749117641168,2,0.0375,0.03749327,42.39,BTC-25JUL25-100000-P,104927.13,buy,0.2,0.2,,,,,,,1749117641.168
2907,370183553,1749120859465,0,0.0385,0.03843592,42.5,BTC-25JUL25-100000-P,104682.05,sell,0.1,0.1,,,,,,,1749120859.465
2908,370183556,1749120859607,1,0.0385,0.03843573,42.5,BTC-25JUL25-100000-P,104682.49,sell,0.2,0.2,,,,,,,1749120859.607
2909,370183557,1749120859667,1,0.0385,0.03843573,42.5,BTC-25JUL25-100000-P,104682.49,sell,0.7,0.7,,,,,,,1749120859.667
2910,370184519,1749122339929,2,0.038,0.03840083,42.05,BTC-25JUL25-100000-P,104649.73,sell,0.1,0.1,,,,,,,1749122339.929
2912,370186744,1749125267116,3,0.0375,0.03757069,42.37,BTC-25JUL25-100000-P,104914.29,sell,1.0,1.0,,,,,,,1749125267.116
2911,370186743,1749125267116,2,0.0375,0.03757069,42.37,BTC-25JUL25-100000-P,104914.29,sell,0.3,0.3,,,,,,,1749125267.116
2913,370188596,1749125962734,2,0.0365,0.0364078,42.55,BTC-25JUL25-100000-P,105264.67,sell,0.2,0.2,,,,,,,1749125962.734
2914,370188606,1749125963877,3,0.0365,0.03639032,42.58,BTC-25JUL25-100000-P,105276.17,sell,0.8,0.8,,,,,,,1749125963.877
2915,370189918,1749126384381,2,0.036,0.03584112,42.64,BTC-25JUL25-100000-P,105444.02,sell,0.5,0.5,,,,,,,1749126384.381
2916,370189919,1749126384381,3,0.036,0.03584112,42.64,BTC-25JUL25-100000-P,105444.02,sell,0.5,0.5,,,,,,,1749126384.381
2917,370193287,1749127757080,2,0.035,0.03542249,42.07,BTC-25JUL25-100000-P,105499.36,sell,0.5,0.5,,,,,,,1749127757.08
2918,370196316,1749128434935,2,0.0345,0.03438204,42.4,BTC-25JUL25-100000-P,105774.13,sell,0.9,0.9,,,,,,,1749128434.935
2919,370196323,1749128435115,3,0.0345,0.03438204,42.4,BTC-25JUL25-100000-P,105774.13,sell,0.1,0.1,,,,,,,1749128435.115
2920,370204416,1749131540172,0,0.0375,0.03773775,42.16,BTC-25JUL25-100000-P,104778.13,sell,0.9,0.9,,,,,,,1749131540.172
2921,370208088,1749131888882,0,0.039,0.03897544,42.35,BTC-25JUL25-100000-P,104443.81,sell,0.9,0.9,,,,,,,1749131888.882
2922,370208491,1749131913401,1,0.039,0.03890649,42.4,BTC-25JUL25-100000-P,104461.74,sell,0.1,0.1,,,,,,,1749131913.401
2923,370211153,1749132604141,0,0.0395,0.03955454,42.3,BTC-25JUL25-100000-P,104291.25,sell,0.9,0.9,,,,,,,1749132604.141
2924,370212008,1749132737693,1,0.0395,0.03956539,42.29,BTC-25JUL25-100000-P,104288.22,sell,0.9,0.9,,,,,,,1749132737.693
2925,370212364,1749132855824,1,0.0395,0.03949225,42.3,BTC-25JUL25-100000-P,104293.31,sell,0.9,0.9,,,,,,,1749132855.824
2926,370212382,1749132873420,1,0.0395,0.0395529,42.29,BTC-25JUL25-100000-P,104292.64,sell,0.9,0.9,,,,,,,1749132873.42
2927,370212464,1749132914296,1,0.0395,0.03954519,42.29,BTC-25JUL25-100000-P,104294.58,sell,0.9,0.9,,,,,,,1749132914.296
2928,370212878,1749132950864,0,0.04,0.04000071,42.24,BTC-25JUL25-100000-P,104152.92,sell,0.4,0.4,,,,,,,1749132950.864
2929,370213041,1749132968062,1,0.04,0.040059,42.25,BTC-25JUL25-100000-P,104160.43,sell,0.1,0.1,,,,,,,1749132968.062
2930,370219939,1749134794075,2,0.0375,0.03753664,42.41,BTC-25JUL25-100000-P,104882.68,sell,0.1,0.1,,,,,,,1749134794.075
2931,370219940,1749134794075,3,0.0375,0.03753664,42.41,BTC-25JUL25-100000-P,104882.68,sell,1.0,1.0,,,,,,,1749134794.075
2933,370220728,1749134939678,1,0.038,0.03792144,42.33,BTC-25JUL25-100000-P,104730.86,buy,0.1,0.1,,,,,,,1749134939.678
2932,370220727,1749134939678,0,0.038,0.03792144,42.33,BTC-25JUL25-100000-P,104730.86,buy,0.2,0.2,,,,,,,1749134939.678
2934,370220729,1749134939756,1,0.038,0.03792144,42.33,BTC-25JUL25-100000-P,104730.86,buy,0.2,0.2,,,,,,,1749134939.756
2935,370220736,1749134940648,1,0.038,0.03797451,42.28,BTC-25JUL25-100000-P,104714.93,buy,0.2,0.2,,,,,,,1749134940.648
2936,370220739,1749134940690,1,0.038,0.03797451,42.28,BTC-25JUL25-100000-P,104714.93,buy,0.4,0.4,,,,,,,1749134940.69
2937,370221353,1749135373690,0,0.039,0.03905309,42.24,BTC-25JUL25-100000-P,104422.84,sell,0.2,0.2,,,,,,,1749135373.69
2938,370229437,1749138345152,2,0.038,0.0382124,42.4,BTC-25JUL25-100000-P,104715.49,sell,1.9,1.9,,,,,,,1749138345.152
2939,370230064,1749138690599,3,0.038,0.0379243,42.56,BTC-25JUL25-100000-P,104764.56,sell,0.1,0.1,,,,,,,1749138690.599
2940,370237377,1749141574137,0,0.0415,0.04152869,42.45,BTC-25JUL25-100000-P,103807.94,sell,0.1,0.1,,,,,,,1749141574.137
2941,370239484,1749142255428,1,0.0415,0.04124287,42.7,BTC-25JUL25-100000-P,103888.05,sell,0.2,0.2,,,,,,,1749142255.428
2943,370239875,1749142361846,1,0.042,0.04194984,42.51,BTC-25JUL25-100000-P,103701.9,buy,0.1,0.1,,,,,,,1749142361.846
2942,370239874,1749142361846,0,0.042,0.04194984,42.51,BTC-25JUL25-100000-P,103701.9,buy,2.3,2.3,,,,,,,1749142361.846
2944,370243558,1749142852517,0,0.044,0.0440515,42.55,BTC-25JUL25-100000-P,103214.16,sell,0.1,0.1,,,,,,,1749142852.517
2945,370258172,1749147240936,0,0.0455,0.04574014,42.22,BTC-25JUL25-100000-P,102752.26,buy,0.4,0.4,,,,,,,1749147240.936
2946,370260095,1749147410975,1,0.0455,0.04538754,42.38,BTC-25JUL25-100000-P,102793.55,buy,0.2,0.2,,,,,,,1749147410.975
2947,370264232,1749148201889,2,0.043,0.0432487,41.98,BTC-25JUL25-100000-P,103281.82,buy,0.2,0.2,,,,,,,1749148201.889
2948,370266431,1749148948799,0,0.0445,0.04448596,42.05,BTC-25JUL25-100000-P,102930.91,buy,0.2,0.2,,,,,,,1749148948.799
2949,370267487,1749149308029,1,0.0445,0.04443968,42.18,BTC-25JUL25-100000-P,102955.87,sell,0.1,0.1,,,,,,,1749149308.029
2950,370267895,1749149483178,2,0.044,0.0439546,42.17,BTC-25JUL25-100000-P,103073.5,sell,0.2,0.2,,,,,,,1749149483.178
2951,370269764,1749150626565,0,0.0445,0.04439145,42.19,BTC-25JUL25-100000-P,102959.31,sell,0.1,0.1,,,,,,,1749150626.565
2952,370270528,1749150855485,0,0.046,0.04562507,42.39,BTC-25JUL25-100000-P,102679.63,buy,1.9,1.9,,,,,,,1749150855.485
2953,370270599,1749150865604,1,0.046,0.04569565,42.36,BTC-25JUL25-100000-P,102671.44,buy,1.9,1.9,,,,,,,1749150865.604
2954,370270627,1749150878005,1,0.046,0.04572742,42.34,BTC-25JUL25-100000-P,102664.62,sell,1.8,1.8,,,,,,,1749150878.005
2955,370270628,1749150878007,1,0.046,0.04572742,42.34,BTC-25JUL25-100000-P,102664.62,sell,0.1,0.1,,,,,,,1749150878.007
2956,370270858,1749150910678,1,0.046,0.04583039,42.31,BTC-25JUL25-100000-P,102651.73,sell,1.8,1.8,,,,,,,1749150910.678
2957,370270859,1749150910685,1,0.046,0.04583039,42.31,BTC-25JUL25-100000-P,102651.73,sell,0.1,0.1,,,,,,,1749150910.685
2958,370271292,1749150949146,0,0.0465,0.04610112,42.39,BTC-25JUL25-100000-P,102561.32,sell,1.9,1.9,,,,,,,1749150949.146
2959,370272017,1749150994808,0,0.047,0.04670232,42.28,BTC-25JUL25-100000-P,102410.35,sell,0.4,0.4,,,,,,,1749150994.808
2960,370274272,1749151102919,0,0.049,0.04854561,42.49,BTC-25JUL25-100000-P,102015.09,sell,0.5,0.5,,,,,,,1749151102.919
2961,370276630,1749151169331,0,0.05,0.0497678,42.52,BTC-25JUL25-100000-P,101782.45,sell,0.2,0.2,,,,,,,1749151169.331
2962,370277405,1749151207152,1,0.05,0.04984608,42.41,BTC-25JUL25-100000-P,101738.44,sell,2.1,2.1,,,,,,,1749151207.152
2963,370277730,1749151231231,1,0.05,0.04990828,42.47,BTC-25JUL25-100000-P,101763.27,sell,2.1,2.1,,,,,,,1749151231.231
2964,370278210,1749151266796,2,0.0495,0.04940718,42.47,BTC-25JUL25-100000-P,101871.86,sell,2.1,2.1,,,,,,,1749151266.796
2965,370278715,1749151309821,3,0.0495,0.04948684,42.45,BTC-25JUL25-100000-P,101872.99,sell,2.1,2.1,,,,,,,1749151309.821
2966,370279075,1749151356329,0,0.05,0.04980655,42.53,BTC-25JUL25-100000-P,101786.72,sell,2.1,2.1,,,,,,,1749151356.329
2967,370281245,1749151663820,2,0.048,0.04804352,42.47,BTC-25JUL25-100000-P,102227.68,sell,0.2,0.2,,,,,,,1749151663.82
2968,370284193,1749152522140,2,0.0475,0.04750763,42.54,BTC-25JUL25-100000-P,102360.98,buy,0.1,0.1,,,,,,,1749152522.14
2969,370291078,1749153952902,0,0.049,0.04851167,42.92,BTC-25JUL25-100000-P,102139.38,buy,0.5,0.5,,,,,,,1749153952.902
2970,370292702,1749154158420,0,0.05,0.05003416,42.6,BTC-25JUL25-100000-P,101814.39,buy,0.1,0.1,,,,,,,1749154158.42
2971,370293042,1749154232176,0,0.0505,0.05032088,42.7,BTC-25JUL25-100000-P,101729.34,sell,0.4,0.4,,,,,,,1749154232.176
2972,370293830,1749154328416,1,0.0505,0.05058049,42.6,BTC-25JUL25-100000-P,101705.28,sell,0.3,0.3,,,,,,,1749154328.416
2973,370307526,1749156316049,0,0.054,0.05406778,42.95,BTC-25JUL25-100000-P,101014.39,sell,0.1,0.1,,,,,,,1749156316.049
2974,370310925,1749156842661,0,0.0555,0.05495636,43.17,BTC-25JUL25-100000-P,100798.39,sell,0.5,0.5,,,,,,,1749156842.661
2975,370310926,1749156844327,1,0.0555,0.05525338,43.13,BTC-25JUL25-100000-P,100788.04,sell,0.9,0.9,,,,,,,1749156844.327
2976,370311943,1749156940797,0,0.056,0.05584534,43.08,BTC-25JUL25-100000-P,100675.3,sell,1.3,1.3,,,,,,,1749156940.797
2977,370312532,1749156959426,0,0.0565,0.05670027,42.96,BTC-25JUL25-100000-P,100535.76,sell,0.5,0.5,,,,,,,1749156959.426
2978,370318550,1749157732340,2,0.054,0.05437164,42.97,BTC-25JUL25-100000-P,101077.03,sell,0.4,0.4,,,,,,,1749157732.34
2979,370333416,1749161326734,2,0.053,0.05260002,43.16,BTC-25JUL25-100000-P,101311.43,buy,0.3,0.3,,,,,,,1749161326.734
2980,370335645,1749162806943,2,0.052,0.05182504,43.01,BTC-25JUL25-100000-P,101481.88,buy,0.3,0.3,,,,,,,1749162806.943
2981,370335646,1749162806945,3,0.052,0.05182504,43.01,BTC-25JUL25-100000-P,101481.88,sell,1.7,1.7,,,,,,,1749162806.945
2982,370340109,1749165603216,2,0.051,0.05108218,42.91,BTC-25JUL25-100000-P,101685.71,sell,9.0,9.0,,,,,,,1749165603.216
2983,370340256,1749165663987,3,0.051,0.051125,42.9,BTC-25JUL25-100000-P,101685.35,sell,0.1,0.1,,,,,,,1749165663.987
2984,370340261,1749165672881,3,0.051,0.05088341,43.07,BTC-25JUL25-100000-P,101734.05,sell,0.1,0.1,,,,,,,1749165672.881
2985,370340262,1749165673365,3,0.051,0.05084753,43.08,BTC-25JUL25-100000-P,101735.05,sell,0.1,0.1,,,,,,,1749165673.365
2986,370340263,1749165674257,3,0.051,0.05084029,43.09,BTC-25JUL25-100000-P,101736.95,sell,0.1,0.1,,,,,,,1749165674.257
2987,370340264,1749165676433,3,0.051,0.05082976,43.09,BTC-25JUL25-100000-P,101737.78,sell,0.1,0.1,,,,,,,1749165676.433
2988,370340265,1749165677297,3,0.051,0.05082175,43.1,BTC-25JUL25-100000-P,101738.85,sell,0.1,0.1,,,,,,,1749165677.297
2989,370340267,1749165680343,3,0.051,0.05081645,43.1,BTC-25JUL25-100000-P,101737.1,sell,0.1,0.1,,,,,,,1749165680.343
2990,370340268,1749165683344,3,0.051,0.05081224,43.1,BTC-25JUL25-100000-P,101737.98,sell,0.1,0.1,,,,,,,1749165683.344
2991,370340281,1749165688157,3,0.051,0.05081344,43.11,BTC-25JUL25-100000-P,101739.67,sell,0.2,0.2,,,,,,,1749165688.157
2992,370357981,1749179004792,2,0.048,0.04802883,42.31,BTC-25JUL25-100000-P,102165.2,buy,0.2,0.2,,,,,,,1749179004.792
2993,370362156,1749181472933,2,0.046,0.04619662,41.76,BTC-25JUL25-100000-P,102487.31,buy,0.2,0.2,,,,,,,1749181472.933
2994,370362157,1749181473946,3,0.046,0.04621685,41.75,BTC-25JUL25-100000-P,102483.92,buy,0.2,0.2,,,,,,,1749181473.946
2995,370362164,1749181474954,3,0.046,0.04622979,41.72,BTC-25JUL25-100000-P,102476.92,buy,0.3,0.3,,,,,,,1749181474.954
2996,370362165,1749181474957,3,0.046,0.04622979,41.72,BTC-25JUL25-100000-P,102476.92,buy,0.3,0.3,,,,,,,1749181474.957
2997,370363069,1749182444991,2,0.0455,0.04563028,41.61,BTC-25JUL25-100000-P,102543.56,sell,0.1,0.1,,,,,,,1749182444.991
2998,370366377,1749184316520,3,0.0455,0.045257,41.97,BTC-25JUL25-100000-P,102639.54,sell,0.5,0.5,,,,,,,1749184316.52
2999,370368734,1749186304125,2,0.0442,0.04450536,41.64,BTC-25JUL25-100000-P,102861.7,sell,23.7,23.7,2.0,BLOCK-203534,,BTC-PCAL-25JUL25_27JUN25-100000,,,1749186304.125
3000,370368735,1749186304213,3,0.0442,0.04450359,41.64,BTC-25JUL25-100000-P,102860.47,sell,68.8,68.8,2.0,BLOCK-203535,,BTC-PCAL-25JUL25_27JUN25-100000,,,1749186304.213
3001,370368738,1749186304241,3,0.0442,0.04450359,41.64,BTC-25JUL25-100000-P,102860.47,sell,37.5,37.5,2.0,BLOCK-203536,,BTC-PCAL-25JUL25_27JUN25-100000,,,1749186304.241
3002,370371951,1749189422462,2,0.044,0.04401766,41.93,BTC-25JUL25-100000-P,102982.92,sell,1.2,1.2,,,,,,,1749189422.462
3003,370372776,1749190069394,3,0.044,0.04396132,41.88,BTC-25JUL25-100000-P,102962.39,sell,1.0,1.0,,,,,,,1749190069.394
3004,370373152,1749190249995,2,0.0435,0.04358172,41.77,BTC-25JUL25-100000-P,103029.59,sell,0.4,0.4,,,,,,,1749190249.995
3005,370373159,1749190250105,3,0.0435,0.04358277,41.76,BTC-25JUL25-100000-P,103028.26,sell,0.6,0.6,,,,,,,1749190250.105
3006,370375887,1749191668792,2,0.043,0.04279051,42.06,BTC-25JUL25-100000-P,103252.39,sell,1.0,1.0,,,,,,,1749191668.792
3007,370377637,1749192587553,0,0.0435,0.04347593,42.2,BTC-25JUL25-100000-P,103174.12,sell,2.4,2.4,,,,,,,1749192587.553
3008,370377659,1749192620184,1,0.0435,0.04348454,42.2,BTC-25JUL25-100000-P,103176.16,sell,2.4,2.4,,,,,,,1749192620.184
3009,370377685,1749192627351,1,0.0435,0.04347646,42.21,BTC-25JUL25-100000-P,103177.63,sell,0.2,0.2,,,,,,,1749192627.351
3012,370379129,1749193590528,3,0.043,0.04292902,42.2,BTC-25JUL25-100000-P,103280.45,sell,1.4,1.4,,,,,,,1749193590.528
3010,370379127,1749193590528,2,0.043,0.04292902,42.2,BTC-25JUL25-100000-P,103280.45,sell,0.3,0.3,,,,,,,1749193590.528
3011,370379128,1749193590528,3,0.043,0.04292902,42.2,BTC-25JUL25-100000-P,103280.45,sell,0.7,0.7,,,,,,,1749193590.528
3013,370379178,1749193623022,3,0.043,0.04293813,42.2,BTC-25JUL25-100000-P,103275.25,sell,0.7,0.7,,,,,,,1749193623.022
3014,370379179,1749193623025,3,0.043,0.04293813,42.2,BTC-25JUL25-100000-P,103275.25,buy,1.6,1.6,,,,,,,1749193623.025
3015,370379180,1749193623026,3,0.043,0.04293813,42.2,BTC-25JUL25-100000-P,103275.25,buy,0.1,0.1,,,,,,,1749193623.026
3016,370379399,1749193816351,3,0.043,0.04287333,42.23,BTC-25JUL25-100000-P,103285.93,buy,1.6,1.6,,,,,,,1749193816.351
3017,370379400,1749193816716,3,0.043,0.04287212,42.23,BTC-25JUL25-100000-P,103285.89,sell,0.2,0.2,,,,,,,1749193816.716
3018,370381009,1749194712623,3,0.043,0.04291049,42.48,BTC-25JUL25-100000-P,103344.92,sell,0.2,0.2,,,,,,,1749194712.623
3019,370381010,1749194712630,3,0.043,0.04291049,42.48,BTC-25JUL25-100000-P,103344.92,sell,1.8,1.8,,,,,,,1749194712.63
3020,370381011,1749194712632,3,0.043,0.04291049,42.48,BTC-25JUL25-100000-P,103344.92,sell,0.2,0.2,,,,,,,1749194712.632
3021,370406664,1749210715959,2,0.04,0.03999264,42.18,BTC-25JUL25-100000-P,104015.21,sell,1.0,1.0,,,,,,,1749210715.959
3022,370412766,1749213447300,2,0.0395,0.03963786,42.12,BTC-25JUL25-100000-P,104135.65,buy,0.2,0.2,,,,,,,1749213447.3
3023,370414327,1749213907332,0,0.0405,0.04068321,42.1,BTC-25JUL25-100000-P,103841.94,sell,0.1,0.1,,,,,,,1749213907.332
3024,370414605,1749213963448,2,0.04,0.04008491,42.08,BTC-25JUL25-100000-P,103969.23,sell,0.2,0.2,,,,,,,1749213963.448
3025,370415432,1749214567740,3,0.04,0.04017477,41.95,BTC-25JUL25-100000-P,103928.75,buy,0.2,0.2,,,,,,,1749214567.74
3026,370415762,1749214866912,3,0.04,0.04007102,41.99,BTC-25JUL25-100000-P,103937.23,sell,0.1,0.1,,,,,,,1749214866.912
3027,370416964,1749215912249,2,0.0399,0.03973979,42.01,BTC-25JUL25-100000-P,103979.47,buy,3.0,3.0,,,370416963,BTC-PBUT-25JUL25-80000_90000_100000,,,1749215912.249
3028,370417417,1749216515685,2,0.0395,0.03950843,41.91,BTC-25JUL25-100000-P,104036.22,sell,0.2,0.2,,,,,,,1749216515.685
3029,370418555,1749217122453,2,0.0385,0.03842167,41.83,BTC-25JUL25-100000-P,104272.26,buy,0.1,0.1,,,,,,,1749217122.453
3030,370419065,1749217214891,2,0.038,0.03825684,41.71,BTC-25JUL25-100000-P,104370.1,sell,0.2,0.2,,,,,,,1749217214.891
3031,370419068,1749217214907,3,0.038,0.03825684,41.71,BTC-25JUL25-100000-P,104370.1,sell,0.1,0.1,,,,,,,1749217214.907
3032,370419069,1749217214923,3,0.038,0.03825684,41.71,BTC-25JUL25-100000-P,104370.1,sell,0.5,0.5,,,,,,,1749217214.923
3033,370419072,1749217214927,3,0.038,0.03825684,41.71,BTC-25JUL25-100000-P,104370.1,sell,0.2,0.2,,,,,,,1749217214.927
3034,370420493,1749217580168,2,0.0375,0.03751972,41.8,BTC-25JUL25-100000-P,104550.89,buy,0.1,0.1,,,,,,,1749217580.168
3035,370421274,1749217765915,0,0.038,0.03807318,41.82,BTC-25JUL25-100000-P,104415.42,sell,1.0,1.0,,,,,,,1749217765.915
3036,370421493,1749217823016,2,0.0375,0.03756364,41.78,BTC-25JUL25-100000-P,104536.53,sell,0.3,0.3,,,,,,,1749217823.016
3037,370421499,1749217823910,3,0.0375,0.03756364,41.78,BTC-25JUL25-100000-P,104536.53,sell,0.7,0.7,,,,,,,1749217823.91
3038,370422154,1749218108890,0,0.0385,0.03840107,41.8,BTC-25JUL25-100000-P,104282.91,buy,0.3,0.3,,,,,,,1749218108.89
3039,370422347,1749218174236,0,0.039,0.03877639,41.93,BTC-25JUL25-100000-P,104198.78,buy,1.6,1.6,,,,,,,1749218174.236
3040,370422395,1749218188813,1,0.039,0.03903929,41.77,BTC-25JUL25-100000-P,104134.72,sell,0.4,0.4,,,,,,,1749218188.813
3041,370422396,1749218188815,1,0.039,0.03903929,41.77,BTC-25JUL25-100000-P,104134.72,sell,0.2,0.2,,,,,,,1749218188.815
3042,370423055,1749218644274,2,0.0385,0.03853636,41.79,BTC-25JUL25-100000-P,104258.76,sell,0.5,0.5,,,,,,,1749218644.274
3043,370424589,1749219380157,3,0.0385,0.03796384,42.12,BTC-25JUL25-100000-P,104383.3,buy,100.0,100.0,2.0,BLOCK-203720,,,,,1749219380.157
3044,370432515,1749222240334,2,0.036,0.03605195,41.71,BTC-25JUL25-100000-P,104943.85,sell,0.2,0.2,,,,,,,1749222240.334
3045,370432596,1749222247482,3,0.036,0.03601646,41.7,BTC-25JUL25-100000-P,104938.74,buy,0.2,0.2,,,,,,,1749222247.482
3046,370433148,1749222312151,3,0.036,0.0361586,41.69,BTC-25JUL25-100000-P,104939.49,sell,1.0,1.0,,,,,,,1749222312.151
3047,370433226,1749222339547,3,0.036,0.03605398,41.7,BTC-25JUL25-100000-P,104942.18,sell,1.0,1.0,,,,,,,1749222339.547
3048,370433430,1749222384238,3,0.036,0.03610888,41.68,BTC-25JUL25-100000-P,104936.98,sell,1.0,1.0,,,,,,,1749222384.238
3049,370433480,1749222401588,3,0.036,0.03605114,41.69,BTC-25JUL25-100000-P,104939.23,sell,0.2,0.2,,,,,,,1749222401.588
3050,370433481,1749222401619,3,0.036,0.03605114,41.69,BTC-25JUL25-100000-P,104939.23,sell,0.3,0.3,,,,,,,1749222401.619
3051,370433482,1749222401627,3,0.036,0.03605114,41.69,BTC-25JUL25-100000-P,104939.23,sell,0.5,0.5,,,,,,,1749222401.627
3052,370433816,1749222501714,3,0.036,0.03600376,41.66,BTC-25JUL25-100000-P,104935.56,sell,0.7,0.7,,,,,,,1749222501.714
3053,370434071,1749222543813,0,0.0365,0.03637594,41.67,BTC-25JUL25-100000-P,104808.1,sell,0.1,0.1,,,,,,,1749222543.813
3055,370442954,1749225738332,3,0.0355,0.03527472,41.9,BTC-25JUL25-100000-P,105145.66,sell,0.1,0.1,,,,,,,1749225738.332
3054,370442953,1749225738332,2,0.0355,0.03527472,41.9,BTC-25JUL25-100000-P,105145.66,sell,0.9,0.9,,,,,,,1749225738.332
3056,370447280,1749227805464,2,0.035,0.03515467,41.55,BTC-25JUL25-100000-P,105117.36,sell,0.4,0.4,,,,,,,1749227805.464
3057,370447941,1749228292178,0,0.0355,0.03558696,41.54,BTC-25JUL25-100000-P,104976.8,sell,1.0,1.0,,,,,,,1749228292.178
3058,370450038,1749229948092,0,0.037,0.03684495,41.63,BTC-25JUL25-100000-P,104580.14,buy,0.6,0.6,,,,,,,1749229948.092
3059,370450039,1749229948094,1,0.037,0.03684495,41.63,BTC-25JUL25-100000-P,104580.14,sell,4.4,4.4,,,,,,,1749229948.094
3060,370450546,1749230280134,2,0.0365,0.03644047,41.6,BTC-25JUL25-100000-P,104713.49,sell,1.0,1.0,,,,,,,1749230280.134
3061,370457915,1749238234773,0,0.0375,0.03764714,41.57,BTC-25JUL25-100000-P,104414.32,sell,0.4,0.4,,,,,,,1749238234.773
3062,370457928,1749238270579,1,0.0375,0.03759821,41.6,BTC-25JUL25-100000-P,104421.06,sell,0.2,0.2,,,,,,,1749238270.579
3063,370460126,1749240384447,0,0.038,0.03793525,41.57,BTC-25JUL25-100000-P,104293.2,sell,1.0,1.0,,,,,,,1749240384.447
3064,370460605,1749240598210,2,0.0375,0.03749774,41.36,BTC-25JUL25-100000-P,104336.52,sell,0.3,0.3,,,,,,,1749240598.21
3065,370460606,1749240598217,3,0.0375,0.03749774,41.36,BTC-25JUL25-100000-P,104336.52,sell,0.1,0.1,,,,,,,1749240598.217
3066,370460607,1749240598220,3,0.0375,0.03749774,41.36,BTC-25JUL25-100000-P,104336.52,sell,0.6,0.6,,,,,,,1749240598.22
3067,370460692,1749240611222,3,0.0375,0.03728626,41.49,BTC-25JUL25-100000-P,104381.57,buy,1.0,1.0,,,,,,,1749240611.222
3068,370462097,1749242533142,2,0.037,0.0370545,41.39,BTC-25JUL25-100000-P,104470.68,sell,1.0,1.0,,,,,,,1749242533.142
3069,370465015,1749247047853,2,0.0365,0.03689857,40.98,BTC-25JUL25-100000-P,104482.87,sell,0.3,0.3,,,,,,,1749247047.853
3070,370465063,1749247260779,0,0.037,0.03696254,41.3,BTC-25JUL25-100000-P,104467.9,sell,0.3,0.3,,,,,,,1749247260.779
3071,370466502,1749251345997,0,0.0375,0.03745946,41.3,BTC-25JUL25-100000-P,104339.43,buy,0.6,0.6,,,,,,,1749251345.997
3072,370469555,1749255868532,0,0.038,0.03794982,41.3,BTC-25JUL25-100000-P,104153.64,sell,1.0,1.0,,,,,,,1749255868.532
3073,370477778,1749270869255,2,0.036,0.03618829,41.3,BTC-25JUL25-100000-P,104741.48,buy,0.1,0.1,,,,,,,1749270869.255
3074,370478280,1749272761465,2,0.0355,0.03555704,41.29,BTC-25JUL25-100000-P,104869.68,buy,0.1,0.1,,,,,,,1749272761.465
3075,370478752,1749273852095,3,0.0355,0.03558995,41.29,BTC-25JUL25-100000-P,104873.57,sell,0.7,0.7,,,,,,,1749273852.095
3076,370478753,1749273852100,3,0.0355,0.03558995,41.29,BTC-25JUL25-100000-P,104873.57,sell,0.3,0.3,,,,,,,1749273852.1
3077,370478792,1749273900151,3,0.0355,0.03561168,41.29,BTC-25JUL25-100000-P,104875.26,sell,0.3,0.3,,,,,,,1749273900.151
3078,370478899,1749274591221,3,0.0355,0.03543191,41.3,BTC-25JUL25-100000-P,104877.16,buy,1.0,1.0,,,,,,,1749274591.221
3079,370479323,1749275189910,2,0.035,0.03507578,41.2,BTC-25JUL25-100000-P,104971.19,sell,0.5,0.5,,,,,,,1749275189.91
3080,370479324,1749275189914,3,0.035,0.03507578,41.2,BTC-25JUL25-100000-P,104971.19,sell,0.1,0.1,,,,,,,1749275189.914
3081,370486110,1749282460284,0,0.0355,0.03535924,41.55,BTC-25JUL25-100000-P,104950.48,buy,0.4,0.4,,,,,,,1749282460.284
3082,370487175,1749283473815,1,0.0355,0.03553715,41.73,BTC-25JUL25-100000-P,104992.6,sell,0.4,0.4,,,,,,,1749283473.815
3083,370487181,1749283476927,1,0.0355,0.03553476,41.73,BTC-25JUL25-100000-P,104992.6,sell,0.1,0.1,,,,,,,1749283476.927
3084,370487211,1749283542629,1,0.0355,0.03559125,41.7,BTC-25JUL25-100000-P,104981.1,sell,0.4,0.4,,,,,,,1749283542.629
3085,370487255,1749283610354,1,0.0355,0.03554045,41.74,BTC-25JUL25-100000-P,104997.07,sell,0.1,0.1,,,,,,,1749283610.354
3086,370487302,1749283671480,1,0.0355,0.03557791,41.72,BTC-25JUL25-100000-P,104994.61,sell,0.6,0.6,,,,,,,1749283671.48
3087,370488322,1749285330144,1,0.0355,0.03544541,41.6,BTC-25JUL25-100000-P,104948.89,sell,1.0,1.0,,,,,,,1749285330.144
3088,370488450,1749285468510,1,0.0355,0.03559875,41.55,BTC-25JUL25-100000-P,104925.62,sell,1.0,1.0,,,,,,,1749285468.51
3089,370489471,1749287163840,1,0.0355,0.03551085,41.57,BTC-25JUL25-100000-P,104933.76,sell,1.0,1.0,,,,,,,1749287163.84
3090,370489484,1749287225205,1,0.0355,0.03548305,41.59,BTC-25JUL25-100000-P,104942.62,sell,1.0,1.0,,,,,,,1749287225.205
3091,370489612,1749287436039,1,0.0355,0.03548225,41.6,BTC-25JUL25-100000-P,104955.62,sell,0.2,0.2,,,,,,,1749287436.039
3092,370489681,1749287533811,1,0.0355,0.03551458,41.59,BTC-25JUL25-100000-P,104951.64,sell,0.8,0.8,,,,,,,1749287533.811
3093,370490428,1749289432986,0,0.036,0.03599389,41.7,BTC-25JUL25-100000-P,104849.07,sell,1.1,1.1,,,,,,,1749289432.986
3094,370491471,1749291661441,2,0.035,0.0349933,41.75,BTC-25JUL25-100000-P,105129.22,sell,0.3,0.3,,,,,,,1749291661.441
3095,370493887,1749295389659,2,0.0345,0.03444526,41.85,BTC-25JUL25-100000-P,105310.49,sell,1.0,1.0,,,,,,,1749295389.659
3096,370493888,1749295389659,3,0.0345,0.03444526,41.85,BTC-25JUL25-100000-P,105310.49,sell,0.1,0.1,,,,,,,1749295389.659
3097,370499988,1749301486165,3,0.0345,0.03435434,42.09,BTC-25JUL25-100000-P,105417.28,buy,0.3,0.3,,,,,,,1749301486.165
3098,370505638,1749307611482,2,0.034,0.03416542,42.07,BTC-25JUL25-100000-P,105566.34,sell,1.0,1.0,,,,,,,1749307611.482
3099,370507783,1749310763000,3,0.034,0.03415432,42.12,BTC-25JUL25-100000-P,105558.79,sell,1.0,1.0,,,,,,,1749310763.0
3100,370511701,1749319394980,3,0.034,0.03414556,42.01,BTC-25JUL25-100000-P,105538.51,sell,1.0,1.0,,,,,,,1749319394.98
3101,370511730,1749319413081,3,0.034,0.03404978,42.08,BTC-25JUL25-100000-P,105562.18,sell,1.0,1.0,,,,,,,1749319413.081
3102,370511944,1749319475705,2,0.0335,0.03358929,42.05,BTC-25JUL25-100000-P,105692.23,sell,1.5,1.5,,,,,,,1749319475.705
3103,370511945,1749319475705,3,0.0335,0.03358929,42.05,BTC-25JUL25-100000-P,105692.23,sell,1.0,1.0,,,,,,,1749319475.705
3104,370513329,1749321008739,2,0.033,0.03313066,41.96,BTC-25JUL25-100000-P,105821.22,sell,1.0,1.0,,,,,,,1749321008.739
3105,370517340,1749328202172,2,0.0325,0.03254696,41.87,BTC-25JUL25-100000-P,105933.13,sell,0.2,0.2,,,,,,,1749328202.172
3106,370521353,1749338532538,0,0.033,0.03315464,42.0,BTC-25JUL25-100000-P,105792.69,sell,0.1,0.1,,,,,,,1749338532.538
3107,370523697,1749344874846,0,0.034,0.03395543,42.13,BTC-25JUL25-100000-P,105524.34,sell,0.3,0.3,,,,,,,1749344874.846
3108,370524514,1749347068715,2,0.0335,0.03355793,42.16,BTC-25JUL25-100000-P,105682.38,sell,1.1,1.1,,,,,,,1749347068.715
3109,370525747,1749350647254,3,0.0335,0.03375674,41.94,BTC-25JUL25-100000-P,105594.91,sell,0.6,0.6,,,,,,,1749350647.254
3110,370525748,1749350647254,3,0.0335,0.03375674,41.94,BTC-25JUL25-100000-P,105594.91,sell,1.5,1.5,,,,,,,1749350647.254
3111,370533806,1749372018238,3,0.0335,0.03392266,41.74,BTC-25JUL25-100000-P,105498.75,sell,0.6,0.6,,,,,,,1749372018.238
3113,370533808,1749372018238,3,0.0335,0.03392266,41.74,BTC-25JUL25-100000-P,105498.75,sell,1.2,1.2,,,,,,,1749372018.238
3112,370533807,1749372018238,3,0.0335,0.03392266,41.74,BTC-25JUL25-100000-P,105498.75,sell,0.6,0.6,,,,,,,1749372018.238
3114,370533809,1749372018238,3,0.0335,0.03392266,41.74,BTC-25JUL25-100000-P,105498.75,sell,0.4,0.4,,,,,,,1749372018.238
3115,370533810,1749372018240,3,0.0335,0.03392266,41.74,BTC-25JUL25-100000-P,105498.75,buy,0.2,0.2,,,,,,,1749372018.24
3116,370543371,1749382563784,2,0.033,0.03290759,42.02,BTC-25JUL25-100000-P,105689.52,sell,1.0,1.0,,,,,,,1749382563.784
3117,370546326,1749385648429,3,0.033,0.03317289,41.85,BTC-25JUL25-100000-P,105640.9,sell,0.4,0.4,,,,,,,1749385648.429
3118,370546328,1749385648441,3,0.033,0.03317289,41.85,BTC-25JUL25-100000-P,105640.9,sell,0.3,0.3,,,,,,,1749385648.441
3119,370559089,1749398416731,2,0.032,0.03190628,42.28,BTC-25JUL25-100000-P,106041.83,sell,0.5,0.5,,,,,,,1749398416.731
3120,370560125,1749399241347,2,0.031,0.0312016,41.96,BTC-25JUL25-100000-P,106228.42,sell,0.1,0.1,,,,,,,1749399241.347
3121,370568769,1749413341623,3,0.031,0.03144409,42.34,BTC-25JUL25-100000-P,106349.68,sell,0.3,0.3,,,,,,,1749413341.623
3122,370571540,1749419651484,2,0.0305,0.03056294,42.28,BTC-25JUL25-100000-P,106465.54,buy,0.1,0.1,,,,,,,1749419651.484
3123,370572865,1749420568173,0,0.032,0.03176584,42.53,BTC-25JUL25-100000-P,106106.12,buy,0.3,0.3,,,,,,,1749420568.173
3124,370572889,1749420569239,1,0.032,0.031779,42.53,BTC-25JUL25-100000-P,106105.82,buy,0.4,0.4,,,,,,,1749420569.239
3125,370572895,1749420570612,1,0.032,0.03179563,42.53,BTC-25JUL25-100000-P,106104.87,buy,0.4,0.4,,,,,,,1749420570.612
3126,370572912,1749420570730,1,0.032,0.03179563,42.53,BTC-25JUL25-100000-P,106104.87,buy,0.3,0.3,,,,,,,1749420570.73
3127,370572913,1749420570735,1,0.032,0.03179563,42.53,BTC-25JUL25-100000-P,106104.87,buy,0.3,0.3,,,,,,,1749420570.735
3128,370572914,1749420570743,1,0.032,0.03179563,42.53,BTC-25JUL25-100000-P,106104.87,buy,1.1,1.1,,,,,,,1749420570.743
3129,370572935,1749420571260,1,0.032,0.03180756,42.52,BTC-25JUL25-100000-P,106103.24,buy,0.2,0.2,,,,,,,1749420571.26
3130,370577849,1749424204623,0,0.033,0.03289046,42.27,BTC-25JUL25-100000-P,105698.55,buy,3.0,3.0,,,,,,,1749424204.623
3131,370583339,1749428850202,2,0.0325,0.03254892,42.31,BTC-25JUL25-100000-P,105830.01,sell,0.3,0.3,,,,,,,1749428850.202
3132,370583340,1749428850208,3,0.0325,0.03254892,42.31,BTC-25JUL25-100000-P,105830.01,sell,0.2,0.2,,,,,,,1749428850.208
3133,370583341,1749428850212,3,0.0325,0.03254892,42.31,BTC-25JUL25-100000-P,105830.01,sell,0.5,0.5,,,,,,,1749428850.212
3134,370583815,1749429265958,2,0.032,0.03207226,42.33,BTC-25JUL25-100000-P,105992.45,sell,1.0,1.0,,,,,,,1749429265.958
3135,370583816,1749429265958,3,0.032,0.03207226,42.33,BTC-25JUL25-100000-P,105992.45,sell,1.0,1.0,,,,,,,1749429265.958
3136,370584184,1749429810283,0,0.0325,0.03264503,42.3,BTC-25JUL25-100000-P,105835.88,sell,1.0,1.0,,,,,,,1749429810.283
3137,370584212,1749429896764,1,0.0325,0.03262053,42.29,BTC-25JUL25-100000-P,105832.85,sell,1.0,1.0,,,,,,,1749429896.764
3139,370584533,1749430441465,1,0.033,0.03301378,42.41,BTC-25JUL25-100000-P,105729.3,buy,0.8,0.8,,,,,,,1749430441.465
3138,370584532,1749430441465,0,0.033,0.03301378,42.41,BTC-25JUL25-100000-P,105729.3,buy,0.4,0.4,,,,,,,1749430441.465
3140,370584672,1749430719963,1,0.033,0.0331109,42.34,BTC-25JUL25-100000-P,105708.14,sell,1.0,1.0,,,,,,,1749430719.963
3141,370584702,1749430766775,1,0.033,0.03300563,42.42,BTC-25JUL25-100000-P,105733.28,buy,0.8,0.8,,,,,,,1749430766.775
3142,370584745,1749430883538,1,0.033,0.03309391,42.35,BTC-25JUL25-100000-P,105704.97,sell,1.0,1.0,,,,,,,1749430883.538
3143,370585548,1749432475774,1,0.033,0.03295694,42.27,BTC-25JUL25-100000-P,105684.94,buy,0.8,0.8,,,,,,,1749432475.774
3144,370585560,1749432487306,1,0.033,0.0329803,42.25,BTC-25JUL25-100000-P,105678.77,sell,0.2,0.2,,,,,,,1749432487.306
3145,370588414,1749438361636,0,0.0335,0.03326125,42.34,BTC-25JUL25-100000-P,105581.16,buy,0.1,0.1,,,,,,,1749438361.636
3146,370588442,1749438371979,1,0.0335,0.03332165,42.3,BTC-25JUL25-100000-P,105567.61,buy,0.1,0.1,,,,,,,1749438371.979
3148,370589016,1749439038309,1,0.0335,0.03356061,42.19,BTC-25JUL25-100000-P,105509.6,sell,1.0,1.0,,,,,,,1749439038.309
3147,370589015,1749439038309,1,0.0335,0.03356061,42.19,BTC-25JUL25-100000-P,105509.6,sell,0.1,0.1,,,,,,,1749439038.309
3149,370589017,1749439056609,1,0.0335,0.03355454,42.19,BTC-25JUL25-100000-P,105508.76,sell,0.1,0.1,,,,,,,1749439056.609
3150,370589628,1749439599469,1,0.0335,0.03339679,42.27,BTC-25JUL25-100000-P,105531.3,buy,0.1,0.1,,,,,,,1749439599.469
3151,370589704,1749439749177,1,0.0335,0.03342217,42.26,BTC-25JUL25-100000-P,105525.02,sell,1.2,1.2,,,,,,,1749439749.177
3152,370591204,1749444186087,2,0.033,0.03296124,42.07,BTC-25JUL25-100000-P,105616.95,buy,0.8,0.8,,,,,,,1749444186.087
3153,370591205,1749444186120,3,0.033,0.03296124,42.07,BTC-25JUL25-100000-P,105616.95,sell,0.5,0.5,,,,,,,1749444186.12
3154,370591206,1749444186123,3,0.033,0.03296124,42.07,BTC-25JUL25-100000-P,105616.95,sell,0.2,0.2,,,,,,,1749444186.123
3155,370591245,1749444349155,3,0.033,0.03308232,42.06,BTC-25JUL25-100000-P,105613.59,sell,1.5,1.5,,,,,,,1749444349.155
3156,370591994,1749445431758,0,0.0335,0.03346997,42.1,BTC-25JUL25-100000-P,105473.69,buy,0.8,0.8,,,,,,,1749445431.758
3157,370591995,1749445431764,1,0.0335,0.03346997,42.1,BTC-25JUL25-100000-P,105473.69,sell,0.7,0.7,,,,,,,1749445431.764
3158,370592004,1749445449979,1,0.0335,0.03349862,42.09,BTC-25JUL25-100000-P,105471.53,buy,0.8,0.8,,,,,,,1749445449.979
3159,370592005,1749445449984,1,0.0335,0.03349862,42.09,BTC-25JUL25-100000-P,105471.53,sell,0.7,0.7,,,,,,,1749445449.984
3160,370592013,1749445467526,1,0.0335,0.03349977,42.09,BTC-25JUL25-100000-P,105471.49,sell,1.5,1.5,,,,,,,1749445467.526
3161,370592033,1749445482861,1,0.0335,0.03354542,42.05,BTC-25JUL25-100000-P,105457.92,sell,1.5,1.5,,,,,,,1749445482.861
3162,370597132,1749455919225,2,0.0325,0.03297438,41.75,BTC-25JUL25-100000-P,105630.91,sell,1.0,1.0,,,,,,,1749455919.225
3164,370598684,1749457145606,3,0.0325,0.03272662,41.87,BTC-25JUL25-100000-P,105660.42,sell,1.0,1.0,,,,,,,1749457145.606
3163,370598683,1749457145606,3,0.0325,0.03272662,41.87,BTC-25JUL25-100000-P,105660.42,sell,2.0,2.0,,,,,,,1749457145.606
3165,370601378,1749459381532,2,0.0315,0.03159944,41.8,BTC-25JUL25-100000-P,105931.48,sell,1.0,1.0,,,,,,,1749459381.532
3166,370601393,1749459403306,3,0.0315,0.03162886,41.79,BTC-25JUL25-100000-P,105930.18,sell,1.0,1.0,,,,,,,1749459403.306
3167,370601685,1749459826238,3,0.0315,0.03157309,41.8,BTC-25JUL25-100000-P,105957.37,buy,0.1,0.1,,,,,,,1749459826.238
3168,370602998,1749461229456,3,0.0315,0.03142485,42.14,BTC-25JUL25-100000-P,106065.96,sell,2.0,2.0,,,,,,,1749461229.456
3169,370603851,1749461752802,2,0.031,0.03101362,42.09,BTC-25JUL25-100000-P,106211.83,buy,0.1,0.1,,,,,,,1749461752.802
3170,370604221,1749461907219,3,0.031,0.03085355,42.22,BTC-25JUL25-100000-P,106261.62,sell,0.1,0.1,,,,,,,1749461907.219
3171,370605522,1749462222788,2,0.03,0.02989639,42.22,BTC-25JUL25-100000-P,106570.84,sell,0.1,0.1,,,,,,,1749462222.788
3172,370606486,1749462346487,2,0.0295,0.02940197,42.23,BTC-25JUL25-100000-P,106733.55,buy,0.1,0.1,,,,,,,1749462346.487
3173,370606529,1749462368796,3,0.0295,0.02940095,42.25,BTC-25JUL25-100000-P,106737.84,buy,0.2,0.2,,,,,,,1749462368.796
3174,370611439,1749464009688,2,0.029,0.02888512,42.25,BTC-25JUL25-100000-P,106920.67,sell,0.5,0.5,,,,,,,1749464009.688
3175,370613400,1749464112273,2,0.028,0.02764699,42.44,BTC-25JUL25-100000-P,107338.88,sell,0.1,0.1,,,,,,,1749464112.273
3176,370613404,1749464112282,3,0.028,0.02764699,42.44,BTC-25JUL25-100000-P,107338.88,sell,0.1,0.1,,,,,,,1749464112.282
3177,370620280,1749466834193,0,0.0285,0.0280316,42.61,BTC-25JUL25-100000-P,107248.98,buy,0.1,0.1,,,,,,,1749466834.193
3178,370621343,1749467435137,2,0.028,0.02772187,42.49,BTC-25JUL25-100000-P,107364.08,buy,0.1,0.1,,,,,,,1749467435.137
3180,370623645,1749468441664,3,0.0275,0.02746543,42.37,BTC-25JUL25-100000-P,107484.21,buy,0.6,0.6,,,,,,,1749468441.664
3179,370623644,1749468441664,2,0.0275,0.02746543,42.37,BTC-25JUL25-100000-P,107484.21,buy,0.1,0.1,,,,,,,1749468441.664
3181,370624609,1749468805011,3,0.0275,0.02744701,42.46,BTC-25JUL25-100000-P,107506.13,sell,0.3,0.3,,,,,,,1749468805.011
3182,370624610,1749468805011,3,0.0275,0.02744701,42.46,BTC-25JUL25-100000-P,107506.13,sell,1.0,1.0,,,,,,,1749468805.011
3183,370628807,1749470241725,2,0.0265,0.02660264,42.19,BTC-25JUL25-100000-P,107774.28,sell,0.3,0.3,,,,,,,1749470241.725
3184,370629780,1749470528456,3,0.0265,0.02657799,42.22,BTC-25JUL25-100000-P,107779.11,sell,0.1,0.1,,,,,,,1749470528.456
3185,370636277,1749474462178,3,0.0265,0.02663102,42.18,BTC-25JUL25-100000-P,107766.58,sell,1.0,1.0,,,,,,,1749474462.178
3186,370636278,1749474462185,3,0.0265,0.02663102,42.18,BTC-25JUL25-100000-P,107766.58,buy,0.2,0.2,,,,,,,1749474462.185
3187,370636292,1749474466097,3,0.0265,0.02663824,42.15,BTC-25JUL25-100000-P,107758.39,buy,0.6,0.6,,,,,,,1749474466.097
3188,370636647,1749474844644,3,0.0265,0.02659178,42.0,BTC-25JUL25-100000-P,107694.73,buy,3.2,3.2,,,,,,,1749474844.644
3189,370638546,1749476006438,3,0.0265,0.02646742,42.2,BTC-25JUL25-100000-P,107735.64,sell,1.0,1.0,,,,,,,1749476006.438
3190,370638939,1749476147830,3,0.0265,0.02669115,41.98,BTC-25JUL25-100000-P,107668.22,buy,0.3,0.3,,,,,,,1749476147.83
3191,370653121,1749480387671,2,0.026,0.02613456,41.98,BTC-25JUL25-100000-P,107828.57,sell,1.0,1.0,,,,,,,1749480387.671
3192,370654372,1749480591572,2,0.0259,0.02606669,41.91,BTC-25JUL25-100000-P,107847.77,sell,12.6,12.6,2.0,BLOCK-204070,,BTC-STRG-25JUL25-100000_120000,,,1749480591.572
3193,370654654,1749480640602,0,0.0262,0.02636382,41.94,BTC-25JUL25-100000-P,107744.44,sell,12.6,12.6,2.0,BLOCK-204071,,BTC-STRG-25JUL25-100000_120000,,,1749480640.602
3194,370654792,1749480666906,0,0.0265,0.02654927,41.98,BTC-25JUL25-100000-P,107661.14,buy,0.1,0.1,,,,,,,1749480666.906
3195,370654886,1749480685985,1,0.0265,0.02665427,41.96,BTC-25JUL25-100000-P,107656.77,sell,1.0,1.0,,,,,,,1749480685.985
3196,370654924,1749480704775,1,0.0265,0.02670459,41.87,BTC-25JUL25-100000-P,107619.03,sell,1.0,1.0,,,,,,,1749480704.775
3197,370654936,1749480705960,1,0.0265,0.02670572,41.89,BTC-25JUL25-100000-P,107624.1,sell,1.0,1.0,,,,,,,1749480705.96
3198,370655095,1749480761880,1,0.0265,0.02662756,41.97,BTC-25JUL25-100000-P,107653.17,sell,0.3,0.3,,,,,,,1749480761.88
3199,370655096,1749480761886,1,0.0265,0.02662756,41.97,BTC-25JUL25-100000-P,107653.17,sell,0.5,0.5,,,,,,,1749480761.886
3200,370655097,1749480761888,1,0.0265,0.02662756,41.97,BTC-25JUL25-100000-P,107653.17,sell,0.1,0.1,,,,,,,1749480761.888
3201,370659395,1749482445984,2,0.026,0.02616636,41.94,BTC-25JUL25-100000-P,107820.2,sell,0.1,0.1,,,,,,,1749482445.984
3202,370693079,1749500029335,2,0.024,0.02406538,42.14,BTC-25JUL25-100000-P,108646.34,buy,0.1,0.1,,,,,,,1749500029.335
3203,370694122,1749500627128,2,0.0235,0.02393134,41.83,BTC-25JUL25-100000-P,108685.22,sell,0.5,0.5,,,,,,,1749500627.128
3204,370696480,1749502156327,0,0.024,0.0239113,42.34,BTC-25JUL25-100000-P,108717.4,buy,0.1,0.1,,,,,,,1749502156.327
3205,370706739,1749504591950,2,0.021,0.02095615,42.45,BTC-25JUL25-100000-P,110040.16,buy,0.1,0.1,,,,,,,1749504591.95
3206,370721058,1749506629388,2,0.0207,0.02084559,42.53,BTC-25JUL25-100000-P,110202.07,sell,30.0,30.0,2.0,BLOCK-204152,,BTC-PS-25JUL25-100000_95000,5837.0,,1749506629.388
3207,370722905,1749507285737,0,0.0215,0.02144128,42.69,BTC-25JUL25-100000-P,109912.22,sell,0.3,0.3,,,,,,,1749507285.737
3208,370738834,1749515176299,2,0.021,0.02085447,43.15,BTC-25JUL25-100000-P,110288.33,sell,1.0,1.0,,,,,,,1749515176.299
3209,370739308,1749515407146,2,0.0205,0.02085906,42.65,BTC-25JUL25-100000-P,110284.14,sell,0.1,0.1,,,,,,,1749515407.146
3211,370741302,1749516719104,1,0.0215,0.02134576,43.11,BTC-25JUL25-100000-P,110045.4,buy,0.9,0.9,,,,,,,1749516719.104
3210,370741301,1749516719104,0,0.0215,0.02134576,43.11,BTC-25JUL25-100000-P,110045.4,buy,0.1,0.1,,,,,,,1749516719.104
3212,370746485,1749521394877,0,0.0221,0.02228805,42.41,BTC-25JUL25-100000-P,109447.45,buy,0.5,0.5,,,370746484,BTC-PS-25JUL25-100000_95000,,,1749521394.877
3213,370747237,1749521695723,2,0.022,0.02182402,42.76,BTC-25JUL25-100000-P,109632.31,sell,1.0,1.0,,,,,,,1749521695.723
3214,370747572,1749521806376,3,0.022,0.02203532,42.58,BTC-25JUL25-100000-P,109572.7,buy,0.1,0.1,,,,,,,1749521806.376
3215,370748040,1749522270912,3,0.022,0.02191038,42.73,BTC-25JUL25-100000-P,109618.29,sell,0.5,0.5,,,,,,,1749522270.912
3216,370751869,1749525489021,0,0.0225,0.022327,42.82,BTC-25JUL25-100000-P,109467.59,buy,0.1,0.1,,,,,,,1749525489.021
3217,370751870,1749525489021,1,0.0225,0.022327,42.82,BTC-25JUL25-100000-P,109467.59,buy,1.2,1.2,,,,,,,1749525489.021
3219,370751872,1749525489024,1,0.0225,0.022327,42.82,BTC-25JUL25-100000-P,109467.59,sell,0.1,0.1,,,,,,,1749525489.024
3218,370751871,1749525489024,1,0.0225,0.022327,42.82,BTC-25JUL25-100000-P,109467.59,sell,1.6,1.6,,,,,,,1749525489.024
3220,370756964,1749531771002,2,0.022,0.02221642,42.62,BTC-25JUL25-100000-P,109559.59,sell,0.1,0.1,,,,,,,1749531771.002
3221,370757553,1749532579700,3,0.022,0.02206407,42.76,BTC-25JUL25-100000-P,109611.4,sell,0.9,0.9,,,,,,,1749532579.7
3222,370759709,1749534061075,0,0.0225,0.02247026,42.73,BTC-25JUL25-100000-P,109369.8,sell,0.5,0.5,,,,,,,1749534061.075
3223,370760283,1749535086794,1,0.0225,0.02240595,42.75,BTC-25JUL25-100000-P,109386.37,buy,0.1,0.1,,,,,,,1749535086.794
3224,370767705,1749540350545,2,0.022,0.0220152,42.51,BTC-25JUL25-100000-P,109508.03,sell,1.0,1.0,,,,,,,1749540350.545
3225,370771186,1749541870529,0,0.0225,0.02252749,42.48,BTC-25JUL25-100000-P,109229.93,sell,1.0,1.0,,,,,,,1749541870.529
3226,370776326,1749545452073,1,0.0225,0.02243864,42.51,BTC-25JUL25-100000-P,109264.14,sell,1.0,1.0,,,,,,,1749545452.073
3227,370777288,1749547392718,2,0.022,0.02258211,42.22,BTC-25JUL25-100000-P,109329.29,sell,1.0,1.0,,,,,,,1749547392.718
3228,370777793,1749547852044,3,0.022,0.02204393,42.21,BTC-25JUL25-100000-P,109352.53,sell,1.0,1.0,,,,,,,1749547852.044
3229,370785165,1749552930460,3,0.022,0.02197087,42.38,BTC-25JUL25-100000-P,109351.04,buy,0.1,0.1,,,,,,,1749552930.46
3230,370785356,1749553372940,3,0.022,0.0221489,42.35,BTC-25JUL25-100000-P,109333.6,sell,4.9,4.9,,,,,,,1749553372.94
3231,370785357,1749553372940,3,0.022,0.0221489,42.35,BTC-25JUL25-100000-P,109333.6,sell,0.2,0.2,,,,,,,1749553372.94
3232,370785358,1749553373331,3,0.022,0.0221489,42.35,BTC-25JUL25-100000-P,109333.6,buy,0.1,0.1,,,,,,,1749553373.331
3234,370785996,1749553809479,3,0.022,0.022181,42.42,BTC-25JUL25-100000-P,109367.21,sell,1.0,1.0,,,,,,,1749553809.479
3233,370785995,1749553809479,3,0.022,0.022181,42.42,BTC-25JUL25-100000-P,109367.21,sell,1.0,1.0,,,,,,,1749553809.479
3236,370786849,1749554192966,3,0.0215,0.02144596,42.56,BTC-25JUL25-100000-P,109628.85,sell,1.0,1.0,,,,,,,1749554192.966
3235,370786848,1749554192966,2,0.0215,0.02144596,42.56,BTC-25JUL25-100000-P,109628.85,sell,1.0,1.0,,,,,,,1749554192.966
3237,370788003,1749554597029,3,0.0215,0.02147781,42.54,BTC-25JUL25-100000-P,109616.69,buy,0.5,0.5,,,,,,,1749554597.029
