trade_seq,trade_id,timestamp,tick_direction,price,mark_price,iv,instrument_name,index_price,direction,contracts,amount,block_trade_leg_count,block_trade_id,combo_id,block_rfq_id,combo_trade_id,liquidation,unix_sec
737,369590192,1748647770807,3,0.024,0.0245441,45.05,BTC-25JUL25-120000-C,103838.17,sell,0.4,0.4,,,,,,,1748647770.807
739,369590194,1748647770807,3,0.024,0.0245441,45.05,BTC-25JUL25-120000-C,103838.17,sell,9.8,9.8,,,,,,,1748647770.807
736,369590191,1748647770807,2,0.024,0.0245441,45.05,BTC-25JUL25-120000-C,103838.17,sell,9.4,9.4,,,,,,,1748647770.807
738,369590193,1748647770807,3,0.024,0.0245441,45.05,BTC-25JUL25-120000-C,103838.17,sell,0.4,0.4,,,,,,,1748647770.807
740,369609199,1748656546759,2,0.0235,0.0234828,45.38,BTC-25JUL25-120000-C,103496.54,sell,0.3,0.3,,,,,,,1748656546.759
741,369609200,1748656546781,3,0.0235,0.0234828,45.38,BTC-25JUL25-120000-C,103496.54,sell,0.1,0.1,,,,,,,1748656546.781
742,369609225,1748656547566,3,0.0235,0.02348671,45.38,BTC-25JUL25-120000-C,103494.92,sell,0.6,0.6,,,,,,,1748656547.566
743,369657084,1748687199658,0,0.024,0.02450388,45.92,BTC-25JUL25-120000-C,103521.35,sell,0.1,0.1,,,,,,,1748687199.658
744,369657108,1748687246814,1,0.024,0.02443373,45.98,BTC-25JUL25-120000-C,103498.23,sell,0.1,0.1,,,,,,,1748687246.814
745,369675521,1748704240395,0,0.0265,0.02619888,45.92,BTC-25JUL25-120000-C,104662.33,buy,0.1,0.1,,,,,,,1748704240.395
746,369676035,1748704655879,1,0.0265,0.02622173,45.84,BTC-25JUL25-120000-C,104702.59,buy,0.1,0.1,,,,,,,1748704655.879
747,369676294,1748704957413,1,0.0265,0.02607637,45.9,BTC-25JUL25-120000-C,104692.62,buy,0.1,0.1,,,,,,,1748704957.413
748,369676295,1748704958609,1,0.0265,0.02607692,45.89,BTC-25JUL25-120000-C,104693.0,buy,0.1,0.1,,,,,,,1748704958.609
749,369728664,1748770023663,2,0.026,0.02641061,46.85,BTC-25JUL25-120000-C,104102.94,sell,0.1,0.1,,,,,,,1748770023.663
750,369737536,1748781703930,0,0.0268,0.02665533,47.82,BTC-25JUL25-120000-C,104002.24,sell,0.2,0.2,,,BTC-CS-25JUL25-102000_120000,,369737534,,1748781703.93
751,369749133,1748792537442,0,0.028,0.02846929,47.29,BTC-25JUL25-120000-C,104772.78,sell,1.0,1.0,,,,,,,1748792537.442
752,369750328,1748793934028,1,0.028,0.02837936,47.17,BTC-25JUL25-120000-C,104805.72,buy,0.3,0.3,,,,,,,1748793934.028
753,369757739,1748795840830,0,0.0285,0.02876627,46.7,BTC-25JUL25-120000-C,105270.52,buy,0.3,0.3,,,,,,,1748795840.83
754,369766208,1748802192544,2,0.028,0.02799863,47.15,BTC-25JUL25-120000-C,104840.62,sell,0.5,0.5,,,,,,,1748802192.544
755,369813939,1748845847443,2,0.0255,0.02593352,45.31,BTC-25JUL25-120000-C,104982.09,sell,0.1,0.1,,,,,,,1748845847.443
756,369814763,1748846746612,0,0.026,0.02635388,45.35,BTC-25JUL25-120000-C,105174.93,sell,0.1,0.1,,,,,,,1748846746.612
757,369815838,1748847981370,0,0.0265,0.02676521,45.39,BTC-25JUL25-120000-C,105363.4,sell,0.2,0.2,,,,,,,1748847981.37
758,369822176,1748852746522,1,0.0265,0.02713728,44.97,BTC-25JUL25-120000-C,105603.61,sell,0.7,0.7,,,,,,,1748852746.522
759,369825722,1748854450148,1,0.0265,0.02642449,45.49,BTC-25JUL25-120000-C,105340.0,sell,0.3,0.3,,,,,,,1748854450.148
760,369845576,1748865894349,2,0.0235,0.02350363,45.36,BTC-25JUL25-120000-C,104090.88,buy,0.2,0.2,,,,,,,1748865894.349
761,369849883,1748869008884,3,0.0235,0.02346461,45.16,BTC-25JUL25-120000-C,104187.02,buy,0.1,0.1,,,,,,,1748869008.884
762,369849907,1748869043754,3,0.0235,0.02347083,45.19,BTC-25JUL25-120000-C,104171.81,sell,0.9,0.9,,,,,,,1748869043.754
763,369850496,1748869608259,3,0.0235,0.02338386,45.23,BTC-25JUL25-120000-C,104169.86,sell,0.1,0.1,,,,,,,1748869608.259
764,369898159,1748881379326,2,0.0225,0.02230922,44.28,BTC-25JUL25-120000-C,104299.26,buy,0.5,0.5,,,,,,,1748881379.326
766,369898161,1748881379326,3,0.0225,0.02230922,44.28,BTC-25JUL25-120000-C,104299.26,buy,0.6,0.6,,,,,,,1748881379.326
765,369898160,1748881379326,3,0.0225,0.02230922,44.28,BTC-25JUL25-120000-C,104299.26,buy,0.6,0.6,,,,,,,1748881379.326
767,369898162,1748881379328,3,0.0225,0.02230922,44.28,BTC-25JUL25-120000-C,104299.26,sell,0.3,0.3,,,,,,,1748881379.328
768,369903999,1748885631897,0,0.023,0.02303177,44.59,BTC-25JUL25-120000-C,104415.94,buy,1.0,1.0,,,BTC-CS-25JUL25-105000_120000,,369903997,,1748885631.897
770,369935654,1748906309948,1,0.0255,0.02591256,44.12,BTC-25JUL25-120000-C,105801.86,sell,0.8,0.8,,,,,,,1748906309.948
773,369935657,1748906309948,1,0.0255,0.02591256,44.12,BTC-25JUL25-120000-C,105801.86,sell,0.4,0.4,,,,,,,1748906309.948
775,369935659,1748906309948,1,0.0255,0.02591256,44.12,BTC-25JUL25-120000-C,105801.86,sell,1.4,1.4,,,,,,,1748906309.948
771,369935655,1748906309948,1,0.0255,0.02591256,44.12,BTC-25JUL25-120000-C,105801.86,sell,5.0,5.0,,,,,,,1748906309.948
772,369935656,1748906309948,1,0.0255,0.02591256,44.12,BTC-25JUL25-120000-C,105801.86,sell,9.1,9.1,,,,,,,1748906309.948
774,369935658,1748906309948,1,0.0255,0.02591256,44.12,BTC-25JUL25-120000-C,105801.86,sell,14.7,14.7,,,,,,,1748906309.948
769,369935653,1748906309948,0,0.0255,0.02591256,44.12,BTC-25JUL25-120000-C,105801.86,sell,0.6,0.6,,,,,,,1748906309.948
776,369935660,1748906309951,1,0.0255,0.02591256,44.12,BTC-25JUL25-120000-C,105801.86,buy,1.0,1.0,,,,,,,1748906309.951
777,369941249,1748909554995,0,0.0265,0.02657252,44.36,BTC-25JUL25-120000-C,106063.29,buy,0.3,0.3,,,,,,,1748909554.995
778,369941318,1748909563956,1,0.0265,0.02670735,44.23,BTC-25JUL25-120000-C,106131.44,buy,9.0,9.0,,,,,,,1748909563.956
779,369941347,1748909565537,1,0.0265,0.02671191,44.21,BTC-25JUL25-120000-C,106143.93,buy,0.7,0.7,,,,,,,1748909565.537
780,369978429,1748941376194,2,0.0258,0.02494041,45.85,BTC-25JUL25-120000-C,105151.34,sell,50.0,50.0,2.0,BLOCK-202829,BTC-CDIAG-26DEC25_25JUL25-150000_120000,,,,1748941376.194
781,369979224,1748941911064,2,0.025,0.02501762,45.12,BTC-25JUL25-120000-C,105190.84,sell,0.1,0.1,,,,,,,1748941911.064
782,369979406,1748942229771,2,0.0247,0.02493716,44.84,BTC-25JUL25-120000-C,105208.93,sell,50.0,50.0,2.0,BLOCK-202837,BTC-CDIAG-26DEC25_25JUL25-150000_120000,,,,1748942229.771
783,369979714,1748942897781,2,0.0245,0.02463789,44.85,BTC-25JUL25-120000-C,105123.62,sell,0.2,0.2,,,,,,,1748942897.781
784,369979715,1748942897781,3,0.0245,0.02463789,44.85,BTC-25JUL25-120000-C,105123.62,sell,0.8,0.8,,,,,,,1748942897.781
785,369982499,1748944744473,2,0.024,0.02451636,44.19,BTC-25JUL25-120000-C,105261.46,sell,0.1,0.1,,,,,,,1748944744.473
786,370000397,1748960416997,0,0.025,0.02524454,44.24,BTC-25JUL25-120000-C,105740.67,buy,0.1,0.1,,,,,,,1748960416.997
787,370012642,1748963843155,0,0.027,0.02714603,44.25,BTC-25JUL25-120000-C,106601.83,sell,0.4,0.4,,,,,,,1748963843.155
788,370014546,1748964320153,0,0.0275,0.0275857,44.36,BTC-25JUL25-120000-C,106759.83,buy,0.2,0.2,,,,,,,1748964320.153
789,370015025,1748964619241,1,0.0275,0.02780942,44.26,BTC-25JUL25-120000-C,106806.0,sell,0.1,0.1,,,,,,,1748964619.241
790,370015480,1748964758384,1,0.0275,0.02760147,44.4,BTC-25JUL25-120000-C,106741.18,buy,0.1,0.1,,,,,,,1748964758.384
791,370015883,1748964913065,2,0.027,0.02755135,44.05,BTC-25JUL25-120000-C,106720.52,sell,0.1,0.1,,,,,,,1748964913.065
792,370016771,1748965419330,3,0.027,0.02718487,43.93,BTC-25JUL25-120000-C,106799.11,buy,0.1,0.1,,,,,,,1748965419.33
793,370019882,1748966622262,2,0.0265,0.02664239,43.99,BTC-25JUL25-120000-C,106540.55,buy,0.1,0.1,,,,,,,1748966622.262
794,370021016,1748967233223,2,0.026,0.02622633,43.74,BTC-25JUL25-120000-C,106468.64,sell,0.1,0.1,,,,,,,1748967233.223
795,370021890,1748967902638,0,0.0265,0.02637784,44.15,BTC-25JUL25-120000-C,106475.1,sell,0.3,0.3,,,,,,,1748967902.638
796,370031103,1748975450308,2,0.025,0.02471705,44.21,BTC-25JUL25-120000-C,105834.26,buy,0.1,0.1,,,,,,,1748975450.308
797,370037901,1748982748763,2,0.0245,0.0244088,44.36,BTC-25JUL25-120000-C,105541.11,sell,0.1,0.1,,,,,,,1748982748.763
798,370050055,1748994864336,2,0.024,0.02387608,44.21,BTC-25JUL25-120000-C,105462.22,buy,0.8,0.8,,,,,,,1748994864.336
799,370050056,1748994864338,3,0.024,0.02387608,44.21,BTC-25JUL25-120000-C,105462.22,sell,0.2,0.2,,,,,,,1748994864.338
800,370059702,1749003933047,3,0.024,0.02401762,43.74,BTC-25JUL25-120000-C,105749.53,sell,1.0,1.0,,,,,,,1749003933.047
801,370064816,1749010712370,2,0.0235,0.02352486,43.68,BTC-25JUL25-120000-C,105596.62,sell,0.1,0.1,,,,,,,1749010712.37
802,370064817,1749010712370,3,0.0235,0.02352486,43.68,BTC-25JUL25-120000-C,105596.62,sell,0.6,0.6,,,,,,,1749010712.37
803,370070849,1749021188421,2,0.023,0.02317849,43.65,BTC-25JUL25-120000-C,105399.2,sell,0.1,0.1,,,,,,,1749021188.421
804,370079523,1749029638462,0,0.0235,0.02319228,44.05,BTC-25JUL25-120000-C,105461.33,buy,0.5,0.5,,,,,,,1749029638.462
805,370080007,1749030208167,0,0.024,0.02367705,44.09,BTC-25JUL25-120000-C,105661.79,buy,0.2,0.2,,,,,,,1749030208.167
806,370084183,1749034397643,0,0.025,0.02451098,44.75,BTC-25JUL25-120000-C,105720.08,buy,0.1,0.1,,,,,,,1749034397.643
807,370085096,1749035973096,2,0.0245,0.02432547,44.56,BTC-25JUL25-120000-C,105625.44,sell,0.1,0.1,,,,,,,1749035973.096
808,370087691,1749038137144,2,0.0235,0.02349626,44.35,BTC-25JUL25-120000-C,105292.89,sell,0.1,0.1,,,,,,,1749038137.144
810,370091748,1749040394172,3,0.0225,0.02256371,44.21,BTC-25JUL25-120000-C,104961.11,sell,0.1,0.1,,,,,,,1749040394.172
809,370091747,1749040394172,2,0.0225,0.02256371,44.21,BTC-25JUL25-120000-C,104961.11,sell,0.1,0.1,,,,,,,1749040394.172
811,370093287,1749041728522,3,0.0225,0.02268583,43.94,BTC-25JUL25-120000-C,105104.71,sell,0.1,0.1,,,,,,,1749041728.522
812,370093288,1749041728523,3,0.0225,0.02268583,43.94,BTC-25JUL25-120000-C,105104.71,buy,0.1,0.1,,,,,,,1749041728.523
813,370096670,1749043508403,0,0.023,0.02276043,44.33,BTC-25JUL25-120000-C,105177.12,buy,0.1,0.1,,,,,,,1749043508.403
814,370101977,1749045621674,2,0.0215,0.02142865,44.11,BTC-25JUL25-120000-C,104597.25,sell,0.1,0.1,,,,,,,1749045621.674
815,370106094,1749045920110,2,0.021,0.02114712,44.02,BTC-25JUL25-120000-C,104433.04,sell,0.1,0.1,,,,,,,1749045920.11
817,370130872,1749052331777,1,0.0225,0.02259742,43.48,BTC-25JUL25-120000-C,105451.95,sell,0.2,0.2,,,,,,,1749052331.777
816,370130871,1749052331777,0,0.0225,0.02259742,43.48,BTC-25JUL25-120000-C,105451.95,sell,0.1,0.1,,,,,,,1749052331.777
818,370131505,1749052789134,1,0.0225,0.02231088,43.7,BTC-25JUL25-120000-C,105340.75,sell,0.1,0.1,,,,,,,1749052789.134
819,370134137,1749055712610,1,0.0225,0.02235044,43.61,BTC-25JUL25-120000-C,105390.66,buy,0.3,0.3,,,,,,,1749055712.61
820,370134943,1749056789622,2,0.022,0.0224334,43.12,BTC-25JUL25-120000-C,105428.01,sell,0.1,0.1,,,,,,,1749056789.622
821,370145303,1749069047638,2,0.021,0.02121873,43.58,BTC-25JUL25-120000-C,104738.62,sell,0.1,0.1,,,,,,,1749069047.638
822,370145305,1749069062606,3,0.021,0.02123574,43.57,BTC-25JUL25-120000-C,104749.31,sell,0.1,0.1,,,,,,,1749069062.606
823,370161930,1749096142655,0,0.022,0.02196745,43.9,BTC-25JUL25-120000-C,105096.73,sell,0.1,0.1,,,,,,,1749096142.655
824,370162780,1749097898960,0,0.0225,0.02209147,44.15,BTC-25JUL25-120000-C,105189.56,buy,0.6,0.6,,,,,,,1749097898.96
825,370162781,1749097898960,1,0.0225,0.02209147,44.15,BTC-25JUL25-120000-C,105189.56,buy,4.4,4.4,,,,,,,1749097898.96
826,370163229,1749098637301,1,0.0225,0.02233416,44.05,BTC-25JUL25-120000-C,105233.61,buy,0.1,0.1,,,,,,,1749098637.301
827,370163352,1749098915486,1,0.0225,0.02239682,44.03,BTC-25JUL25-120000-C,105238.83,buy,0.2,0.2,,,,,,,1749098915.486
828,370163353,1749098915488,1,0.0225,0.02239682,44.03,BTC-25JUL25-120000-C,105238.83,sell,0.6,0.6,,,,,,,1749098915.488
829,370163616,1749099250752,1,0.0225,0.0223931,44.02,BTC-25JUL25-120000-C,105240.52,buy,0.2,0.2,,,,,,,1749099250.752
831,370164334,1749100736195,3,0.022,0.02200761,43.87,BTC-25JUL25-120000-C,105094.96,sell,0.1,0.1,,,,,,,1749100736.195
830,370164333,1749100736195,2,0.022,0.02200761,43.87,BTC-25JUL25-120000-C,105094.96,sell,0.1,0.1,,,,,,,1749100736.195
832,370164688,1749101256393,3,0.022,0.02184342,44.07,BTC-25JUL25-120000-C,105014.25,sell,0.1,0.1,,,,,,,1749101256.393
833,370164689,1749101256396,3,0.022,0.02184342,44.07,BTC-25JUL25-120000-C,105014.25,sell,0.1,0.1,,,,,,,1749101256.396
835,370164710,1749101264645,3,0.022,0.02182933,44.09,BTC-25JUL25-120000-C,105002.58,sell,0.1,0.1,,,,,,,1749101264.645
834,370164709,1749101264645,3,0.022,0.02182933,44.09,BTC-25JUL25-120000-C,105002.58,sell,0.1,0.1,,,,,,,1749101264.645
836,370165382,1749102070270,2,0.0215,0.02144844,43.98,BTC-25JUL25-120000-C,104814.83,sell,0.1,0.1,,,,,,,1749102070.27
837,370170080,1749106343861,2,0.021,0.02060081,44.22,BTC-25JUL25-120000-C,104463.77,buy,0.1,0.1,,,,,,,1749106343.861
838,370170911,1749107254277,3,0.021,0.02087192,44.08,BTC-25JUL25-120000-C,104545.81,sell,1.8,1.8,,,,,,,1749107254.277
839,370173275,1749109726674,3,0.021,0.02088574,44.14,BTC-25JUL25-120000-C,104526.95,buy,0.1,0.1,,,,,,,1749109726.674
840,370180167,1749116921261,0,0.022,0.02165366,44.3,BTC-25JUL25-120000-C,104934.03,buy,1.0,1.0,,,,,,,1749116921.261
841,370180352,1749117167594,2,0.0216,0.02156359,43.99,BTC-25JUL25-120000-C,104925.86,sell,1000.0,1000.0,6.0,BLOCK-203219,,,,,1749117167.594
842,370181776,1749119170193,2,0.0215,0.02140526,44.22,BTC-25JUL25-120000-C,104763.96,sell,0.1,0.1,,,,,,,1749119170.193
843,370183637,1749120939259,2,0.021,0.0210182,43.92,BTC-25JUL25-120000-C,104695.12,buy,0.1,0.1,,,,,,,1749120939.259
844,370183638,1749120939335,3,0.021,0.0210182,43.92,BTC-25JUL25-120000-C,104695.12,buy,0.1,0.1,,,,,,,1749120939.335
845,370184717,1749122584202,3,0.021,0.0210227,43.84,BTC-25JUL25-120000-C,104749.91,buy,0.4,0.4,,,,,,,1749122584.202
846,370184719,1749122584357,3,0.021,0.02102245,43.84,BTC-25JUL25-120000-C,104751.28,buy,0.2,0.2,,,,,,,1749122584.357
847,370184767,1749122616862,3,0.021,0.02107683,43.79,BTC-25JUL25-120000-C,104769.75,buy,0.2,0.2,,,,,,,1749122616.862
848,370187085,1749125488398,0,0.0215,0.02159789,43.75,BTC-25JUL25-120000-C,105027.63,buy,0.7,0.7,,,,,,,1749125488.398
849,370187412,1749125608041,1,0.0215,0.02152364,43.78,BTC-25JUL25-120000-C,105016.16,buy,0.3,0.3,,,,,,,1749125608.041
850,370191089,1749126721943,0,0.0225,0.02257974,43.87,BTC-25JUL25-120000-C,105450.14,sell,0.1,0.1,,,,,,,1749126721.943
851,370194603,1749127837277,1,0.0225,0.02282715,43.4,BTC-25JUL25-120000-C,105687.87,sell,0.1,0.1,,,,,,,1749127837.277
852,370200215,1749130289191,1,0.0225,0.02235955,43.49,BTC-25JUL25-120000-C,105644.12,sell,0.2,0.2,,,,,,,1749130289.191
853,370200223,1749130289859,1,0.0225,0.02235955,43.49,BTC-25JUL25-120000-C,105644.12,sell,8.5,8.5,,,,,,,1749130289.859
854,370200224,1749130289875,1,0.0225,0.02235955,43.49,BTC-25JUL25-120000-C,105644.12,sell,0.3,0.3,,,,,,,1749130289.875
855,370200225,1749130289883,1,0.0225,0.02235955,43.49,BTC-25JUL25-120000-C,105644.12,sell,0.8,0.8,,,,,,,1749130289.883
856,370200226,1749130289883,1,0.0225,0.02235955,43.49,BTC-25JUL25-120000-C,105644.12,sell,0.2,0.2,,,,,,,1749130289.883
858,370200254,1749130295610,1,0.0225,0.02225002,43.58,BTC-25JUL25-120000-C,105592.36,buy,1.2,1.2,,,,,,,1749130295.61
857,370200253,1749130295610,1,0.0225,0.02225002,43.58,BTC-25JUL25-120000-C,105592.36,buy,1.1,1.1,,,,,,,1749130295.61
859,370200255,1749130295618,1,0.0225,0.02225002,43.58,BTC-25JUL25-120000-C,105592.36,sell,0.8,0.8,,,,,,,1749130295.618
860,370200260,1749130297307,1,0.0225,0.02222345,43.58,BTC-25JUL25-120000-C,105590.66,sell,8.5,8.5,,,,,,,1749130297.307
861,370200263,1749130297409,1,0.0225,0.02222345,43.58,BTC-25JUL25-120000-C,105590.66,sell,0.1,0.1,,,,,,,1749130297.409
862,370200292,1749130301315,1,0.0225,0.02220833,43.59,BTC-25JUL25-120000-C,105584.05,sell,0.1,0.1,,,,,,,1749130301.315
863,370200333,1749130304149,1,0.0225,0.02224471,43.62,BTC-25JUL25-120000-C,105564.71,sell,0.3,0.3,,,,,,,1749130304.149
864,370200335,1749130304217,1,0.0225,0.02224471,43.62,BTC-25JUL25-120000-C,105564.71,sell,0.2,0.2,,,,,,,1749130304.217
865,370200340,1749130305230,1,0.0225,0.02222986,43.63,BTC-25JUL25-120000-C,105559.69,sell,0.1,0.1,,,,,,,1749130305.23
866,370208613,1749131974246,2,0.0205,0.02053522,43.81,BTC-25JUL25-120000-C,104521.06,buy,50.0,50.0,2.0,BLOCK-203276,BTC-CDIAG-29AUG25_25JUL25-150000_120000,,,,1749131974.246
867,370208700,1749132005628,0,0.0206,0.02061544,43.86,BTC-25JUL25-120000-C,104543.0,buy,50.0,50.0,2.0,BLOCK-203277,BTC-CDIAG-29AUG25_25JUL25-150000_120000,,,,1749132005.628
868,370212522,1749132938864,2,0.02,0.01996935,43.94,BTC-25JUL25-120000-C,104219.14,sell,0.1,0.1,,,,,,,1749132938.864
869,370213424,1749133076795,2,0.0195,0.0196833,43.72,BTC-25JUL25-120000-C,104104.69,sell,50.0,50.0,2.0,BLOCK-203289,BTC-CDIAG-25JUL25_20JUN25-120000_114000,,,,1749133076.795
870,370214110,1749133164717,2,0.0193,0.01957845,43.66,BTC-25JUL25-120000-C,104024.22,sell,50.0,50.0,2.0,BLOCK-203296,BTC-CDIAG-25JUL25_20JUN25-120000_114000,,,,1749133164.717
871,370220425,1749134846708,0,0.021,0.0210345,43.65,BTC-25JUL25-120000-C,104869.09,sell,0.1,0.1,,,,,,,1749134846.708
872,370222595,1749135762877,2,0.0207,0.02060955,43.77,BTC-25JUL25-120000-C,104657.76,buy,3.6,3.6,6.0,BLOCK-203316,,,,,1749135762.877
873,370223663,1749135998718,2,0.0206,0.02052162,43.91,BTC-25JUL25-120000-C,104513.48,buy,23.3,23.3,6.0,BLOCK-203317,,,,,1749135998.718
874,370225362,1749136598570,0,0.021,0.02059326,44.36,BTC-25JUL25-120000-C,104455.86,buy,0.1,0.1,,,,,,,1749136598.57
875,370225553,1749136708974,2,0.0205,0.02064932,43.85,BTC-25JUL25-120000-C,104488.22,sell,0.1,0.1,,,,,,,1749136708.974
877,370227983,1749137261575,1,0.022,0.02144882,44.45,BTC-25JUL25-120000-C,104886.37,buy,1.4,1.4,,,,,,,1749137261.575
876,370227982,1749137261575,0,0.022,0.02144882,44.45,BTC-25JUL25-120000-C,104886.37,buy,0.6,0.6,,,,,,,1749137261.575
878,370228012,1749137292962,2,0.0215,0.0214611,44.0,BTC-25JUL25-120000-C,104894.34,sell,0.1,0.1,,,,,,,1749137292.962
879,370228344,1749137474888,3,0.0215,0.02148526,43.99,BTC-25JUL25-120000-C,104894.27,buy,0.1,0.1,,,,,,,1749137474.888
880,370228856,1749137874643,2,0.021,0.02114342,43.75,BTC-25JUL25-120000-C,104799.34,sell,0.1,0.1,,,,,,,1749137874.643
883,370228975,1749137951476,1,0.0215,0.02111133,44.2,BTC-25JUL25-120000-C,104782.43,buy,3.5,3.5,,,,,,,1749137951.476
882,370228974,1749137951476,1,0.0215,0.02111133,44.2,BTC-25JUL25-120000-C,104782.43,buy,1.4,1.4,,,,,,,1749137951.476
881,370228973,1749137951476,0,0.0215,0.02111133,44.2,BTC-25JUL25-120000-C,104782.43,buy,1.1,1.1,,,,,,,1749137951.476
884,370229094,1749138070509,2,0.021,0.02100835,43.85,BTC-25JUL25-120000-C,104747.57,sell,0.1,0.1,,,,,,,1749138070.509
885,370229258,1749138252158,3,0.021,0.02105153,43.8,BTC-25JUL25-120000-C,104766.37,sell,0.1,0.1,,,,,,,1749138252.158
886,370232470,1749140309911,2,0.02,0.01971034,44.1,BTC-25JUL25-120000-C,104118.23,buy,0.1,0.1,,,,,,,1749140309.911
887,370238257,1749141731644,3,0.02,0.01969522,44.44,BTC-25JUL25-120000-C,103940.77,buy,0.1,0.1,,,,,,,1749141731.644
888,370241769,1749142665520,2,0.0188,0.01879634,44.29,BTC-25JUL25-120000-C,103436.71,buy,8.7,8.7,6.0,BLOCK-203354,,,,,1749142665.52
889,370241951,1749142698940,3,0.0188,0.01877446,44.31,BTC-25JUL25-120000-C,103423.34,buy,6.5,6.5,6.0,BLOCK-203355,,,,,1749142698.94
890,370242079,1749142733661,3,0.0188,0.01880362,44.3,BTC-25JUL25-120000-C,103429.15,buy,2.2,2.2,6.0,BLOCK-203356,,,,,1749142733.661
891,370243863,1749142886368,2,0.0185,0.01843917,44.35,BTC-25JUL25-120000-C,103247.77,buy,5.9,5.9,6.0,BLOCK-203359,,,,,1749142886.368
892,370249391,1749144906944,0,0.019,0.01888615,44.65,BTC-25JUL25-120000-C,103354.74,sell,0.1,0.1,,,,,,,1749144906.944
893,370255980,1749147202715,2,0.018,0.01819375,44.18,BTC-25JUL25-120000-C,103117.8,sell,1.0,1.0,,,,,,,1749147202.715
894,370319882,1749157948976,2,0.0145,0.01462866,44.83,BTC-25JUL25-120000-C,100784.08,sell,0.1,0.1,,,,,,,1749157948.976
895,370331162,1749160549092,0,0.0165,0.01625204,45.5,BTC-25JUL25-120000-C,101547.98,buy,0.1,0.1,,,,,,,1749160549.092
896,370340636,1749165904300,1,0.0165,0.01634212,45.17,BTC-25JUL25-120000-C,101799.74,buy,1.2,1.2,,,,,,,1749165904.3
898,370356187,1749177999865,3,0.0155,0.01602571,43.99,BTC-25JUL25-120000-C,101939.13,sell,4.9,4.9,,,,,,,1749177999.865
897,370356186,1749177999865,2,0.0155,0.01602571,43.99,BTC-25JUL25-120000-C,101939.13,sell,0.1,0.1,,,,,,,1749177999.865
899,370357275,1749178637088,0,0.016,0.01612361,44.17,BTC-25JUL25-120000-C,102135.65,buy,5.0,5.0,,,,,,,1749178637.088
900,370366955,1749184755845,0,0.0165,0.01664577,43.7,BTC-25JUL25-120000-C,102726.19,buy,0.4,0.4,,,,,,,1749184755.845
901,370366956,1749184762972,1,0.0165,0.01663706,43.7,BTC-25JUL25-120000-C,102724.94,buy,0.3,0.3,,,,,,,1749184762.972
902,370366990,1749184773599,1,0.0165,0.01664642,43.7,BTC-25JUL25-120000-C,102728.8,buy,0.3,0.3,,,,,,,1749184773.599
903,370385929,1749196176690,0,0.018,0.01810823,44.38,BTC-25JUL25-120000-C,103169.89,sell,0.1,0.1,,,,,,,1749196176.69
904,370385930,1749196176690,1,0.018,0.01810823,44.38,BTC-25JUL25-120000-C,103169.89,sell,0.4,0.4,,,,,,,1749196176.69
905,370394889,1749200013412,0,0.0185,0.01854547,44.02,BTC-25JUL25-120000-C,103614.29,buy,2.0,2.0,,,,,,,1749200013.412
906,370400816,1749204452404,0,0.019,0.01865524,44.19,BTC-25JUL25-120000-C,103796.17,buy,0.1,0.1,,,,,,,1749204452.404
907,370401206,1749204846208,1,0.019,0.0187544,44.12,BTC-25JUL25-120000-C,103831.34,buy,0.1,0.1,,,,,,,1749204846.208
908,370401571,1749205099673,1,0.019,0.01869047,44.18,BTC-25JUL25-120000-C,103803.97,buy,0.1,0.1,,,,,,,1749205099.673
909,370402129,1749205719397,2,0.0185,0.01871513,43.8,BTC-25JUL25-120000-C,103772.1,sell,0.1,0.1,,,,,,,1749205719.397
910,370402130,1749205719399,3,0.0185,0.01871513,43.8,BTC-25JUL25-120000-C,103772.1,buy,0.2,0.2,,,,,,,1749205719.399
911,370402975,1749206428037,3,0.0185,0.01843489,43.97,BTC-25JUL25-120000-C,103672.88,buy,1.0,1.0,,,,,,,1749206428.037
912,370410540,1749213017752,0,0.0195,0.01975942,43.72,BTC-25JUL25-120000-C,104335.11,sell,0.1,0.1,,,,,,,1749213017.752
913,370414192,1749213874916,2,0.0185,0.01849622,43.86,BTC-25JUL25-120000-C,103762.77,sell,1.0,1.0,,,,,,,1749213874.916
915,370416411,1749215402947,3,0.0185,0.01869634,43.45,BTC-25JUL25-120000-C,104002.93,sell,0.2,0.2,,,,,,,1749215402.947
914,370416410,1749215402947,3,0.0185,0.01869634,43.45,BTC-25JUL25-120000-C,104002.93,sell,0.1,0.1,,,,,,,1749215402.947
916,370418306,1749217030124,0,0.019,0.01903915,43.59,BTC-25JUL25-120000-C,104179.64,sell,1.0,1.0,,,,,,,1749217030.124
918,370428535,1749220969018,1,0.0195,0.0199638,42.98,BTC-25JUL25-120000-C,104801.03,sell,0.4,0.4,,,,,,,1749220969.018
917,370428534,1749220969018,0,0.0195,0.0199638,42.98,BTC-25JUL25-120000-C,104801.03,sell,0.1,0.1,,,,,,,1749220969.018
919,370429700,1749221181536,0,0.02,0.02014809,43.21,BTC-25JUL25-120000-C,104911.26,buy,0.2,0.2,,,,,,,1749221181.536
921,370459079,1749239472241,3,0.0185,0.01881142,43.09,BTC-25JUL25-120000-C,104279.44,sell,1.0,1.0,,,,,,,1749239472.241
920,370459078,1749239472241,2,0.0185,0.01881142,43.09,BTC-25JUL25-120000-C,104279.44,sell,1.0,1.0,,,,,,,1749239472.241
922,370459087,1749239490606,3,0.0185,0.0187651,43.11,BTC-25JUL25-120000-C,104267.49,sell,1.0,1.0,,,,,,,1749239490.606
923,370467176,1749253197583,3,0.0185,0.01801124,42.92,BTC-25JUL25-120000-C,104430.65,buy,0.4,0.4,,,,,,,1749253197.583
924,370481406,1749278909384,0,0.019,0.01936213,42.19,BTC-25JUL25-120000-C,105159.26,buy,0.3,0.3,,,,,,,1749278909.384
926,370487454,1749283842733,1,0.019,0.01916702,42.64,BTC-25JUL25-120000-C,104948.39,sell,1.0,1.0,,,,,,,1749283842.733
925,370487453,1749283842733,1,0.019,0.01916702,42.64,BTC-25JUL25-120000-C,104948.39,sell,1.7,1.7,,,,,,,1749283842.733
927,370487455,1749283842733,1,0.019,0.01916702,42.64,BTC-25JUL25-120000-C,104948.39,sell,1.0,1.0,,,,,,,1749283842.733
928,370509163,1749313822584,0,0.021,0.02103882,43.61,BTC-25JUL25-120000-C,105517.39,sell,1.0,1.0,,,,,,,1749313822.584
929,370524714,1749347503119,1,0.021,0.0211976,43.31,BTC-25JUL25-120000-C,105771.61,buy,1.0,1.0,,,,,,,1749347503.119
930,370525946,1749351451627,2,0.0205,0.02077279,43.42,BTC-25JUL25-120000-C,105524.55,sell,0.1,0.1,,,,,,,1749351451.627
931,370546104,1749385336929,3,0.0205,0.02032972,43.34,BTC-25JUL25-120000-C,105635.8,sell,1.0,1.0,,,,,,,1749385336.929
932,370550309,1749389861948,3,0.0205,0.02097403,42.81,BTC-25JUL25-120000-C,105889.4,sell,0.1,0.1,,,,,,,1749389861.948
933,370561518,1749400362956,0,0.022,0.02176243,43.58,BTC-25JUL25-120000-C,106195.76,buy,1.2,1.2,,,,,,,1749400362.956
934,370561520,1749400363344,1,0.022,0.02176243,43.58,BTC-25JUL25-120000-C,106195.76,buy,0.2,0.2,,,,,,,1749400363.344
935,370561522,1749400363568,1,0.022,0.02176243,43.58,BTC-25JUL25-120000-C,106195.76,buy,0.6,0.6,,,,,,,1749400363.568
936,370561523,1749400363568,1,0.022,0.02176243,43.58,BTC-25JUL25-120000-C,106195.76,buy,1.1,1.1,,,,,,,1749400363.568
937,370561525,1749400363820,1,0.022,0.02176337,43.58,BTC-25JUL25-120000-C,106195.66,buy,1.3,1.3,,,,,,,1749400363.82
938,370561527,1749400364076,1,0.022,0.02176337,43.58,BTC-25JUL25-120000-C,106195.66,buy,0.2,0.2,,,,,,,1749400364.076
939,370561529,1749400364299,1,0.022,0.02176337,43.58,BTC-25JUL25-120000-C,106195.66,buy,4.5,4.5,,,,,,,1749400364.299
940,370561531,1749400364497,1,0.022,0.02176337,43.58,BTC-25JUL25-120000-C,106195.66,buy,0.4,0.4,,,,,,,1749400364.497
941,370561533,1749400364702,1,0.022,0.02176246,43.58,BTC-25JUL25-120000-C,106195.85,buy,0.2,0.2,,,,,,,1749400364.702
942,370561536,1749400364900,1,0.022,0.02176246,43.58,BTC-25JUL25-120000-C,106195.85,buy,2.1,2.1,,,,,,,1749400364.9
943,370561538,1749400365122,1,0.022,0.02176246,43.58,BTC-25JUL25-120000-C,106195.85,buy,0.7,0.7,,,,,,,1749400365.122
944,370561540,1749400365337,1,0.022,0.02176246,43.58,BTC-25JUL25-120000-C,106195.85,buy,0.4,0.4,,,,,,,1749400365.337
945,370561542,1749400365560,1,0.022,0.02176246,43.58,BTC-25JUL25-120000-C,106195.85,buy,0.1,0.1,,,,,,,1749400365.56
950,370561550,1749400365779,1,0.0225,0.02176222,44.02,BTC-25JUL25-120000-C,106195.79,buy,5.0,5.0,,,,,,,1749400365.779
949,370561549,1749400365779,1,0.0225,0.02176222,44.02,BTC-25JUL25-120000-C,106195.79,buy,25.0,25.0,,,,,,,1749400365.779
946,370561546,1749400365779,1,0.022,0.02176222,43.58,BTC-25JUL25-120000-C,106195.79,buy,0.5,0.5,,,,,,,1749400365.779
948,370561548,1749400365779,1,0.0225,0.02176222,44.02,BTC-25JUL25-120000-C,106195.79,buy,0.4,0.4,,,,,,,1749400365.779
947,370561547,1749400365779,0,0.0225,0.02176222,44.02,BTC-25JUL25-120000-C,106195.79,buy,0.5,0.5,,,,,,,1749400365.779
951,370561552,1749400365999,1,0.0225,0.02176222,44.02,BTC-25JUL25-120000-C,106195.79,buy,0.4,0.4,,,,,,,1749400365.999
953,370561556,1749400366184,1,0.0225,0.02176222,44.02,BTC-25JUL25-120000-C,106195.79,buy,0.4,0.4,,,,,,,1749400366.184
952,370561555,1749400366184,1,0.0225,0.02176222,44.02,BTC-25JUL25-120000-C,106195.79,buy,0.6,0.6,,,,,,,1749400366.184
954,370561559,1749400366405,1,0.0225,0.02176222,44.02,BTC-25JUL25-120000-C,106195.79,buy,0.8,0.8,,,,,,,1749400366.405
955,370561561,1749400366629,1,0.0225,0.02176334,44.02,BTC-25JUL25-120000-C,106195.73,buy,0.2,0.2,,,,,,,1749400366.629
957,370561564,1749400366855,1,0.0225,0.02176334,44.02,BTC-25JUL25-120000-C,106195.73,buy,0.9,0.9,,,,,,,1749400366.855
956,370561563,1749400366855,1,0.0225,0.02176334,44.02,BTC-25JUL25-120000-C,106195.73,buy,1.6,1.6,,,,,,,1749400366.855
958,370561570,1749400367052,2,0.022,0.02176334,43.58,BTC-25JUL25-120000-C,106195.73,buy,0.4,0.4,,,,,,,1749400367.052
961,370561573,1749400367052,1,0.0225,0.02176334,44.02,BTC-25JUL25-120000-C,106195.73,buy,1.5,1.5,,,,,,,1749400367.052
960,370561572,1749400367052,1,0.0225,0.02176334,44.02,BTC-25JUL25-120000-C,106195.73,buy,5.0,5.0,,,,,,,1749400367.052
959,370561571,1749400367052,0,0.0225,0.02176334,44.02,BTC-25JUL25-120000-C,106195.73,buy,3.1,3.1,,,,,,,1749400367.052
962,370561575,1749400367298,1,0.0225,0.02176334,44.02,BTC-25JUL25-120000-C,106195.73,buy,0.1,0.1,,,,,,,1749400367.298
963,370561580,1749400387584,2,0.022,0.02177602,43.58,BTC-25JUL25-120000-C,106196.93,buy,0.7,0.7,,,,,,,1749400387.584
964,370561581,1749400390326,3,0.022,0.02175754,43.59,BTC-25JUL25-120000-C,106193.49,buy,0.7,0.7,,,,,,,1749400390.326
965,370565126,1749404969349,0,0.0225,0.02240855,43.86,BTC-25JUL25-120000-C,106289.38,sell,0.1,0.1,,,,,,,1749404969.349
966,370582482,1749428247912,2,0.021,0.02126193,43.67,BTC-25JUL25-120000-C,105776.58,sell,1.0,1.0,,,,,,,1749428247.912
967,370582483,1749428247912,3,0.021,0.02126193,43.67,BTC-25JUL25-120000-C,105776.58,sell,1.0,1.0,,,,,,,1749428247.912
968,370586876,1749434479398,2,0.02,0.02007379,43.24,BTC-25JUL25-120000-C,105564.86,sell,0.1,0.1,,,,,,,1749434479.398
969,370586877,1749434479398,3,0.02,0.02007379,43.24,BTC-25JUL25-120000-C,105564.86,sell,0.6,0.6,,,,,,,1749434479.398
970,370586999,1749434643719,3,0.02,0.02003699,43.2,BTC-25JUL25-120000-C,105586.85,buy,0.8,0.8,,,,,,,1749434643.719
971,370587167,1749435050108,3,0.02,0.02008064,43.14,BTC-25JUL25-120000-C,105618.19,sell,0.1,0.1,,,,,,,1749435050.108
972,370587173,1749435088088,3,0.02,0.02007627,43.14,BTC-25JUL25-120000-C,105621.48,buy,0.2,0.2,,,,,,,1749435088.088
973,370587183,1749435090203,3,0.02,0.0200762,43.12,BTC-25JUL25-120000-C,105631.6,buy,1.0,1.0,,,,,,,1749435090.203
974,370592523,1749446767672,3,0.02,0.0197449,43.54,BTC-25JUL25-120000-C,105472.25,buy,1.1,1.1,,,,,,,1749446767.672
975,370592524,1749446767672,3,0.02,0.0197449,43.54,BTC-25JUL25-120000-C,105472.25,buy,0.9,0.9,,,,,,,1749446767.672
976,370598332,1749456663751,3,0.02,0.01992734,43.26,BTC-25JUL25-120000-C,105647.52,buy,0.1,0.1,,,,,,,1749456663.751
977,370609177,1749462649801,0,0.022,0.02223166,42.87,BTC-25JUL25-120000-C,106793.46,sell,0.6,0.6,,,,,,,1749462649.801
978,370609178,1749462649801,1,0.022,0.02223166,42.87,BTC-25JUL25-120000-C,106793.46,sell,0.1,0.1,,,,,,,1749462649.801
979,370610561,1749463373010,1,0.022,0.02178123,43.2,BTC-25JUL25-120000-C,106643.83,buy,1.0,1.0,,,,,,,1749463373.01
980,370617715,1749465100423,0,0.023,0.02304417,43.02,BTC-25JUL25-120000-C,107197.23,sell,0.1,0.1,,,,,,,1749465100.423
981,370617716,1749465100423,1,0.023,0.02304417,43.02,BTC-25JUL25-120000-C,107197.23,sell,0.2,0.2,,,,,,,1749465100.423
982,370617717,1749465100431,1,0.023,0.02304417,43.02,BTC-25JUL25-120000-C,107197.23,sell,0.3,0.3,,,,,,,1749465100.431
983,370619203,1749465951535,1,0.023,0.02318561,42.84,BTC-25JUL25-120000-C,107277.6,buy,0.1,0.1,,,,,,,1749465951.535
984,370620282,1749466834212,0,0.0235,0.02307933,43.34,BTC-25JUL25-120000-C,107248.98,buy,0.1,0.1,,,,,,,1749466834.212
985,370621366,1749467437332,1,0.0235,0.02340624,43.11,BTC-25JUL25-120000-C,107364.08,sell,0.1,0.1,,,,,,,1749467437.332
986,370625259,1749468988305,0,0.024,0.02394838,43.12,BTC-25JUL25-120000-C,107566.86,buy,4.0,4.0,,,,,,,1749468988.305
987,370625261,1749468988394,1,0.024,0.02394838,43.12,BTC-25JUL25-120000-C,107566.86,buy,2.6,2.6,,,,,,,1749468988.394
988,370628109,1749469767979,1,0.024,0.02417204,42.95,BTC-25JUL25-120000-C,107675.91,sell,5.0,5.0,,,,,,,1749469767.979
990,370628192,1749469821885,1,0.024,0.02414863,42.97,BTC-25JUL25-120000-C,107661.23,sell,4.9,4.9,,,,,,,1749469821.885
989,370628191,1749469821885,1,0.024,0.02414863,42.97,BTC-25JUL25-120000-C,107661.23,sell,0.1,0.1,,,,,,,1749469821.885
991,370628309,1749469950560,2,0.0238,0.0241126,42.85,BTC-25JUL25-120000-C,107637.67,sell,12.5,12.5,2.0,BLOCK-204022,BTC-CDIAG-25JUL25_27JUN25-120000_110000,,,,1749469950.56
992,370628354,1749469964494,0,0.0245,0.02407541,43.48,BTC-25JUL25-120000-C,107622.19,buy,0.1,0.1,,,,,,,1749469964.494
994,370628359,1749469964698,1,0.0245,0.02407541,43.48,BTC-25JUL25-120000-C,107622.19,buy,0.5,0.5,,,,,,,1749469964.698
993,370628358,1749469964698,1,0.0245,0.02407541,43.48,BTC-25JUL25-120000-C,107622.19,buy,4.0,4.0,,,,,,,1749469964.698
995,370628361,1749469964901,1,0.0245,0.02407615,43.48,BTC-25JUL25-120000-C,107622.06,buy,0.7,0.7,,,,,,,1749469964.901
996,370628371,1749469965100,1,0.0245,0.02407615,43.48,BTC-25JUL25-120000-C,107622.06,buy,0.4,0.4,,,,,,,1749469965.1
997,370628373,1749469965293,1,0.0245,0.02407615,43.48,BTC-25JUL25-120000-C,107622.06,buy,0.1,0.1,,,,,,,1749469965.293
998,370628375,1749469965490,1,0.0245,0.02407615,43.48,BTC-25JUL25-120000-C,107622.06,buy,1.7,1.7,,,,,,,1749469965.49
999,370628380,1749469965684,1,0.0245,0.02407615,43.48,BTC-25JUL25-120000-C,107622.06,buy,0.2,0.2,,,,,,,1749469965.684
1000,370628382,1749469965868,1,0.0245,0.02407615,43.48,BTC-25JUL25-120000-C,107622.06,buy,0.1,0.1,,,,,,,1749469965.868
1003,370628387,1749469966056,1,0.0245,0.02407578,43.48,BTC-25JUL25-120000-C,107620.9,buy,15.7,15.7,,,,,,,1749469966.056
1002,370628386,1749469966056,1,0.0245,0.02407578,43.48,BTC-25JUL25-120000-C,107620.9,buy,11.1,11.1,,,,,,,1749469966.056
1001,370628385,1749469966056,1,0.0245,0.02407578,43.48,BTC-25JUL25-120000-C,107620.9,buy,4.6,4.6,,,,,,,1749469966.056
1004,370628389,1749469966241,1,0.0245,0.02407578,43.48,BTC-25JUL25-120000-C,107620.9,buy,1.0,1.0,,,,,,,1749469966.241
1005,370628391,1749469966431,1,0.0245,0.02407578,43.48,BTC-25JUL25-120000-C,107620.9,buy,0.2,0.2,,,,,,,1749469966.431
1006,370628393,1749469966614,1,0.0245,0.02407578,43.48,BTC-25JUL25-120000-C,107620.9,buy,0.8,0.8,,,,,,,1749469966.614
1007,370628395,1749469966806,1,0.0245,0.02407578,43.48,BTC-25JUL25-120000-C,107620.9,buy,0.2,0.2,,,,,,,1749469966.806
1008,370628397,1749469967009,1,0.0245,0.02407582,43.48,BTC-25JUL25-120000-C,107620.01,buy,0.4,0.4,,,,,,,1749469967.009
1009,370628399,1749469967204,1,0.0245,0.02407582,43.48,BTC-25JUL25-120000-C,107620.01,buy,0.2,0.2,,,,,,,1749469967.204
1010,370628401,1749469967488,1,0.0245,0.02407582,43.48,BTC-25JUL25-120000-C,107620.01,buy,1.3,1.3,,,,,,,1749469967.488
1011,370628404,1749469967671,1,0.0245,0.02407582,43.48,BTC-25JUL25-120000-C,107620.01,buy,2.5,2.5,,,,,,,1749469967.671
1012,370628406,1749469967843,1,0.0245,0.02407582,43.48,BTC-25JUL25-120000-C,107620.01,buy,1.2,1.2,,,,,,,1749469967.843
1013,370628408,1749469968073,1,0.0245,0.02407271,43.48,BTC-25JUL25-120000-C,107620.07,buy,1.5,1.5,,,,,,,1749469968.073
1014,370628409,1749469968073,1,0.0245,0.02407271,43.48,BTC-25JUL25-120000-C,107620.07,buy,0.6,0.6,,,,,,,1749469968.073
1015,370628411,1749469968361,1,0.0245,0.02407271,43.48,BTC-25JUL25-120000-C,107620.07,buy,0.4,0.4,,,,,,,1749469968.361
1016,370628412,1749469968527,2,0.024,0.02407271,43.06,BTC-25JUL25-120000-C,107620.07,sell,0.6,0.6,,,,,,,1749469968.527
1017,370628516,1749470062095,0,0.0241,0.0241439,43.07,BTC-25JUL25-120000-C,107652.23,sell,0.1,0.1,,,BTC-CS-25JUL25-115000_120000,,370628514,,1749470062.095
1018,370628518,1749470062109,1,0.0241,0.0241439,43.07,BTC-25JUL25-120000-C,107652.23,buy,0.1,0.1,,,BTC-CS-25JUL25-115000_120000,,370628517,,1749470062.109
1019,370628595,1749470142897,1,0.0241,0.0241626,43.04,BTC-25JUL25-120000-C,107670.31,buy,0.2,0.2,,,BTC-CS-25JUL25-115000_120000,,370628593,,1749470142.897
1020,370631045,1749471353820,0,0.0245,0.02421503,43.42,BTC-25JUL25-120000-C,107641.66,buy,0.2,0.2,,,,,,,1749471353.82
1021,370631948,1749471866441,2,0.024,0.02414154,43.03,BTC-25JUL25-120000-C,107634.03,sell,50.0,50.0,2.0,BLOCK-204029,BTC-CDIAG-25JUL25_27JUN25-120000_105000,,,,1749471866.441
1022,370631986,1749471916427,2,0.0239,0.0241094,42.96,BTC-25JUL25-120000-C,107623.08,sell,50.0,50.0,2.0,BLOCK-204030,BTC-CDIAG-25JUL25_27JUN25-120000_105000,,,,1749471916.427
1023,370634971,1749473470036,2,0.0237,0.02419021,42.49,BTC-25JUL25-120000-C,107782.47,sell,12.5,12.5,2.0,BLOCK-204044,BTC-CDIAG-25JUL25_27JUN25-120000_110000,,,,1749473470.036
1024,370635405,1749473917589,0,0.0245,0.02441326,43.04,BTC-25JUL25-120000-C,107847.34,buy,0.1,0.1,,,,,,,1749473917.589
1025,370637092,1749475496252,2,0.024,0.02402434,42.97,BTC-25JUL25-120000-C,107681.97,sell,0.3,0.3,,,,,,,1749475496.252
1026,370637093,1749475496260,3,0.024,0.02402434,42.97,BTC-25JUL25-120000-C,107681.97,sell,0.1,0.1,,,,,,,1749475496.26
1027,370640441,1749476569740,2,0.023,0.02337862,42.51,BTC-25JUL25-120000-C,107455.33,sell,0.1,0.1,,,,,,,1749476569.74
1028,370643495,1749477420377,2,0.022,0.022613,42.44,BTC-25JUL25-120000-C,107043.16,sell,0.1,0.1,,,,,,,1749477420.377
1029,370645429,1749478021801,0,0.0225,0.02300587,42.42,BTC-25JUL25-120000-C,107301.34,sell,0.9,0.9,,,,,,,1749478021.801
1030,370647371,1749478447746,0,0.023,0.02344406,42.38,BTC-25JUL25-120000-C,107524.73,sell,0.1,0.1,,,,,,,1749478447.746
1031,370647903,1749478630398,1,0.023,0.02321778,42.61,BTC-25JUL25-120000-C,107419.47,sell,0.1,0.1,,,,,,,1749478630.398
1032,370649514,1749479205663,0,0.0235,0.02392608,42.59,BTC-25JUL25-120000-C,107642.04,sell,0.2,0.2,,,,,,,1749479205.663
1033,370651373,1749479714460,0,0.024,0.02439825,42.62,BTC-25JUL25-120000-C,107838.29,sell,0.1,0.1,,,,,,,1749479714.46
1034,370651374,1749479714460,1,0.024,0.02439825,42.62,BTC-25JUL25-120000-C,107838.29,sell,0.1,0.1,,,,,,,1749479714.46
1035,370651865,1749479870460,1,0.024,0.02450078,42.55,BTC-25JUL25-120000-C,107879.93,sell,0.3,0.3,,,,,,,1749479870.46
1036,370652405,1749480039339,1,0.024,0.02430067,42.75,BTC-25JUL25-120000-C,107785.4,sell,0.2,0.2,,,,,,,1749480039.339
1037,370652723,1749480223739,1,0.024,0.02453463,42.52,BTC-25JUL25-120000-C,107899.07,sell,0.1,0.1,,,,,,,1749480223.739
1038,370653064,1749480378862,1,0.024,0.02445747,42.57,BTC-25JUL25-120000-C,107875.42,sell,0.1,0.1,,,,,,,1749480378.862
1039,370654373,1749480591572,0,0.0243,0.02435425,42.9,BTC-25JUL25-120000-C,107847.77,sell,12.6,12.6,2.0,BLOCK-204070,BTC-STRG-25JUL25-100000_120000,,,,1749480591.572
1040,370654653,1749480640602,2,0.0239,0.02407242,42.76,BTC-25JUL25-120000-C,107744.44,sell,12.6,12.6,2.0,BLOCK-204071,BTC-STRG-25JUL25-100000_120000,,,,1749480640.602
1041,370656403,1749481374373,2,0.023,0.02350528,42.24,BTC-25JUL25-120000-C,107619.69,sell,0.1,0.1,,,,,,,1749481374.373
1042,370660778,1749483205087,0,0.0235,0.02398637,42.0,BTC-25JUL25-120000-C,107963.64,sell,0.1,0.1,,,,,,,1749483205.087
1044,370660952,1749483318197,1,0.024,0.02393422,42.51,BTC-25JUL25-120000-C,107924.29,sell,0.1,0.1,,,,,,,1749483318.197
1043,370660951,1749483318197,0,0.024,0.02393422,42.51,BTC-25JUL25-120000-C,107924.29,sell,0.9,0.9,,,,,,,1749483318.197
1045,370660953,1749483318197,1,0.024,0.02393422,42.51,BTC-25JUL25-120000-C,107924.29,sell,0.1,0.1,,,,,,,1749483318.197
1046,370661742,1749484020417,2,0.0236,0.02380587,42.28,BTC-25JUL25-120000-C,107843.59,sell,0.2,0.2,,,BTC-CSR12-25JUL25-112000_120000,,370661740,,1749484020.417
1047,370661745,1749484020420,3,0.0236,0.02380587,42.28,BTC-25JUL25-120000-C,107843.59,buy,0.4,0.4,,,BTC-CSR12-25JUL25-112000_120000,,370661743,,1749484020.42
1048,370661748,1749484023274,3,0.0236,0.02380061,42.29,BTC-25JUL25-120000-C,107842.59,buy,1.0,1.0,,,BTC-CSR12-25JUL25-112000_120000,,370661747,,1749484023.274
1049,370661773,1749484025615,3,0.0236,0.02379845,42.29,BTC-25JUL25-120000-C,107834.06,buy,0.6,0.6,,,BTC-CSR12-25JUL25-112000_120000,,370661771,,1749484025.615
1050,370661775,1749484027914,3,0.0236,0.02379568,42.3,BTC-25JUL25-120000-C,107838.75,buy,1.6,1.6,,,BTC-CSR12-25JUL25-112000_120000,,370661774,,1749484027.914
1051,370661778,1749484030212,3,0.0236,0.02377749,42.3,BTC-25JUL25-120000-C,107838.66,buy,2.0,2.0,,,BTC-CSR12-25JUL25-112000_120000,,370661777,,1749484030.212
1052,370661782,1749484032621,3,0.0236,0.02378028,42.3,BTC-25JUL25-120000-C,107837.36,buy,1.0,1.0,,,BTC-CSR12-25JUL25-112000_120000,,370661780,,1749484032.621
1053,370661802,1749484038801,3,0.0236,0.02374663,42.32,BTC-25JUL25-120000-C,107826.22,buy,0.4,0.4,,,BTC-CSR12-25JUL25-112000_120000,,370661800,,1749484038.801
1054,370661809,1749484041078,3,0.0236,0.02374696,42.33,BTC-25JUL25-120000-C,107826.04,buy,0.2,0.2,,,BTC-CSR12-25JUL25-112000_120000,,370661808,,1749484041.078
1055,370661816,1749484043056,3,0.0236,0.02374183,42.33,BTC-25JUL25-120000-C,107825.37,buy,12.6,12.6,,,BTC-CSR12-25JUL25-112000_120000,,370661814,,1749484043.056
1056,370662442,1749484484865,0,0.0237,0.02382006,42.36,BTC-25JUL25-120000-C,107851.51,buy,0.2,0.2,,,BTC-CSR12-25JUL25-112000_120000,,370662439,,1749484484.865
1057,370663305,1749485012006,2,0.0236,0.02373589,42.3,BTC-25JUL25-120000-C,107831.53,buy,100.0,100.0,2.0,BLOCK-204080,BTC-CDIAG-25JUL25_20JUN25-120000_114000,,,,1749485012.006
1058,370663727,1749485227289,0,0.0239,0.02387612,42.39,BTC-25JUL25-120000-C,107920.57,buy,50.0,50.0,2.0,BLOCK-204081,BTC-CS-25JUL25-120000_130000,,,,1749485227.289
1059,370664470,1749485778066,1,0.0239,0.02396645,42.34,BTC-25JUL25-120000-C,107951.03,buy,19.8,19.8,,,BTC-CSR12-25JUL25-112000_120000,,370664468,,1749485778.066
1060,370673784,1749489370830,0,0.025,0.02492885,42.46,BTC-25JUL25-120000-C,108357.04,buy,0.3,0.3,,,,,,,1749489370.83
1062,370673786,1749489370833,1,0.025,0.02492885,42.46,BTC-25JUL25-120000-C,108357.04,sell,1.5,1.5,,,,,,,1749489370.833
1061,370673785,1749489370833,1,0.025,0.02492885,42.46,BTC-25JUL25-120000-C,108357.04,sell,2.2,2.2,,,,,,,1749489370.833
1063,370683478,1749494516043,2,0.0245,0.02481788,42.04,BTC-25JUL25-120000-C,108405.66,sell,50.0,50.0,1.0,BLOCK-204103,,,,,1749494516.043
1064,370687738,1749497115044,0,0.0255,0.02541038,42.55,BTC-25JUL25-120000-C,108580.29,sell,0.1,0.1,,,,,,,1749497115.044
1065,370696138,1749501725660,0,0.0257,0.02598046,42.31,BTC-25JUL25-120000-C,108764.54,sell,50.0,50.0,2.0,BLOCK-204123,BTC-CDIAG-25JUL25_27JUN25-120000_105000,,,,1749501725.66
1066,370696185,1749501769640,2,0.0256,0.02597701,42.23,BTC-25JUL25-120000-C,108764.67,sell,43.5,43.5,2.0,BLOCK-204124,BTC-CDIAG-25JUL25_27JUN25-120000_105000,,,,1749501769.64
1067,370696472,1749502156186,0,0.026,0.02588362,42.69,BTC-25JUL25-120000-C,108717.4,sell,0.1,0.1,,,,,,,1749502156.186
1068,370696499,1749502185602,1,0.026,0.02584901,42.72,BTC-25JUL25-120000-C,108702.28,sell,0.1,0.1,,,,,,,1749502185.602
1069,370696508,1749502197701,1,0.026,0.02583796,42.73,BTC-25JUL25-120000-C,108698.49,sell,0.1,0.1,,,,,,,1749502197.701
1070,370696520,1749502200610,1,0.026,0.02583685,42.73,BTC-25JUL25-120000-C,108697.47,sell,0.1,0.1,,,,,,,1749502200.61
1071,370696531,1749502212572,1,0.026,0.02583416,42.74,BTC-25JUL25-120000-C,108698.33,sell,0.1,0.1,,,,,,,1749502212.572
1072,370696537,1749502230065,1,0.026,0.02584559,42.73,BTC-25JUL25-120000-C,108700.93,sell,0.1,0.1,,,,,,,1749502230.065
1073,370703782,1749504413781,0,0.0275,0.02756087,42.2,BTC-25JUL25-120000-C,109577.15,buy,0.1,0.1,,,,,,,1749504413.781
1074,370714449,1749505091160,0,0.0295,0.02957349,42.26,BTC-25JUL25-120000-C,110313.61,sell,0.1,0.1,,,,,,,1749505091.16
1075,370715148,1749505174616,1,0.0295,0.02938311,42.4,BTC-25JUL25-120000-C,110251.46,sell,0.2,0.2,,,,,,,1749505174.616
1076,370717879,1749505795039,2,0.0285,0.0283516,42.43,BTC-25JUL25-120000-C,109863.42,sell,0.2,0.2,,,,,,,1749505795.039
1077,370718560,1749506046956,2,0.028,0.02819937,42.25,BTC-25JUL25-120000-C,109772.18,sell,0.2,0.2,,,,,,,1749506046.956
1078,370726055,1749508485410,0,0.0305,0.03034254,42.8,BTC-25JUL25-120000-C,110399.6,sell,0.1,0.1,,,,,,,1749508485.41
1079,370729072,1749509313925,1,0.0305,0.03033737,43.13,BTC-25JUL25-120000-C,110214.81,sell,0.3,0.3,,,,,,,1749509313.925
1080,370732745,1749511167877,2,0.03,0.02972839,43.28,BTC-25JUL25-120000-C,109972.17,buy,0.2,0.2,,,,,,,1749511167.877
1081,370735223,1749512435583,3,0.03,0.03048015,42.67,BTC-25JUL25-120000-C,110257.76,sell,0.2,0.2,,,,,,,1749512435.583
1082,370735314,1749512503212,0,0.0305,0.0305377,43.01,BTC-25JUL25-120000-C,110288.08,buy,1.0,1.0,,,,,,,1749512503.212
1083,370736755,1749513691031,1,0.0305,0.03038625,43.13,BTC-25JUL25-120000-C,110238.34,sell,0.1,0.1,,,,,,,1749513691.031
1084,370736970,1749513798083,1,0.0305,0.03034453,43.14,BTC-25JUL25-120000-C,110234.83,sell,0.1,0.1,,,,,,,1749513798.083
1086,370741958,1749517270026,2,0.0291,0.02934849,42.75,BTC-25JUL25-120000-C,109922.18,sell,0.9,0.9,,,BTC-CDIAG-25JUL25_20JUN25-120000_110000,,370741954,,1749517270.026
1085,370741957,1749517270026,2,0.0292,0.02934849,42.83,BTC-25JUL25-120000-C,109922.18,sell,0.1,0.1,,,BTC-CDIAG-25JUL25_20JUN25-120000_110000,,370741953,,1749517270.026
1087,370756546,1749531046098,2,0.028,0.02810335,42.69,BTC-25JUL25-120000-C,109548.06,sell,0.1,0.1,,,,,,,1749531046.098
1088,370756579,1749531103354,3,0.028,0.02809005,42.69,BTC-25JUL25-120000-C,109552.62,sell,0.1,0.1,,,,,,,1749531103.354
1089,370756668,1749531209800,3,0.028,0.02815034,42.64,BTC-25JUL25-120000-C,109563.34,sell,0.1,0.1,,,,,,,1749531209.8
1090,370756669,1749531212901,3,0.028,0.02816507,42.63,BTC-25JUL25-120000-C,109568.85,sell,0.1,0.1,,,,,,,1749531212.901
1091,370757282,1749532193668,3,0.028,0.02792749,42.8,BTC-25JUL25-120000-C,109503.72,buy,0.5,0.5,,,,,,,1749532193.668
1092,370757549,1749532579618,0,0.0284,0.02829319,42.86,BTC-25JUL25-120000-C,109621.96,buy,8.0,8.0,,,BTC-CS-25JUL25-120000_125000,,370757548,,1749532579.618
1093,370773722,1749542949217,2,0.0275,0.02768325,42.55,BTC-25JUL25-120000-C,109420.76,buy,0.1,0.1,,,,,,,1749542949.217
1094,370776775,1749545748986,2,0.0265,0.02664855,42.44,BTC-25JUL25-120000-C,109117.47,buy,0.3,0.3,,,,,,,1749545748.986
1095,370796416,1749561409834,0,0.0288,0.02922761,42.7,BTC-25JUL25-120000-C,109834.84,sell,0.1,0.1,,,BTC-CS-25JUL25-110000_120000,,370796415,,1749561409.834
1096,370801882,1749563218300,2,0.027,0.02694357,43.11,BTC-25JUL25-120000-C,108949.47,sell,0.3,0.3,,,,,,,1749563218.3
1097,370802124,1749563253274,3,0.027,0.02705706,43.07,BTC-25JUL25-120000-C,108960.66,sell,0.2,0.2,,,,,,,1749563253.274
1098,370803677,1749563996774,0,0.0275,0.02780154,42.77,BTC-25JUL25-120000-C,109326.59,sell,0.2,0.2,,,,,,,1749563996.774
1099,370803904,1749564136394,1,0.0275,0.02774364,42.86,BTC-25JUL25-120000-C,109299.23,sell,0.5,0.5,,,,,,,1749564136.394
1100,370804330,1749564321359,2,0.027,0.0273727,42.69,BTC-25JUL25-120000-C,109200.67,sell,0.2,0.2,,,,,,,1749564321.359
1101,370804674,1749564466303,3,0.027,0.02747828,42.63,BTC-25JUL25-120000-C,109215.04,sell,0.3,0.3,,,,,,,1749564466.303
1102,370804683,1749564475760,3,0.027,0.0274318,42.67,BTC-25JUL25-120000-C,109195.45,sell,0.2,0.2,,,,,,,1749564475.76
1103,370805625,1749564615787,3,0.027,0.02701355,43.02,BTC-25JUL25-120000-C,109047.61,buy,0.3,0.3,,,,,,,1749564615.787
1104,370806403,1749564945832,3,0.027,0.02714269,42.98,BTC-25JUL25-120000-C,109068.54,sell,0.2,0.2,,,,,,,1749564945.832
1105,370807637,1749565433683,3,0.027,0.02702658,43.09,BTC-25JUL25-120000-C,109000.51,sell,0.1,0.1,,,,,,,1749565433.683
1106,370809123,1749565807293,2,0.0265,0.02673394,42.94,BTC-25JUL25-120000-C,108873.11,sell,75.0,75.0,2.0,BLOCK-204419,BTC-CDIAG-25JUL25_12JUN25-120000_116000,,,,1749565807.293
1107,370809955,1749566059350,2,0.026,0.02626185,42.97,BTC-25JUL25-120000-C,108677.59,sell,0.5,0.5,,,,,,,1749566059.35
1108,370811132,1749566577834,3,0.026,0.02630095,42.98,BTC-25JUL25-120000-C,108675.28,sell,0.5,0.5,,,,,,,1749566577.834
1109,370814390,1749567647755,2,0.0255,0.02614056,42.63,BTC-25JUL25-120000-C,108635.6,sell,0.3,0.3,,,,,,,1749567647.755
1110,370814956,1749567795926,3,0.0255,0.02601978,42.71,BTC-25JUL25-120000-C,108605.15,sell,0.9,0.9,,,,,,,1749567795.926
1111,370815354,1749567961601,0,0.026,0.02643907,42.75,BTC-25JUL25-120000-C,108775.98,sell,0.5,0.5,,,,,,,1749567961.601
1112,370815713,1749568107344,0,0.0265,0.02653089,43.08,BTC-25JUL25-120000-C,108819.83,sell,0.2,0.2,,,,,,,1749568107.344
1113,370820477,1749569921282,2,0.026,0.02595653,42.95,BTC-25JUL25-120000-C,108679.0,sell,0.2,0.2,,,,,,,1749569921.282
1114,370830540,1749578357338,3,0.026,0.02594119,42.88,BTC-25JUL25-120000-C,108749.88,sell,3.2,3.2,,,,,,,1749578357.338
1115,370830569,1749578404057,3,0.026,0.02593704,42.92,BTC-25JUL25-120000-C,108739.44,sell,3.4,3.4,,,,,,,1749578404.057
1116,370830570,1749578404067,3,0.026,0.02593704,42.92,BTC-25JUL25-120000-C,108739.44,sell,0.4,0.4,,,,,,,1749578404.067
1117,370830581,1749578405903,3,0.026,0.02593269,42.95,BTC-25JUL25-120000-C,108722.54,sell,0.3,0.3,,,,,,,1749578405.903
1118,370830585,1749578406638,3,0.026,0.02588899,42.96,BTC-25JUL25-120000-C,108718.81,sell,2.7,2.7,,,,,,,1749578406.638
1119,370840935,1749583607178,0,0.0285,0.02887106,42.44,BTC-25JUL25-120000-C,109948.12,sell,0.1,0.1,,,,,,,1749583607.178
1120,370844395,1749584266238,0,0.03,0.0300517,42.75,BTC-25JUL25-120000-C,110370.23,buy,0.1,0.1,,,,,,,1749584266.238
1121,370861158,1749594422266,2,0.0285,0.02845377,42.54,BTC-25JUL25-120000-C,109981.1,sell,0.2,0.2,,,,,,,1749594422.266
1122,370861232,1749594542512,0,0.029,0.02845235,42.95,BTC-25JUL25-120000-C,109975.69,buy,0.8,0.8,,,,,,,1749594542.512
1123,370865379,1749599154782,0,0.0295,0.02932115,42.82,BTC-25JUL25-120000-C,110188.19,sell,0.2,0.2,,,,,,,1749599154.782
1124,370866436,1749600152947,2,0.029,0.02942369,42.32,BTC-25JUL25-120000-C,110251.95,sell,0.1,0.1,,,,,,,1749600152.947
1125,370874685,1749612249317,2,0.028,0.02808158,42.39,BTC-25JUL25-120000-C,109857.22,buy,0.2,0.2,,,,,,,1749612249.317
1126,370874692,1749612279800,3,0.028,0.02809492,42.37,BTC-25JUL25-120000-C,109864.19,buy,2.0,2.0,,,,,,,1749612279.8
1129,370888106,1749631792588,3,0.027,0.02743887,42.37,BTC-25JUL25-120000-C,109576.23,sell,1.6,1.6,,,,,,,1749631792.588
1128,370888105,1749631792588,3,0.027,0.02743887,42.37,BTC-25JUL25-120000-C,109576.23,sell,0.1,0.1,,,,,,,1749631792.588
1127,370888104,1749631792588,2,0.027,0.02743887,42.37,BTC-25JUL25-120000-C,109576.23,sell,5.0,5.0,,,,,,,1749631792.588
1130,370888107,1749631792591,3,0.027,0.02743887,42.37,BTC-25JUL25-120000-C,109576.23,buy,2.4,2.4,,,,,,,1749631792.591
1131,370888108,1749631792595,3,0.027,0.02743887,42.37,BTC-25JUL25-120000-C,109576.23,buy,0.9,0.9,,,,,,,1749631792.595
1132,370906075,1749645632046,3,0.027,0.02689464,42.57,BTC-25JUL25-120000-C,109528.75,buy,0.2,0.2,,,,,,,1749645632.046
1133,370912411,1749648996707,3,0.027,0.02684914,42.55,BTC-25JUL25-120000-C,109522.94,buy,0.2,0.2,,,,,,,1749648996.707
1134,370914429,1749649742090,3,0.027,0.02697518,42.64,BTC-25JUL25-120000-C,109500.1,buy,0.1,0.1,,,,,,,1749649742.09
1135,370914430,1749649742099,3,0.027,0.02697518,42.64,BTC-25JUL25-120000-C,109500.1,buy,0.1,0.1,,,,,,,1749649742.099
1136,370916497,1749650914264,0,0.0275,0.02781925,42.31,BTC-25JUL25-120000-C,109830.52,sell,0.3,0.3,,,,,,,1749650914.264
1137,370916750,1749651105600,1,0.0275,0.02767316,42.41,BTC-25JUL25-120000-C,109787.77,buy,0.7,0.7,,,,,,,1749651105.6
1138,370916751,1749651105602,1,0.0275,0.02767316,42.41,BTC-25JUL25-120000-C,109787.77,buy,0.1,0.1,,,,,,,1749651105.602
1139,370916920,1749651248954,1,0.0275,0.02786646,42.22,BTC-25JUL25-120000-C,109889.59,sell,0.4,0.4,,,,,,,1749651248.954
1140,370918051,1749651437846,0,0.028,0.02861119,41.93,BTC-25JUL25-120000-C,110201.96,sell,0.3,0.3,,,,,,,1749651437.846
1141,370920008,1749651951885,0,0.0285,0.02879182,42.23,BTC-25JUL25-120000-C,110283.49,sell,0.1,0.1,,,,,,,1749651951.885
1142,370921838,1749652353654,1,0.0285,0.02883426,42.18,BTC-25JUL25-120000-C,110281.51,sell,0.1,0.1,,,,,,,1749652353.654
1143,370922438,1749652548302,1,0.0285,0.02902453,42.07,BTC-25JUL25-120000-C,110335.47,sell,0.4,0.4,,,,,,,1749652548.302
1144,370924033,1749653192332,2,0.028,0.02834835,42.24,BTC-25JUL25-120000-C,110064.71,sell,0.4,0.4,,,,,,,1749653192.332
1146,370924115,1749653267041,0,0.029,0.02836624,43.0,BTC-25JUL25-120000-C,110084.58,buy,0.4,0.4,,,,,,,1749653267.041
1147,370924116,1749653267041,1,0.029,0.02836624,43.0,BTC-25JUL25-120000-C,110084.58,buy,0.5,0.5,,,,,,,1749653267.041
1145,370924114,1749653267041,0,0.0285,0.02836624,42.6,BTC-25JUL25-120000-C,110084.58,buy,0.6,0.6,,,,,,,1749653267.041
1148,370924737,1749653708011,2,0.0275,0.0280668,42.03,BTC-25JUL25-120000-C,109964.67,sell,0.1,0.1,,,,,,,1749653708.011
1149,370925325,1749654061022,3,0.0275,0.02805116,42.07,BTC-25JUL25-120000-C,109939.91,sell,0.4,0.4,,,,,,,1749654061.022
1150,370927588,1749654780495,3,0.0275,0.02756175,42.35,BTC-25JUL25-120000-C,109818.32,buy,0.2,0.2,,,,,,,1749654780.495
1151,370928120,1749655131803,2,0.027,0.0273305,42.19,BTC-25JUL25-120000-C,109706.17,sell,0.2,0.2,,,,,,,1749655131.803
1152,370928599,1749655607742,3,0.027,0.02732735,42.18,BTC-25JUL25-120000-C,109721.1,sell,0.1,0.1,,,,,,,1749655607.742
1153,370930052,1749657190650,0,0.0275,0.02743981,42.34,BTC-25JUL25-120000-C,109827.77,sell,0.1,0.1,,,,,,,1749657190.65
1154,370935460,1749661556568,2,0.0265,0.02649845,42.29,BTC-25JUL25-120000-C,109465.7,buy,0.2,0.2,,,,,,,1749661556.568
1155,370939071,1749663515446,3,0.0265,0.02628439,42.36,BTC-25JUL25-120000-C,109459.47,buy,0.1,0.1,,,,,,,1749663515.446
1156,370939075,1749663525458,3,0.0265,0.02629901,42.34,BTC-25JUL25-120000-C,109468.33,buy,0.1,0.1,,,,,,,1749663525.458
1157,370944893,1749665226899,2,0.025,0.02496992,42.22,BTC-25JUL25-120000-C,108943.53,buy,0.1,0.1,,,,,,,1749665226.899
1158,370967340,1749678591033,2,0.0225,0.02313405,40.81,BTC-25JUL25-120000-C,108676.68,buy,1.3,1.3,,,,,,,1749678591.033
1159,370967341,1749678591044,3,0.0225,0.02313405,40.81,BTC-25JUL25-120000-C,108676.68,buy,0.3,0.3,,,,,,,1749678591.044
1160,370985918,1749695678687,2,0.0215,0.02179742,40.43,BTC-25JUL25-120000-C,108537.45,sell,0.3,0.3,,,,,,,1749695678.687
1161,370988039,1749697475037,3,0.0215,0.02145616,40.77,BTC-25JUL25-120000-C,108372.61,sell,1.0,1.0,,,,,,,1749697475.037
1162,370989318,1749698413093,2,0.021,0.02124686,40.7,BTC-25JUL25-120000-C,108188.38,sell,0.6,0.6,,,,,,,1749698413.093
1163,370995140,1749700631931,3,0.021,0.02040038,41.32,BTC-25JUL25-120000-C,107881.37,buy,0.1,0.1,,,,,,,1749700631.931
1164,371000789,1749705313457,2,0.0205,0.0200779,41.2,BTC-25JUL25-120000-C,107727.69,buy,1.0,1.0,,,,,,,1749705313.457
1165,371001460,1749705948032,0,0.021,0.02068427,41.23,BTC-25JUL25-120000-C,107916.68,buy,0.1,0.1,,,,,,,1749705948.032
1166,371013309,1749715656299,2,0.0195,0.01964111,40.85,BTC-25JUL25-120000-C,107477.65,sell,0.1,0.1,,,,,,,1749715656.299
1168,371015040,1749716458524,1,0.02,0.02015424,40.78,BTC-25JUL25-120000-C,107754.79,sell,1.0,1.0,,,,,,,1749716458.524
1167,371015039,1749716458524,0,0.02,0.02015424,40.78,BTC-25JUL25-120000-C,107754.79,sell,1.1,1.1,,,,,,,1749716458.524
1169,371015041,1749716458527,1,0.02,0.02015424,40.78,BTC-25JUL25-120000-C,107754.79,buy,7.9,7.9,,,,,,,1749716458.527
1170,371026804,1749724497140,1,0.02,0.0198356,41.65,BTC-25JUL25-120000-C,107288.67,buy,0.1,0.1,,,,,,,1749724497.14
1171,371032771,1749728010205,2,0.019,0.01916973,41.14,BTC-25JUL25-120000-C,107096.61,buy,0.2,0.2,,,,,,,1749728010.205
1172,371033023,1749728210554,3,0.019,0.01911102,41.18,BTC-25JUL25-120000-C,107080.22,sell,0.2,0.2,,,,,,,1749728210.554
1173,371046082,1749734253364,3,0.019,0.01889789,41.33,BTC-25JUL25-120000-C,107022.41,sell,0.2,0.2,,,,,,,1749734253.364
1174,371053932,1749737488950,0,0.0195,0.01940606,41.36,BTC-25JUL25-120000-C,107266.21,sell,0.2,0.2,,,,,,,1749737488.95
1175,371059196,1749739954700,0,0.0205,0.02039675,41.38,BTC-25JUL25-120000-C,107692.12,buy,0.1,0.1,,,,,,,1749739954.7
1176,371063566,1749742022082,2,0.02,0.01980464,41.69,BTC-25JUL25-120000-C,107310.58,sell,1.0,1.0,,,,,,,1749742022.082
1177,371080308,1749750814084,0,0.022,0.02184473,41.32,BTC-25JUL25-120000-C,108421.2,sell,0.1,0.1,,,,,,,1749750814.084
1178,371127358,1749766562157,2,0.0165,0.01657078,40.91,BTC-25JUL25-120000-C,106105.61,sell,0.1,0.1,,,,,,,1749766562.157
1179,371155957,1749772901529,2,0.015,0.0149604,40.87,BTC-25JUL25-120000-C,105362.89,sell,0.5,0.5,,,,,,,1749772901.529
1180,371156130,1749772903884,3,0.015,0.01486364,40.95,BTC-25JUL25-120000-C,105324.77,sell,0.4,0.4,,,,,,,1749772903.884
1181,371156228,1749772906645,3,0.015,0.01479436,41.01,BTC-25JUL25-120000-C,105292.71,sell,0.4,0.4,,,,,,,1749772906.645
1182,371156783,1749772919925,3,0.015,0.01491002,40.98,BTC-25JUL25-120000-C,105297.56,sell,0.3,0.3,,,,,,,1749772919.925
1183,371157179,1749772940899,3,0.015,0.01489551,41.04,BTC-25JUL25-120000-C,105257.44,sell,0.3,0.3,,,,,,,1749772940.899
1184,371157234,1749772941870,3,0.015,0.01487957,41.05,BTC-25JUL25-120000-C,105257.44,sell,0.3,0.3,,,,,,,1749772941.87
1185,371157244,1749772941909,3,0.015,0.01487957,41.05,BTC-25JUL25-120000-C,105257.44,sell,0.3,0.3,,,,,,,1749772941.909
1186,371157245,1749772941922,3,0.015,0.01487957,41.05,BTC-25JUL25-120000-C,105257.44,sell,0.2,0.2,,,,,,,1749772941.922
1187,371157277,1749772942282,3,0.015,0.01487289,41.08,BTC-25JUL25-120000-C,105240.24,sell,1.8,1.8,,,,,,,1749772942.282
1188,371177914,1749774217531,2,0.014,0.01391173,41.88,BTC-25JUL25-120000-C,104223.92,sell,0.1,0.1,,,,,,,1749774217.531
1189,371188858,1749774969774,2,0.0135,0.01317577,42.92,BTC-25JUL25-120000-C,103389.69,sell,0.2,0.2,,,,,,,1749774969.774
1190,371211164,1749777028199,2,0.013,0.01264975,43.26,BTC-25JUL25-120000-C,102944.17,sell,0.1,0.1,,,,,,,1749777028.199
1191,371224825,1749778229444,0,0.014,0.01351344,43.78,BTC-25JUL25-120000-C,103256.85,buy,10.0,10.0,,,,,,,1749778229.444
1192,371233657,1749779886616,0,0.015,0.01461257,43.77,BTC-25JUL25-120000-C,103856.91,buy,0.3,0.3,,,,,,,1749779886.616
1193,371234019,1749779994633,1,0.015,0.01455884,43.81,BTC-25JUL25-120000-C,103841.66,buy,0.1,0.1,,,,,,,1749779994.633
1194,371234020,1749779994633,1,0.015,0.01455884,43.81,BTC-25JUL25-120000-C,103841.66,buy,0.4,0.4,,,,,,,1749779994.633
1195,371234021,1749779994633,1,0.015,0.01455884,43.81,BTC-25JUL25-120000-C,103841.66,buy,0.5,0.5,,,,,,,1749779994.633
1196,371239034,1749781488351,2,0.014,0.01414874,43.05,BTC-25JUL25-120000-C,103683.92,sell,0.2,0.2,,,,,,,1749781488.351
1197,371239035,1749781488351,3,0.014,0.01414874,43.05,BTC-25JUL25-120000-C,103683.92,sell,0.9,0.9,,,,,,,1749781488.351
1198,371239036,1749781488361,3,0.014,0.01414874,43.05,BTC-25JUL25-120000-C,103683.92,sell,0.8,0.8,,,,,,,1749781488.361
1200,371240921,1749782238598,3,0.014,0.01416204,42.75,BTC-25JUL25-120000-C,103842.86,sell,0.1,0.1,,,,,,,1749782238.598
1199,371240920,1749782238598,3,0.014,0.01416204,42.75,BTC-25JUL25-120000-C,103842.86,sell,0.3,0.3,,,,,,,1749782238.598
1201,371240924,1749782238609,3,0.014,0.01415607,42.76,BTC-25JUL25-120000-C,103839.78,sell,0.4,0.4,,,,,,,1749782238.609
1202,371242702,1749782575971,2,0.0135,0.01345728,42.98,BTC-25JUL25-120000-C,103416.44,sell,0.1,0.1,,,,,,,1749782575.971
1203,371249150,1749784330308,0,0.014,0.01422584,42.38,BTC-25JUL25-120000-C,104049.67,buy,0.4,0.4,,,,,,,1749784330.308
1204,371249259,1749784333870,1,0.014,0.01426243,42.34,BTC-25JUL25-120000-C,104066.64,buy,0.4,0.4,,,,,,,1749784333.87
1205,371249261,1749784333898,1,0.014,0.01426243,42.34,BTC-25JUL25-120000-C,104066.64,buy,0.4,0.4,,,,,,,1749784333.898
1206,371249265,1749784333931,1,0.014,0.01426243,42.34,BTC-25JUL25-120000-C,104066.64,buy,0.2,0.2,,,,,,,1749784333.931
1207,371249266,1749784333958,1,0.014,0.01426243,42.34,BTC-25JUL25-120000-C,104066.64,buy,0.6,0.6,,,,,,,1749784333.958
1208,371250275,1749784687833,0,0.0145,0.01441956,42.67,BTC-25JUL25-120000-C,104185.57,buy,0.2,0.2,,,,,,,1749784687.833
1209,371252729,1749785583241,2,0.014,0.01454804,41.94,BTC-25JUL25-120000-C,104289.25,sell,0.1,0.1,,,,,,,1749785583.241
1210,371266037,1749788926268,2,0.0135,0.01347651,41.76,BTC-25JUL25-120000-C,104077.62,buy,2.0,2.0,,,,,,,1749788926.268
1211,371281552,1749797201271,0,0.014,0.01345359,42.42,BTC-25JUL25-120000-C,103987.71,buy,0.3,0.3,,,,,,,1749797201.271
1212,371290805,1749799519826,0,0.0145,0.01431111,41.6,BTC-25JUL25-120000-C,104757.57,buy,3.0,3.0,,,,,,,1749799519.826
1213,371299937,1749802028710,1,0.0145,0.01444446,41.19,BTC-25JUL25-120000-C,104961.04,sell,5.0,5.0,,,,,,,1749802028.71
1214,371302238,1749802457072,0,0.0155,0.01531797,41.39,BTC-25JUL25-120000-C,105379.64,buy,0.3,0.3,,,,,,,1749802457.072
1215,371302239,1749802457074,1,0.0155,0.01531797,41.39,BTC-25JUL25-120000-C,105379.64,buy,0.1,0.1,,,,,,,1749802457.074
1216,371318236,1749805901997,2,0.014,0.01429342,41.27,BTC-25JUL25-120000-C,104735.09,sell,1.4,1.4,,,,,,,1749805901.997
1217,371318237,1749805901999,3,0.014,0.01429342,41.27,BTC-25JUL25-120000-C,104735.09,buy,8.6,8.6,,,,,,,1749805901.999
1218,371327231,1749809146540,0,0.0145,0.0143349,42.31,BTC-25JUL25-120000-C,104481.76,sell,1.0,1.0,,,,,,,1749809146.54
1219,371327232,1749809146544,1,0.0145,0.0143349,42.31,BTC-25JUL25-120000-C,104481.76,sell,0.5,0.5,,,,,,,1749809146.544
1220,371338683,1749815098465,0,0.0148,0.01497328,41.75,BTC-25JUL25-120000-C,104943.75,buy,0.2,0.2,,,BTC-CS-25JUL25-120000_122000,,371338681,,1749815098.465
1221,371341311,1749816479468,0,0.015,0.01497708,41.65,BTC-25JUL25-120000-C,105100.08,sell,0.5,0.5,,,,,,,1749816479.468
1222,371341789,1749816772874,2,0.0149,0.01511561,41.38,BTC-25JUL25-120000-C,105173.22,buy,0.3,0.3,,,BTC-STRG-25JUL25-92000_120000,,371341788,,1749816772.874
1223,371342468,1749817013280,0,0.0155,0.01536528,41.77,BTC-25JUL25-120000-C,105289.76,sell,0.5,0.5,,,,,,,1749817013.28
1224,371342957,1749817183046,2,0.015,0.01491117,41.7,BTC-25JUL25-120000-C,105070.63,sell,0.5,0.5,,,,,,,1749817183.046
1225,371343655,1749817406113,3,0.015,0.01495575,41.69,BTC-25JUL25-120000-C,105077.43,sell,0.5,0.5,,,,,,,1749817406.113
1226,371345612,1749818377085,2,0.0145,0.01474259,41.32,BTC-25JUL25-120000-C,105019.16,sell,0.1,0.1,,,,,,,1749818377.085
1227,371347059,1749819349400,3,0.0145,0.0146637,41.46,BTC-25JUL25-120000-C,104945.57,sell,0.1,0.1,,,,,,,1749819349.4
1228,371348079,1749820032501,3,0.0145,0.01463343,41.65,BTC-25JUL25-120000-C,104842.73,sell,18.3,18.3,,,,,,,1749820032.501
1229,371348080,1749820032501,3,0.0145,0.01463343,41.65,BTC-25JUL25-120000-C,104842.73,sell,0.5,0.5,,,,,,,1749820032.501
1230,371350802,1749821488100,3,0.0145,0.01474305,41.24,BTC-25JUL25-120000-C,105037.01,buy,0.1,0.1,,,,,,,1749821488.1
1231,371352364,1749821985084,0,0.015,0.01518014,41.25,BTC-25JUL25-120000-C,105317.85,buy,0.1,0.1,,,,,,,1749821985.084
1232,371353156,1749822192337,1,0.015,0.01505384,41.36,BTC-25JUL25-120000-C,105277.19,sell,0.5,0.5,,,,,,,1749822192.337
1233,371356735,1749823210481,2,0.0145,0.0143856,41.36,BTC-25JUL25-120000-C,104990.53,sell,0.5,0.5,,,,,,,1749823210.481
1234,371361209,1749824314716,2,0.014,0.01393272,41.65,BTC-25JUL25-120000-C,104563.2,sell,0.4,0.4,,,,,,,1749824314.716
1235,371361210,1749824314722,3,0.014,0.01393272,41.65,BTC-25JUL25-120000-C,104563.2,sell,0.1,0.1,,,,,,,1749824314.722
1236,371361225,1749824328169,3,0.014,0.01394835,41.69,BTC-25JUL25-120000-C,104544.91,sell,0.4,0.4,,,,,,,1749824328.169
1237,371361226,1749824328176,3,0.014,0.01394835,41.69,BTC-25JUL25-120000-C,104544.91,sell,0.1,0.1,,,,,,,1749824328.176
1238,371363171,1749824737572,2,0.0135,0.01355043,41.54,BTC-25JUL25-120000-C,104345.06,sell,0.1,0.1,,,,,,,1749824737.572
1239,371366266,1749825598736,0,0.014,0.01402947,41.59,BTC-25JUL25-120000-C,104618.99,sell,0.5,0.5,,,,,,,1749825598.736
1240,371366342,1749825635171,1,0.014,0.01403865,41.55,BTC-25JUL25-120000-C,104638.34,sell,0.5,0.5,,,,,,,1749825635.171
1241,371373175,1749827358752,0,0.0155,0.01525019,41.79,BTC-25JUL25-120000-C,105362.97,buy,0.5,0.5,,,,,,,1749827358.752
1242,371374768,1749827602835,1,0.0155,0.01547354,41.63,BTC-25JUL25-120000-C,105441.19,sell,0.5,0.5,,,,,,,1749827602.835
1243,371375743,1749827812339,1,0.0155,0.01542859,41.69,BTC-25JUL25-120000-C,105416.72,sell,0.5,0.5,,,,,,,1749827812.339
1244,371378306,1749828471889,0,0.016,0.01590153,41.66,BTC-25JUL25-120000-C,105696.8,sell,0.5,0.5,,,,,,,1749828471.889
1245,371378730,1749828640798,1,0.016,0.01583037,41.7,BTC-25JUL25-120000-C,105688.1,sell,0.5,0.5,,,,,,,1749828640.798
1246,371379009,1749828691280,2,0.0155,0.015953,41.14,BTC-25JUL25-120000-C,105710.84,sell,3.0,3.0,,,,,,,1749828691.28
1249,371379012,1749828691280,3,0.0155,0.015953,41.14,BTC-25JUL25-120000-C,105710.84,sell,8.0,8.0,,,,,,,1749828691.28
1247,371379010,1749828691280,3,0.0155,0.015953,41.14,BTC-25JUL25-120000-C,105710.84,sell,5.0,5.0,,,,,,,1749828691.28
1248,371379011,1749828691280,3,0.0155,0.015953,41.14,BTC-25JUL25-120000-C,105710.84,sell,4.0,4.0,,,,,,,1749828691.28
1250,371380974,1749830129923,3,0.0155,0.0153945,41.48,BTC-25JUL25-120000-C,105539.03,sell,0.5,0.5,,,,,,,1749830129.923
1251,371384159,1749831511647,0,0.016,0.01612174,41.17,BTC-25JUL25-120000-C,105962.86,sell,0.5,0.5,,,,,,,1749831511.647
1252,371386434,1749832749590,2,0.0155,0.01532057,41.18,BTC-25JUL25-120000-C,105701.3,sell,0.5,0.5,,,,,,,1749832749.59
1253,371387876,1749833386844,2,0.015,0.01510262,40.99,BTC-25JUL25-120000-C,105523.4,sell,0.5,0.5,,,,,,,1749833386.844
1254,371420025,1749855053100,3,0.015,0.01528132,40.56,BTC-25JUL25-120000-C,105849.48,buy,1.0,1.0,,,,,,,1749855053.1
1255,371420053,1749855060213,3,0.015,0.01532005,40.51,BTC-25JUL25-120000-C,105867.78,buy,1.5,1.5,,,,,,,1749855060.213
1256,371424567,1749856138976,0,0.0155,0.01540052,40.81,BTC-25JUL25-120000-C,105926.28,buy,0.5,0.5,,,,,,,1749856138.976
1257,371461061,1749888815315,2,0.014,0.01400478,41.34,BTC-25JUL25-120000-C,104960.24,sell,1.0,1.0,,,,,,,1749888815.315
1258,371468474,1749901724188,2,0.0135,0.01359651,40.68,BTC-25JUL25-120000-C,105054.25,sell,0.7,0.7,,,,,,,1749901724.188
1259,371468636,1749902100362,3,0.0135,0.01368038,40.53,BTC-25JUL25-120000-C,105126.76,sell,0.9,0.9,,,,,,,1749902100.362
1260,371468637,1749902100362,3,0.0135,0.01368038,40.53,BTC-25JUL25-120000-C,105126.76,sell,0.6,0.6,,,,,,,1749902100.362
1261,371469399,1749903506430,2,0.013,0.01348696,40.16,BTC-25JUL25-120000-C,105051.9,sell,1.0,1.0,,,,,,,1749903506.43
1263,371492260,1749932465881,3,0.0125,0.01313106,40.68,BTC-25JUL25-120000-C,104574.91,sell,0.7,0.7,,,,,,,1749932465.881
1262,371492259,1749932465881,2,0.0125,0.01313106,40.68,BTC-25JUL25-120000-C,104574.91,sell,0.6,0.6,,,,,,,1749932465.881
1264,371492261,1749932465881,3,0.0125,0.01313106,40.68,BTC-25JUL25-120000-C,104574.91,sell,1.5,1.5,,,,,,,1749932465.881
1265,371492262,1749932465881,3,0.0125,0.01313106,40.68,BTC-25JUL25-120000-C,104574.91,sell,7.2,7.2,,,,,,,1749932465.881
1266,371495242,1749936181540,0,0.0135,0.01359871,40.75,BTC-25JUL25-120000-C,105171.76,buy,2.0,2.0,,,,,,,1749936181.54
1267,371503541,1749946425630,1,0.0135,0.01409322,40.11,BTC-25JUL25-120000-C,105490.94,sell,0.1,0.1,,,,,,,1749946425.63
1268,371509168,1749966312070,0,0.0145,0.01447877,40.55,BTC-25JUL25-120000-C,105871.33,buy,2.1,2.1,,,,,,,1749966312.07
1269,371509178,1749966312095,1,0.0145,0.01447877,40.55,BTC-25JUL25-120000-C,105871.33,buy,0.1,0.1,,,,,,,1749966312.095
1270,371509206,1749966313302,1,0.0145,0.01447925,40.47,BTC-25JUL25-120000-C,105917.72,buy,0.1,0.1,,,,,,,1749966313.302
1271,371509216,1749966314047,1,0.0145,0.01448983,40.38,BTC-25JUL25-120000-C,105961.42,buy,0.1,0.1,,,,,,,1749966314.047
1272,371509221,1749966314509,1,0.0145,0.01457477,40.35,BTC-25JUL25-120000-C,105975.13,buy,0.1,0.1,,,,,,,1749966314.509
1273,371509229,1749966314828,1,0.0145,0.01457477,40.35,BTC-25JUL25-120000-C,105975.13,buy,2.5,2.5,,,,,,,1749966314.828
1274,371514366,1749971282184,1,0.0145,0.01464892,41.46,BTC-25JUL25-120000-C,105433.42,sell,2.0,2.0,,,,,,,1749971282.184
1275,371514527,1749971395601,2,0.014,0.01445879,41.05,BTC-25JUL25-120000-C,105367.52,sell,1.0,1.0,,,,,,,1749971395.601
1277,371527551,1749988809035,3,0.014,0.01399934,41.85,BTC-25JUL25-120000-C,104999.03,sell,0.2,0.2,,,,,,,1749988809.035
1276,371527550,1749988809035,3,0.014,0.01399934,41.85,BTC-25JUL25-120000-C,104999.03,sell,0.1,0.1,,,,,,,1749988809.035
1278,371533481,1749998086864,0,0.015,0.01503444,42.21,BTC-25JUL25-120000-C,105402.28,buy,0.1,0.1,,,,,,,1749998086.864
1279,371537159,1750002754870,1,0.015,0.0154568,41.79,BTC-25JUL25-120000-C,105650.9,sell,0.2,0.2,,,,,,,1750002754.87
1280,371552121,1750021082375,2,0.0135,0.01340821,42.27,BTC-25JUL25-120000-C,104670.34,sell,0.2,0.2,,,,,,,1750021082.375
1281,371559093,1750025041513,0,0.014,0.01401188,42.09,BTC-25JUL25-120000-C,105041.0,buy,0.1,0.1,,,,,,,1750025041.513
1282,371563404,1750028836953,0,0.015,0.01513663,42.45,BTC-25JUL25-120000-C,105405.24,buy,5.0,5.0,,,,,,,1750028836.953
1283,371563405,1750028839395,1,0.015,0.01512193,42.46,BTC-25JUL25-120000-C,105399.21,buy,5.0,5.0,,,,,,,1750028839.395
1284,371575034,1750040798674,2,0.0144,0.01460823,41.07,BTC-25JUL25-120000-C,105805.36,sell,200.0,200.0,2.0,BLOCK-205476,BTC-CSR12-25JUL25-115000_120000,,,,1750040798.674
1285,371582970,1750050092868,0,0.0155,0.01549403,40.98,BTC-25JUL25-120000-C,106432.73,buy,2.0,2.0,,,,,,,1750050092.868
1286,371583669,1750050530430,0,0.016,0.01541816,41.61,BTC-25JUL25-120000-C,106380.33,buy,0.6,0.6,,,,,,,1750050530.43
1287,371586892,1750052839593,1,0.016,0.01589153,41.29,BTC-25JUL25-120000-C,106539.96,sell,0.5,0.5,,,,,,,1750052839.593
1289,371587437,1750054075487,3,0.0155,0.01597675,40.75,BTC-25JUL25-120000-C,106553.05,sell,0.6,0.6,,,,,,,1750054075.487
1290,371587438,1750054075487,3,0.0155,0.01597675,40.75,BTC-25JUL25-120000-C,106553.05,sell,3.7,3.7,,,,,,,1750054075.487
1291,371587439,1750054075487,3,0.0155,0.01597675,40.75,BTC-25JUL25-120000-C,106553.05,sell,5.1,5.1,,,,,,,1750054075.487
1288,371587436,1750054075487,2,0.0155,0.01597675,40.75,BTC-25JUL25-120000-C,106553.05,sell,0.6,0.6,,,,,,,1750054075.487
1292,371587505,1750054089205,3,0.0155,0.01596705,40.75,BTC-25JUL25-120000-C,106551.06,sell,4.5,4.5,,,,,,,1750054089.205
1293,371587506,1750054089205,3,0.0155,0.01596705,40.75,BTC-25JUL25-120000-C,106551.06,sell,5.0,5.0,,,,,,,1750054089.205
1294,371587507,1750054089205,3,0.0155,0.01596705,40.75,BTC-25JUL25-120000-C,106551.06,sell,0.5,0.5,,,,,,,1750054089.205
1295,371593794,1750059135827,0,0.017,0.01679747,41.1,BTC-25JUL25-120000-C,107155.28,buy,0.2,0.2,,,,,,,1750059135.827
1298,371600455,1750062879110,3,0.0165,0.01688514,40.87,BTC-25JUL25-120000-C,107021.45,sell,0.6,0.6,,,,,,,1750062879.11
1297,371600454,1750062879110,3,0.0165,0.01688514,40.87,BTC-25JUL25-120000-C,107021.45,sell,1.1,1.1,,,,,,,1750062879.11
1296,371600453,1750062879110,2,0.0165,0.01688514,40.87,BTC-25JUL25-120000-C,107021.45,sell,1.6,1.6,,,,,,,1750062879.11
1299,371600456,1750062879113,3,0.0165,0.01688514,40.87,BTC-25JUL25-120000-C,107021.45,buy,6.7,6.7,,,,,,,1750062879.113
1300,371601362,1750063812467,3,0.0165,0.01685015,40.76,BTC-25JUL25-120000-C,107095.69,sell,1.0,1.0,,,,,,,1750063812.467
1301,371607789,1750070832777,3,0.0165,0.01637709,41.18,BTC-25JUL25-120000-C,106901.59,sell,0.5,0.5,,,,,,,1750070832.777
1302,371628558,1750083545299,0,0.017,0.01714914,41.27,BTC-25JUL25-120000-C,107170.21,buy,2.0,2.0,,,,,,,1750083545.299
1303,371634381,1750084563046,0,0.018,0.01810027,41.05,BTC-25JUL25-120000-C,107775.08,buy,0.3,0.3,,,,,,,1750084563.046
1304,371635962,1750084964599,1,0.018,0.01790212,41.21,BTC-25JUL25-120000-C,107704.26,buy,0.8,0.8,,,,,,,1750084964.599
1305,371635963,1750084964695,1,0.018,0.01790212,41.21,BTC-25JUL25-120000-C,107704.26,buy,0.2,0.2,,,,,,,1750084964.695
1306,371635964,1750084964788,1,0.018,0.01790212,41.21,BTC-25JUL25-120000-C,107704.26,buy,0.4,0.4,,,,,,,1750084964.788
1307,371635965,1750084964885,1,0.018,0.01790212,41.21,BTC-25JUL25-120000-C,107704.26,buy,0.2,0.2,,,,,,,1750084964.885
1308,371635966,1750084964989,1,0.018,0.01790011,41.23,BTC-25JUL25-120000-C,107692.08,buy,0.8,0.8,,,,,,,1750084964.989
1309,371635967,1750084964989,1,0.018,0.01790011,41.23,BTC-25JUL25-120000-C,107692.08,buy,1.3,1.3,,,,,,,1750084964.989
1314,371635972,1750084965084,1,0.0185,0.01790011,41.72,BTC-25JUL25-120000-C,107692.08,buy,0.6,0.6,,,,,,,1750084965.084
1315,371635973,1750084965084,1,0.0185,0.01790011,41.72,BTC-25JUL25-120000-C,107692.08,buy,6.5,6.5,,,,,,,1750084965.084
1311,371635969,1750084965084,1,0.018,0.01790011,41.23,BTC-25JUL25-120000-C,107692.08,buy,1.1,1.1,,,,,,,1750084965.084
1310,371635968,1750084965084,1,0.018,0.01790011,41.23,BTC-25JUL25-120000-C,107692.08,buy,0.3,0.3,,,,,,,1750084965.084
1313,371635971,1750084965084,0,0.0185,0.01790011,41.72,BTC-25JUL25-120000-C,107692.08,buy,0.6,0.6,,,,,,,1750084965.084
1312,371635970,1750084965084,1,0.018,0.01790011,41.23,BTC-25JUL25-120000-C,107692.08,buy,1.0,1.0,,,,,,,1750084965.084
1316,371635975,1750084965178,2,0.018,0.01790011,41.23,BTC-25JUL25-120000-C,107692.08,buy,0.7,0.7,,,,,,,1750084965.178
1317,371635976,1750084965266,0,0.0185,0.01790011,41.72,BTC-25JUL25-120000-C,107692.08,buy,1.0,1.0,,,,,,,1750084965.266
1318,371635977,1750084965358,1,0.0185,0.01790011,41.72,BTC-25JUL25-120000-C,107692.08,buy,0.1,0.1,,,,,,,1750084965.358
1319,371635978,1750084965456,1,0.0185,0.01790011,41.72,BTC-25JUL25-120000-C,107692.08,buy,1.3,1.3,,,,,,,1750084965.456
1320,371635981,1750084965549,1,0.0185,0.01790011,41.72,BTC-25JUL25-120000-C,107692.08,buy,2.5,2.5,,,,,,,1750084965.549
1322,371635983,1750084965645,1,0.0185,0.01790011,41.72,BTC-25JUL25-120000-C,107692.08,buy,0.3,0.3,,,,,,,1750084965.645
1321,371635982,1750084965645,1,0.0185,0.01790011,41.72,BTC-25JUL25-120000-C,107692.08,buy,0.1,0.1,,,,,,,1750084965.645
1324,371635986,1750084965751,1,0.0185,0.01790011,41.72,BTC-25JUL25-120000-C,107692.08,buy,17.8,17.8,,,,,,,1750084965.751
1323,371635985,1750084965751,1,0.0185,0.01790011,41.72,BTC-25JUL25-120000-C,107692.08,buy,4.0,4.0,,,,,,,1750084965.751
1325,371635987,1750084965751,1,0.0185,0.01790011,41.72,BTC-25JUL25-120000-C,107692.08,buy,6.0,6.0,,,,,,,1750084965.751
1326,371635988,1750084965751,1,0.0185,0.01790011,41.72,BTC-25JUL25-120000-C,107692.08,buy,3.7,3.7,,,,,,,1750084965.751
1327,371636002,1750084965844,1,0.0185,0.01790011,41.72,BTC-25JUL25-120000-C,107692.08,buy,0.2,0.2,,,,,,,1750084965.844
1328,371636005,1750084965934,1,0.0185,0.01790011,41.72,BTC-25JUL25-120000-C,107692.08,buy,0.2,0.2,,,,,,,1750084965.934
1329,371636009,1750084966023,1,0.0185,0.01789345,41.72,BTC-25JUL25-120000-C,107692.16,buy,1.2,1.2,,,,,,,1750084966.023
1330,371636010,1750084966118,1,0.0185,0.01789345,41.72,BTC-25JUL25-120000-C,107692.16,buy,0.4,0.4,,,,,,,1750084966.118
1331,371636014,1750084966155,2,0.018,0.01789345,41.23,BTC-25JUL25-120000-C,107692.16,sell,5.0,5.0,,,,,,,1750084966.155
1333,371636016,1750084966217,1,0.0185,0.01789345,41.72,BTC-25JUL25-120000-C,107692.16,buy,2.4,2.4,,,,,,,1750084966.217
1332,371636015,1750084966217,0,0.0185,0.01789345,41.72,BTC-25JUL25-120000-C,107692.16,buy,2.1,2.1,,,,,,,1750084966.217
1334,371636020,1750084966327,1,0.0185,0.01789345,41.72,BTC-25JUL25-120000-C,107692.16,buy,0.1,0.1,,,,,,,1750084966.327
1335,371636021,1750084966427,1,0.0185,0.01789345,41.72,BTC-25JUL25-120000-C,107692.16,buy,1.8,1.8,,,,,,,1750084966.427
1336,371636041,1750084971187,2,0.018,0.01785127,41.25,BTC-25JUL25-120000-C,107684.38,sell,1.7,1.7,,,,,,,1750084971.187
1337,371636042,1750084971188,3,0.018,0.01785127,41.25,BTC-25JUL25-120000-C,107684.38,sell,0.3,0.3,,,,,,,1750084971.188
1338,371636043,1750084971192,3,0.018,0.01785127,41.25,BTC-25JUL25-120000-C,107684.38,sell,1.6,1.6,,,,,,,1750084971.192
1340,371643812,1750088483864,3,0.018,0.01776644,41.5,BTC-25JUL25-120000-C,107567.12,buy,0.4,0.4,,,,,,,1750088483.864
1339,371643811,1750088483864,3,0.018,0.01776644,41.5,BTC-25JUL25-120000-C,107567.12,buy,1.2,1.2,,,,,,,1750088483.864
1341,371643813,1750088483864,3,0.018,0.01776644,41.5,BTC-25JUL25-120000-C,107567.12,buy,8.4,8.4,,,,,,,1750088483.864
1342,371644123,1750088776389,3,0.018,0.0180009,41.23,BTC-25JUL25-120000-C,107704.6,buy,0.3,0.3,,,,,,,1750088776.389
1343,371644142,1750088787806,3,0.018,0.01796333,41.26,BTC-25JUL25-120000-C,107693.39,sell,10.0,10.0,,,,,,,1750088787.806
1344,371644143,1750088792332,3,0.018,0.01796179,41.25,BTC-25JUL25-120000-C,107697.15,sell,9.7,9.7,,,,,,,1750088792.332
1345,371654170,1750095153858,0,0.0185,0.01821115,41.11,BTC-25JUL25-120000-C,108013.28,buy,0.1,0.1,,,,,,,1750095153.858
1347,371661855,1750099354364,1,0.0185,0.01803083,40.93,BTC-25JUL25-120000-C,108139.73,buy,0.5,0.5,,,,,,,1750099354.364
1346,371661854,1750099354364,1,0.0185,0.01803083,40.93,BTC-25JUL25-120000-C,108139.73,buy,0.4,0.4,,,,,,,1750099354.364
1348,371661857,1750099354540,2,0.018,0.01803083,40.44,BTC-25JUL25-120000-C,108139.73,buy,0.1,0.1,,,,,,,1750099354.54
1349,371661859,1750099354722,3,0.018,0.01803083,40.44,BTC-25JUL25-120000-C,108139.73,buy,0.1,0.1,,,,,,,1750099354.722
1350,371663402,1750100433833,0,0.0185,0.01823983,40.52,BTC-25JUL25-120000-C,108326.02,buy,0.1,0.1,,,,,,,1750100433.833
1351,371666425,1750101149497,1,0.0185,0.01872917,39.95,BTC-25JUL25-120000-C,108607.34,sell,0.6,0.6,,,,,,,1750101149.497
1352,371666426,1750101149497,1,0.0185,0.01872917,39.95,BTC-25JUL25-120000-C,108607.34,sell,0.1,0.1,,,,,,,1750101149.497
1353,371666661,1750101235897,0,0.019,0.01897588,40.33,BTC-25JUL25-120000-C,108651.15,sell,0.2,0.2,,,,,,,1750101235.897
1354,371667581,1750101470780,0,0.0195,0.01944545,40.35,BTC-25JUL25-120000-C,108872.77,buy,5.0,5.0,,,,,,,1750101470.78
1355,371669827,1750102187392,0,0.02,0.01997833,40.87,BTC-25JUL25-120000-C,108841.59,sell,0.2,0.2,,,,,,,1750102187.392
1359,371670119,1750102261477,1,0.02,0.02000605,40.84,BTC-25JUL25-120000-C,108849.8,sell,4.5,4.5,,,,,,,1750102261.477
1360,371670120,1750102261477,1,0.02,0.02000605,40.84,BTC-25JUL25-120000-C,108849.8,sell,0.2,0.2,,,,,,,1750102261.477
1361,371670121,1750102261477,1,0.02,0.02000605,40.84,BTC-25JUL25-120000-C,108849.8,sell,0.1,0.1,,,,,,,1750102261.477
1364,371670124,1750102261477,1,0.02,0.02000605,40.84,BTC-25JUL25-120000-C,108849.8,sell,5.5,5.5,,,,,,,1750102261.477
1356,371670116,1750102261477,1,0.02,0.02000605,40.84,BTC-25JUL25-120000-C,108849.8,sell,0.2,0.2,,,,,,,1750102261.477
1363,371670123,1750102261477,1,0.02,0.02000605,40.84,BTC-25JUL25-120000-C,108849.8,sell,1.8,1.8,,,,,,,1750102261.477
1358,371670118,1750102261477,1,0.02,0.02000605,40.84,BTC-25JUL25-120000-C,108849.8,sell,0.1,0.1,,,,,,,1750102261.477
1362,371670122,1750102261477,1,0.02,0.02000605,40.84,BTC-25JUL25-120000-C,108849.8,sell,1.2,1.2,,,,,,,1750102261.477
1357,371670117,1750102261477,1,0.02,0.02000605,40.84,BTC-25JUL25-120000-C,108849.8,sell,2.5,2.5,,,,,,,1750102261.477
1365,371670161,1750102273121,1,0.02,0.01993322,40.94,BTC-25JUL25-120000-C,108805.22,sell,3.1,3.1,,,,,,,1750102273.121
1366,371670220,1750102277931,1,0.02,0.01987739,40.97,BTC-25JUL25-120000-C,108791.94,sell,3.4,3.4,,,,,,,1750102277.931
1367,371670246,1750102290216,1,0.02,0.01984107,41.0,BTC-25JUL25-120000-C,108782.66,sell,3.2,3.2,,,,,,,1750102290.216
1368,371670260,1750102294344,1,0.02,0.01983478,41.02,BTC-25JUL25-120000-C,108773.68,sell,3.4,3.4,,,,,,,1750102294.344
1369,371670270,1750102297478,1,0.02,0.01982622,41.07,BTC-25JUL25-120000-C,108751.28,sell,3.4,3.4,,,,,,,1750102297.478
1370,371670381,1750102341471,1,0.02,0.01984157,41.05,BTC-25JUL25-120000-C,108755.26,sell,4.1,4.1,,,,,,,1750102341.471
1371,371670385,1750102344103,1,0.02,0.01984348,41.1,BTC-25JUL25-120000-C,108732.67,sell,3.3,3.3,,,,,,,1750102344.103
1372,371670439,1750102357506,1,0.02,0.01977221,41.11,BTC-25JUL25-120000-C,108727.51,sell,2.1,2.1,,,,,,,1750102357.506
1373,371670440,1750102357506,1,0.02,0.01977221,41.11,BTC-25JUL25-120000-C,108727.51,sell,1.6,1.6,,,,,,,1750102357.506
1378,371670466,1750102358859,1,0.02,0.01977391,41.15,BTC-25JUL25-120000-C,108708.39,sell,1.3,1.3,,,,,,,1750102358.859
1377,371670465,1750102358859,1,0.02,0.01977391,41.15,BTC-25JUL25-120000-C,108708.39,sell,1.0,1.0,,,,,,,1750102358.859
1382,371670470,1750102358859,1,0.02,0.01977391,41.15,BTC-25JUL25-120000-C,108708.39,sell,0.8,0.8,,,,,,,1750102358.859
1381,371670469,1750102358859,1,0.02,0.01977391,41.15,BTC-25JUL25-120000-C,108708.39,sell,0.4,0.4,,,,,,,1750102358.859
1380,371670468,1750102358859,1,0.02,0.01977391,41.15,BTC-25JUL25-120000-C,108708.39,sell,0.4,0.4,,,,,,,1750102358.859
1379,371670467,1750102358859,1,0.02,0.01977391,41.15,BTC-25JUL25-120000-C,108708.39,sell,0.4,0.4,,,,,,,1750102358.859
1383,371670471,1750102358859,1,0.02,0.01977391,41.15,BTC-25JUL25-120000-C,108708.39,sell,5.3,5.3,,,,,,,1750102358.859
1374,371670462,1750102358859,1,0.02,0.01977391,41.15,BTC-25JUL25-120000-C,108708.39,sell,0.5,0.5,,,,,,,1750102358.859
1376,371670464,1750102358859,1,0.02,0.01977391,41.15,BTC-25JUL25-120000-C,108708.39,sell,0.2,0.2,,,,,,,1750102358.859
1375,371670463,1750102358859,1,0.02,0.01977391,41.15,BTC-25JUL25-120000-C,108708.39,sell,0.7,0.7,,,,,,,1750102358.859
1384,371670478,1750102358876,1,0.02,0.01977391,41.15,BTC-25JUL25-120000-C,108708.39,sell,4.0,4.0,,,,,,,1750102358.876
1386,371670480,1750102358893,1,0.02,0.01977391,41.15,BTC-25JUL25-120000-C,108708.39,sell,0.2,0.2,,,,,,,1750102358.893
1385,371670479,1750102358893,1,0.02,0.01977391,41.15,BTC-25JUL25-120000-C,108708.39,sell,0.8,0.8,,,,,,,1750102358.893
1387,371671994,1750102964855,2,0.0195,0.01966121,40.87,BTC-25JUL25-120000-C,108607.27,sell,0.6,0.6,,,,,,,1750102964.855
1388,371686838,1750111702210,3,0.0195,0.01953745,40.53,BTC-25JUL25-120000-C,108806.97,buy,0.3,0.3,,,,,,,1750111702.21
1389,371699982,1750114552896,2,0.0175,0.01776493,40.81,BTC-25JUL25-120000-C,107741.01,sell,0.6,0.6,,,,,,,1750114552.896
1390,371699983,1750114552896,3,0.0175,0.01776493,40.81,BTC-25JUL25-120000-C,107741.01,sell,0.4,0.4,,,,,,,1750114552.896
1391,371741142,1750130553933,3,0.0175,0.01702614,41.32,BTC-25JUL25-120000-C,107527.67,buy,0.1,0.1,,,,,,,1750130553.933
1392,371756752,1750142851277,2,0.0155,0.01557132,40.79,BTC-25JUL25-120000-C,106872.32,sell,0.3,0.3,,,,,,,1750142851.277
1393,371756754,1750142851296,3,0.0155,0.01557093,40.88,BTC-25JUL25-120000-C,106830.54,sell,0.1,0.1,,,,,,,1750142851.296
1394,371756762,1750142851327,3,0.0155,0.01557093,40.88,BTC-25JUL25-120000-C,106830.54,sell,0.4,0.4,,,,,,,1750142851.327
1395,371757940,1750143431351,3,0.0155,0.01552898,40.82,BTC-25JUL25-120000-C,106867.15,sell,0.2,0.2,,,,,,,1750143431.351
1398,371763169,1750146494150,3,0.0155,0.01532653,41.13,BTC-25JUL25-120000-C,106715.43,buy,1.8,1.8,,,,,,,1750146494.15
1397,371763168,1750146494150,3,0.0155,0.01532653,41.13,BTC-25JUL25-120000-C,106715.43,buy,5.0,5.0,,,,,,,1750146494.15
1396,371763167,1750146494150,3,0.0155,0.01532653,41.13,BTC-25JUL25-120000-C,106715.43,buy,1.3,1.3,,,,,,,1750146494.15
1399,371763170,1750146494154,3,0.0155,0.01532653,41.13,BTC-25JUL25-120000-C,106715.43,sell,1.9,1.9,,,,,,,1750146494.154
1400,371763573,1750146640286,3,0.0155,0.01540962,41.06,BTC-25JUL25-120000-C,106740.11,sell,0.6,0.6,,,,,,,1750146640.286
1401,371767082,1750149627110,2,0.015,0.0149511,40.88,BTC-25JUL25-120000-C,106586.27,sell,0.1,0.1,,,,,,,1750149627.11
1402,371774431,1750154768685,2,0.014,0.01422815,40.66,BTC-25JUL25-120000-C,106156.56,sell,0.1,0.1,,,,,,,1750154768.685
1403,371776748,1750156522318,2,0.0135,0.0137813,40.51,BTC-25JUL25-120000-C,105957.18,sell,0.6,0.6,,,,,,,1750156522.318
1404,371776749,1750156522318,3,0.0135,0.0137813,40.51,BTC-25JUL25-120000-C,105957.18,sell,1.4,1.4,,,,,,,1750156522.318
1405,371776980,1750156626739,3,0.0135,0.01377268,40.52,BTC-25JUL25-120000-C,105950.02,sell,0.2,0.2,,,,,,,1750156626.739
1406,371776981,1750156626741,3,0.0135,0.01377268,40.52,BTC-25JUL25-120000-C,105950.02,buy,0.3,0.3,,,,,,,1750156626.741
1407,371779733,1750157472744,3,0.0135,0.0136545,40.63,BTC-25JUL25-120000-C,105887.88,sell,0.1,0.1,,,,,,,1750157472.744
1408,371779915,1750157602937,3,0.0135,0.01367205,40.64,BTC-25JUL25-120000-C,105884.23,sell,1.0,1.0,,,,,,,1750157602.937
1409,371797653,1750166628718,2,0.0125,0.01290292,40.24,BTC-25JUL25-120000-C,105511.27,sell,0.1,0.1,,,,,,,1750166628.718
1410,371806424,1750169608371,0,0.013,0.01318392,40.5,BTC-25JUL25-120000-C,105663.59,buy,0.1,0.1,,,,,,,1750169608.371
1411,371809460,1750170958623,2,0.0125,0.01236828,40.9,BTC-25JUL25-120000-C,105170.86,sell,0.3,0.3,,,,,,,1750170958.623
1412,371817486,1750172902793,2,0.012,0.01192138,40.99,BTC-25JUL25-120000-C,104802.33,sell,0.1,0.1,,,,,,,1750172902.793
1413,371817736,1750172939557,0,0.0125,0.01166693,41.84,BTC-25JUL25-120000-C,104668.76,buy,0.1,0.1,,,,,,,1750172939.557
1414,371822897,1750173947347,2,0.0115,0.0115765,41.09,BTC-25JUL25-120000-C,104431.77,sell,0.1,0.1,,,,,,,1750173947.347
1415,371822898,1750173947354,3,0.0115,0.0115765,41.09,BTC-25JUL25-120000-C,104431.77,sell,0.1,0.1,,,,,,,1750173947.354
1416,371824844,1750174302770,3,0.0115,0.01126016,41.57,BTC-25JUL25-120000-C,104185.69,sell,0.2,0.2,,,,,,,1750174302.77
1417,371833357,1750176111480,3,0.0115,0.01128067,41.44,BTC-25JUL25-120000-C,104305.98,buy,0.2,0.2,,,,,,,1750176111.48
1418,371834116,1750176273825,2,0.011,0.01129138,40.81,BTC-25JUL25-120000-C,104312.86,sell,0.1,0.1,,,,,,,1750176273.825
1419,371834117,1750176275548,3,0.011,0.0112956,40.82,BTC-25JUL25-120000-C,104309.73,sell,0.1,0.1,,,,,,,1750176275.548
1420,371834126,1750176277469,3,0.011,0.01127645,40.82,BTC-25JUL25-120000-C,104309.32,sell,0.1,0.1,,,,,,,1750176277.469
1421,371834140,1750176279623,3,0.011,0.01127775,40.85,BTC-25JUL25-120000-C,104292.9,sell,0.1,0.1,,,,,,,1750176279.623
1422,371834141,1750176282397,3,0.011,0.01124779,40.85,BTC-25JUL25-120000-C,104294.82,sell,0.1,0.1,,,,,,,1750176282.397
1423,371834142,1750176284817,3,0.011,0.01125224,40.84,BTC-25JUL25-120000-C,104300.08,sell,0.1,0.1,,,,,,,1750176284.817
1424,371834144,1750176286504,3,0.011,0.01126149,40.84,BTC-25JUL25-120000-C,104297.36,sell,0.1,0.1,,,,,,,1750176286.504
1425,371834145,1750176288517,3,0.011,0.01125887,40.84,BTC-25JUL25-120000-C,104296.08,sell,0.1,0.1,,,,,,,1750176288.517
1426,371834161,1750176290474,3,0.011,0.01125628,40.85,BTC-25JUL25-120000-C,104292.68,sell,0.1,0.1,,,,,,,1750176290.474
1427,371834262,1750176292619,3,0.011,0.01125886,40.9,BTC-25JUL25-120000-C,104266.4,sell,0.1,0.1,,,,,,,1750176292.619
1428,371834263,1750176295625,3,0.011,0.01120907,40.89,BTC-25JUL25-120000-C,104272.76,sell,0.1,0.1,,,,,,,1750176295.625
1429,371834272,1750176298621,3,0.011,0.01121817,40.9,BTC-25JUL25-120000-C,104268.08,sell,0.1,0.1,,,,,,,1750176298.621
1430,371834279,1750176301245,3,0.011,0.01121097,40.91,BTC-25JUL25-120000-C,104265.07,sell,0.1,0.1,,,,,,,1750176301.245
1431,371834284,1750176303362,3,0.011,0.01120582,40.87,BTC-25JUL25-120000-C,104285.4,sell,0.1,0.1,,,,,,,1750176303.362
1432,371834285,1750176305401,3,0.011,0.01123684,40.88,BTC-25JUL25-120000-C,104280.82,sell,0.1,0.1,,,,,,,1750176305.401
1433,371834287,1750176307547,3,0.011,0.01123125,40.87,BTC-25JUL25-120000-C,104282.26,sell,0.1,0.1,,,,,,,1750176307.547
1434,371834316,1750176309977,3,0.011,0.01123488,40.87,BTC-25JUL25-120000-C,104283.9,sell,0.1,0.1,,,,,,,1750176309.977
1435,371834320,1750176311875,3,0.011,0.01123867,40.83,BTC-25JUL25-120000-C,104301.4,sell,0.1,0.1,,,,,,,1750176311.875
1436,371834321,1750176314027,3,0.011,0.01126506,40.84,BTC-25JUL25-120000-C,104296.72,sell,0.1,0.1,,,,,,,1750176314.027
1438,371834333,1750176323081,1,0.0115,0.01123487,41.47,BTC-25JUL25-120000-C,104291.23,buy,0.6,0.6,,,,,,,1750176323.081
1437,371834332,1750176323081,0,0.0115,0.01123487,41.47,BTC-25JUL25-120000-C,104291.23,buy,1.3,1.3,,,,,,,1750176323.081
1439,371849773,1750179024401,2,0.011,0.01083217,41.79,BTC-25JUL25-120000-C,103764.17,sell,0.1,0.1,,,,,,,1750179024.401
1440,371851188,1750179183827,2,0.0105,0.01070126,41.35,BTC-25JUL25-120000-C,103660.71,sell,0.2,0.2,,,,,,,1750179183.827
1441,371857775,1750179823032,0,0.011,0.01063854,42.15,BTC-25JUL25-120000-C,103599.43,sell,0.2,0.2,,,,,,,1750179823.032
1442,371887977,1750188226854,0,0.013,0.0132342,41.33,BTC-25JUL25-120000-C,105286.74,sell,0.1,0.1,,,,,,,1750188226.854
1443,371889681,1750188700444,1,0.013,0.01281448,41.78,BTC-25JUL25-120000-C,105054.07,buy,0.1,0.1,,,,,,,1750188700.444
1444,371892836,1750190346895,2,0.0125,0.01240513,41.73,BTC-25JUL25-120000-C,104793.4,sell,0.1,0.1,,,,,,,1750190346.895
1445,371910648,1750202849957,2,0.012,0.01187375,41.76,BTC-25JUL25-120000-C,104527.22,buy,0.9,0.9,,,,,,,1750202849.957
1446,371910649,1750202849963,3,0.012,0.01187375,41.76,BTC-25JUL25-120000-C,104527.22,sell,0.3,0.3,,,,,,,1750202849.963
1447,371921996,1750214928118,0,0.0125,0.012511,41.54,BTC-25JUL25-120000-C,105002.7,buy,1.0,1.0,,,,,,,1750214928.118
1448,371922031,1750214997603,2,0.012,0.01249719,40.96,BTC-25JUL25-120000-C,104997.73,sell,1.0,1.0,,,,,,,1750214997.603
1449,371922419,1750215597365,3,0.012,0.0123633,41.16,BTC-25JUL25-120000-C,104890.41,sell,1.7,1.7,,,,,,,1750215597.365
1450,371922420,1750215597365,3,0.012,0.0123633,41.16,BTC-25JUL25-120000-C,104890.41,sell,3.3,3.3,,,,,,,1750215597.365
1451,371922524,1750215670553,3,0.012,0.01234,41.16,BTC-25JUL25-120000-C,104903.95,sell,1.7,1.7,,,,,,,1750215670.553
1452,371922525,1750215670553,3,0.012,0.01234,41.16,BTC-25JUL25-120000-C,104903.95,sell,1.6,1.6,,,,,,,1750215670.553
1453,371922526,1750215670555,3,0.012,0.01234,41.16,BTC-25JUL25-120000-C,104903.95,buy,1.7,1.7,,,,,,,1750215670.555
1454,371922574,1750215738087,3,0.012,0.01235613,41.13,BTC-25JUL25-120000-C,104911.45,sell,0.3,0.3,,,,,,,1750215738.087
1455,371922575,1750215738089,3,0.012,0.01235613,41.13,BTC-25JUL25-120000-C,104911.45,buy,3.9,3.9,,,,,,,1750215738.089
1456,371922576,1750215738090,3,0.012,0.01235613,41.13,BTC-25JUL25-120000-C,104911.45,buy,0.8,0.8,,,,,,,1750215738.09
1457,371922637,1750215784294,3,0.012,0.01234927,41.12,BTC-25JUL25-120000-C,104922.49,sell,5.0,5.0,,,,,,,1750215784.294
1458,371924719,1750218121958,3,0.012,0.01243238,40.57,BTC-25JUL25-120000-C,105209.85,sell,1.0,1.0,,,,,,,1750218121.958
1459,371924732,1750218161590,3,0.012,0.01242152,40.58,BTC-25JUL25-120000-C,105204.26,sell,0.6,0.6,,,,,,,1750218161.59
1460,371951322,1750238870751,2,0.0115,0.0115037,40.77,BTC-25JUL25-120000-C,104910.51,sell,0.5,0.5,,,,,,,1750238870.751
1461,371951323,1750238870751,3,0.0115,0.0115037,40.77,BTC-25JUL25-120000-C,104910.51,sell,1.0,1.0,,,,,,,1750238870.751
1462,371953767,1750240122251,2,0.011,0.0111219,40.73,BTC-25JUL25-120000-C,104592.22,sell,1.6,1.6,,,,,,,1750240122.251
1463,371953768,1750240122261,3,0.011,0.0111219,40.73,BTC-25JUL25-120000-C,104592.22,buy,3.3,3.3,,,,,,,1750240122.261
1464,371953769,1750240122263,3,0.011,0.0111219,40.73,BTC-25JUL25-120000-C,104592.22,buy,1.1,1.1,,,,,,,1750240122.263
1465,371960390,1750244308357,3,0.011,0.01047327,41.52,BTC-25JUL25-120000-C,104216.83,buy,0.2,0.2,,,,,,,1750244308.357
1466,371964770,1750246987316,3,0.011,0.01065468,41.03,BTC-25JUL25-120000-C,104472.17,buy,0.1,0.1,,,,,,,1750246987.316
1468,371965686,1750247438224,3,0.0105,0.01089277,40.03,BTC-25JUL25-120000-C,104682.16,sell,4.5,4.5,,,,,,,1750247438.224
1467,371965685,1750247438224,2,0.0105,0.01089277,40.03,BTC-25JUL25-120000-C,104682.16,sell,0.5,0.5,,,,,,,1750247438.224
1469,371965726,1750247466362,0,0.011,0.01088428,40.68,BTC-25JUL25-120000-C,104665.89,buy,0.1,0.1,,,,,,,1750247466.362
1470,371966295,1750247614677,2,0.0105,0.01110353,39.64,BTC-25JUL25-120000-C,104864.61,sell,5.0,5.0,,,,,,,1750247614.677
1471,371977345,1750252946497,2,0.01,0.0102256,40.65,BTC-25JUL25-120000-C,104035.08,sell,0.2,0.2,,,,,,,1750252946.497
1472,371994573,1750255992497,0,0.0115,0.01145446,40.68,BTC-25JUL25-120000-C,105009.09,buy,0.1,0.1,,,,,,,1750255992.497
1473,371996714,1750256358778,1,0.0115,0.01154883,40.62,BTC-25JUL25-120000-C,105061.82,buy,10.0,10.0,,,,,,,1750256358.778
1474,372004819,1750259042608,2,0.0105,0.01089968,40.06,BTC-25JUL25-120000-C,104728.18,sell,1.0,1.0,,,,,,,1750259042.608
1475,372018897,1750266310259,2,0.01,0.00993271,40.5,BTC-25JUL25-120000-C,104184.18,sell,0.5,0.5,,,,,,,1750266310.259
1476,372018900,1750266310276,3,0.01,0.00993271,40.5,BTC-25JUL25-120000-C,104184.18,sell,0.3,0.3,,,,,,,1750266310.276
1477,372018901,1750266310276,3,0.01,0.00993271,40.5,BTC-25JUL25-120000-C,104184.18,sell,0.2,0.2,,,,,,,1750266310.276
1478,372029230,1750269753948,3,0.01,0.0099397,40.21,BTC-25JUL25-120000-C,104315.69,sell,0.2,0.2,,,,,,,1750269753.948
1479,372033915,1750271314203,2,0.0095,0.00986502,39.58,BTC-25JUL25-120000-C,104280.91,sell,0.2,0.2,,,,,,,1750271314.203
1480,372036744,1750272410739,0,0.01,0.01003318,39.82,BTC-25JUL25-120000-C,104506.65,buy,2.0,2.0,,,,,,,1750272410.739
1481,372045585,1750274218322,1,0.01,0.00964142,40.33,BTC-25JUL25-120000-C,104252.87,buy,0.1,0.1,,,,,,,1750274218.322
1482,372046362,1750274418318,2,0.0095,0.00943407,39.98,BTC-25JUL25-120000-C,104088.83,sell,0.1,0.1,,,,,,,1750274418.318
1483,372050273,1750275681048,2,0.009,0.00948213,39.09,BTC-25JUL25-120000-C,104220.45,sell,5.0,5.0,,,,,,,1750275681.048
1484,372050939,1750275947107,3,0.009,0.00933831,39.29,BTC-25JUL25-120000-C,104120.15,sell,4.9,4.9,,,,,,,1750275947.107
1485,372051801,1750276402001,3,0.009,0.00928962,39.36,BTC-25JUL25-120000-C,104064.56,sell,0.5,0.5,,,,,,,1750276402.001
1486,372054689,1750277831963,0,0.0095,0.0090655,40.54,BTC-25JUL25-120000-C,103804.0,buy,0.1,0.1,,,,,,,1750277831.963
1487,372055539,1750278191988,1,0.0095,0.00948503,39.88,BTC-25JUL25-120000-C,104151.77,sell,0.1,0.1,,,,,,,1750278191.988
1488,372058450,1750279506726,0,0.01,0.01007015,39.52,BTC-25JUL25-120000-C,104700.88,sell,0.1,0.1,,,,,,,1750279506.726
1489,372062915,1750280828429,1,0.01,0.00990801,39.58,BTC-25JUL25-120000-C,104727.7,sell,0.2,0.2,,,,,,,1750280828.429
1490,372070533,1750284181275,1,0.01,0.0103723,38.83,BTC-25JUL25-120000-C,105145.73,sell,20.0,20.0,,,,,,,1750284181.275
1491,372074175,1750288806401,0,0.0105,0.01000917,39.93,BTC-25JUL25-120000-C,104908.86,buy,0.1,0.1,,,,,,,1750288806.401
1492,372074578,1750289406419,1,0.0105,0.00990193,40.12,BTC-25JUL25-120000-C,104820.64,buy,0.1,0.1,,,,,,,1750289406.419
1493,372077803,1750291896159,2,0.01,0.00986315,39.61,BTC-25JUL25-120000-C,104774.03,sell,0.2,0.2,,,,,,,1750291896.159
1494,372082076,1750295084019,3,0.01,0.00985488,39.47,BTC-25JUL25-120000-C,104858.92,sell,0.2,0.2,,,,,,,1750295084.019
1495,372084077,1750295369099,2,0.0095,0.00944505,39.32,BTC-25JUL25-120000-C,104578.35,buy,4.0,4.0,,,,,,,1750295369.099
1496,372084088,1750295372385,3,0.0095,0.00944796,39.3,BTC-25JUL25-120000-C,104585.15,buy,0.1,0.1,,,,,,,1750295372.385
1497,372084089,1750295372417,3,0.0095,0.00944796,39.3,BTC-25JUL25-120000-C,104585.15,buy,0.1,0.1,,,,,,,1750295372.417
1498,372084118,1750295379756,3,0.0095,0.00946263,39.28,BTC-25JUL25-120000-C,104595.11,buy,5.0,5.0,,,,,,,1750295379.756
1499,372084119,1750295379768,3,0.0095,0.00946263,39.28,BTC-25JUL25-120000-C,104595.11,buy,13.8,13.8,,,,,,,1750295379.768
1500,372087552,1750297349960,0,0.01,0.00964374,39.97,BTC-25JUL25-120000-C,104623.0,buy,1.9,1.9,,,,,,,1750297349.96
1501,372087553,1750297349962,1,0.01,0.00964374,39.97,BTC-25JUL25-120000-C,104623.0,sell,1.9,1.9,,,,,,,1750297349.962
1502,372088868,1750298531891,1,0.01,0.00987141,40.12,BTC-25JUL25-120000-C,104550.28,sell,0.2,0.2,,,,,,,1750298531.891
1503,372092874,1750302302777,1,0.01,0.0103839,39.41,BTC-25JUL25-120000-C,104897.36,sell,0.4,0.4,,,,,,,1750302302.777
1504,372092875,1750302302787,1,0.01,0.0103839,39.41,BTC-25JUL25-120000-C,104897.36,sell,0.2,0.2,,,,,,,1750302302.787
1505,372093376,1750303038410,0,0.0105,0.01039325,39.99,BTC-25JUL25-120000-C,104947.29,buy,0.1,0.1,,,,,,,1750303038.41
1506,372093838,1750303638195,1,0.0105,0.01030496,40.04,BTC-25JUL25-120000-C,104940.24,buy,0.1,0.1,,,,,,,1750303638.195
1507,372100560,1750310084566,0,0.011,0.01057711,40.42,BTC-25JUL25-120000-C,105085.12,buy,0.4,0.4,,,,,,,1750310084.566
1508,372100925,1750310297392,2,0.0105,0.01051163,39.9,BTC-25JUL25-120000-C,105022.29,sell,0.1,0.1,,,,,,,1750310297.392
1509,372106171,1750316585948,2,0.01,0.01005602,39.79,BTC-25JUL25-120000-C,104776.69,sell,0.2,0.2,,,,,,,1750316585.948
1510,372112156,1750320681169,3,0.01,0.01002038,39.58,BTC-25JUL25-120000-C,104908.75,sell,0.2,0.2,,,,,,,1750320681.169
1511,372116747,1750324632308,3,0.01,0.00978263,39.83,BTC-25JUL25-120000-C,104819.15,buy,0.1,0.1,,,,,,,1750324632.308
1512,372117806,1750324909478,3,0.01,0.00999588,39.55,BTC-25JUL25-120000-C,104962.55,sell,0.1,0.1,,,,,,,1750324909.478
1513,372121112,1750327543777,3,0.01,0.01001007,39.49,BTC-25JUL25-120000-C,105009.0,sell,0.3,0.3,,,,,,,1750327543.777
1514,372121747,1750328327807,0,0.0105,0.01016623,40.1,BTC-25JUL25-120000-C,105027.39,buy,0.1,0.1,,,,,,,1750328327.807
1515,372122688,1750328928157,1,0.0105,0.01024973,40.05,BTC-25JUL25-120000-C,105052.61,buy,0.1,0.1,,,,,,,1750328928.157
1516,372123692,1750329963730,2,0.01,0.01011854,39.63,BTC-25JUL25-120000-C,104936.7,sell,0.1,0.1,,,,,,,1750329963.73
1517,372123693,1750329963730,3,0.01,0.01011854,39.63,BTC-25JUL25-120000-C,104936.7,sell,0.1,0.1,,,,,,,1750329963.73
1518,372123694,1750329963730,3,0.01,0.01011854,39.63,BTC-25JUL25-120000-C,104936.7,sell,0.1,0.1,,,,,,,1750329963.73
1520,372123696,1750329963730,3,0.01,0.01011854,39.63,BTC-25JUL25-120000-C,104936.7,sell,0.1,0.1,,,,,,,1750329963.73
1519,372123695,1750329963730,3,0.01,0.01011854,39.63,BTC-25JUL25-120000-C,104936.7,sell,0.1,0.1,,,,,,,1750329963.73
1521,372125109,1750331474118,2,0.0095,0.00991455,39.2,BTC-25JUL25-120000-C,104826.01,sell,0.1,0.1,,,,,,,1750331474.118
1522,372125136,1750331551426,3,0.0095,0.00991777,39.21,BTC-25JUL25-120000-C,104823.3,sell,0.1,0.1,,,,,,,1750331551.426
1523,372125612,1750332074159,0,0.01,0.01006396,39.67,BTC-25JUL25-120000-C,104926.19,sell,0.1,0.1,,,,,,,1750332074.159
1524,372125640,1750332151461,1,0.01,0.01005817,39.66,BTC-25JUL25-120000-C,104920.07,sell,0.1,0.1,,,,,,,1750332151.461
1525,372125961,1750332674165,1,0.01,0.00998748,39.84,BTC-25JUL25-120000-C,104833.6,sell,0.1,0.1,,,,,,,1750332674.165
1526,372126010,1750332713379,1,0.01,0.00996816,39.86,BTC-25JUL25-120000-C,104819.84,sell,0.1,0.1,,,,,,,1750332713.379
1527,372126023,1750332751565,2,0.0095,0.00997686,39.19,BTC-25JUL25-120000-C,104822.56,sell,0.1,0.1,,,,,,,1750332751.565
1528,372126415,1750333274275,3,0.0095,0.0099363,39.3,BTC-25JUL25-120000-C,104766.1,sell,0.1,0.1,,,,,,,1750333274.275
1529,372126535,1750333351657,3,0.0095,0.009932,39.31,BTC-25JUL25-120000-C,104765.28,sell,0.1,0.1,,,,,,,1750333351.657
1530,372126872,1750333874271,3,0.0095,0.01000897,39.24,BTC-25JUL25-120000-C,104799.64,sell,0.1,0.1,,,,,,,1750333874.271
1531,372127012,1750333951778,3,0.0095,0.01005395,39.17,BTC-25JUL25-120000-C,104832.62,sell,0.1,0.1,,,,,,,1750333951.778
1532,372127367,1750334474277,3,0.0095,0.01001776,39.19,BTC-25JUL25-120000-C,104813.17,sell,0.1,0.1,,,,,,,1750334474.277
1533,372127541,1750334551862,3,0.0095,0.00996865,39.26,BTC-25JUL25-120000-C,104779.86,sell,0.1,0.1,,,,,,,1750334551.862
1534,372128250,1750335074363,3,0.0095,0.00999967,39.19,BTC-25JUL25-120000-C,104810.11,sell,0.1,0.1,,,,,,,1750335074.363
1535,372128408,1750335151958,3,0.0095,0.01003455,39.14,BTC-25JUL25-120000-C,104847.21,sell,0.1,0.1,,,,,,,1750335151.958
1536,372128881,1750335674384,3,0.0095,0.01001903,39.11,BTC-25JUL25-120000-C,104869.48,sell,0.1,0.1,,,,,,,1750335674.384
1537,372128958,1750335752069,3,0.0095,0.01003309,39.08,BTC-25JUL25-120000-C,104869.95,sell,0.1,0.1,,,,,,,1750335752.069
1538,372129296,1750336274371,0,0.01,0.01008695,39.68,BTC-25JUL25-120000-C,104901.41,sell,0.1,0.1,,,,,,,1750336274.371
1539,372129375,1750336352070,2,0.0095,0.01002872,39.11,BTC-25JUL25-120000-C,104868.22,sell,0.1,0.1,,,,,,,1750336352.07
1540,372129750,1750336874345,3,0.0095,0.00997579,39.17,BTC-25JUL25-120000-C,104842.65,sell,0.1,0.1,,,,,,,1750336874.345
1541,372129839,1750336952153,3,0.0095,0.00992695,39.24,BTC-25JUL25-120000-C,104804.92,sell,0.1,0.1,,,,,,,1750336952.153
1542,372130510,1750337474466,3,0.0095,0.00998132,39.3,BTC-25JUL25-120000-C,104751.97,sell,0.1,0.1,,,,,,,1750337474.466
1543,372130580,1750337552279,3,0.0095,0.00995013,39.34,BTC-25JUL25-120000-C,104739.44,sell,0.1,0.1,,,,,,,1750337552.279
1544,372131063,1750338074589,3,0.0095,0.00987236,39.3,BTC-25JUL25-120000-C,104760.57,sell,0.1,0.1,,,,,,,1750338074.589
1545,372131097,1750338152383,3,0.0095,0.009868,39.29,BTC-25JUL25-120000-C,104766.94,sell,0.1,0.1,,,,,,,1750338152.383
1546,372131744,1750338674663,3,0.0095,0.0096751,39.49,BTC-25JUL25-120000-C,104675.13,sell,0.1,0.1,,,,,,,1750338674.663
1547,372131774,1750338752375,3,0.0095,0.00968649,39.49,BTC-25JUL25-120000-C,104671.45,sell,0.1,0.1,,,,,,,1750338752.375
1548,372132398,1750339274758,3,0.0095,0.00972004,39.55,BTC-25JUL25-120000-C,104654.17,sell,0.1,0.1,,,,,,,1750339274.758
1549,372132464,1750339352460,3,0.0095,0.0097391,39.52,BTC-25JUL25-120000-C,104668.6,sell,0.1,0.1,,,,,,,1750339352.46
1550,372132764,1750339472871,0,0.01,0.00978931,40.11,BTC-25JUL25-120000-C,104699.65,buy,0.1,0.1,,,,,,,1750339472.871
1551,372133355,1750339874879,2,0.0095,0.00984922,39.34,BTC-25JUL25-120000-C,104764.86,sell,0.1,0.1,,,,,,,1750339874.879
1552,372133404,1750339952561,3,0.0095,0.00978154,39.45,BTC-25JUL25-120000-C,104709.33,sell,0.1,0.1,,,,,,,1750339952.561
1553,372133445,1750340072522,0,0.01,0.00973181,40.16,BTC-25JUL25-120000-C,104681.14,buy,0.1,0.1,,,,,,,1750340072.522
1554,372134096,1750340474963,2,0.0095,0.00961504,39.72,BTC-25JUL25-120000-C,104566.16,sell,0.1,0.1,,,,,,,1750340474.963
1555,372134140,1750340552663,3,0.0095,0.00964075,39.71,BTC-25JUL25-120000-C,104572.19,sell,0.1,0.1,,,,,,,1750340552.663
1556,372135889,1750341075065,3,0.0095,0.00947286,40.2,BTC-25JUL25-120000-C,104313.89,sell,0.1,0.1,,,,,,,1750341075.065
1557,372135962,1750341152752,3,0.0095,0.0094798,40.24,BTC-25JUL25-120000-C,104294.76,sell,0.1,0.1,,,,,,,1750341152.752
1558,372137196,1750341676107,3,0.0095,0.00968764,40.16,BTC-25JUL25-120000-C,104337.84,sell,0.1,0.1,,,,,,,1750341676.107
1559,372137382,1750341752809,3,0.0095,0.00976921,40.04,BTC-25JUL25-120000-C,104407.84,sell,0.1,0.1,,,,,,,1750341752.809
1560,372138145,1750342275286,3,0.0095,0.00981896,39.91,BTC-25JUL25-120000-C,104478.11,sell,0.1,0.1,,,,,,,1750342275.286
1561,372138254,1750342352885,3,0.0095,0.00984445,39.87,BTC-25JUL25-120000-C,104504.77,sell,0.1,0.1,,,,,,,1750342352.885
