trade_seq,trade_id,timestamp,tick_direction,price,mark_price,iv,instrument_name,index_price,direction,contracts,amount,block_trade_leg_count,block_trade_id,combo_id,combo_trade_id,unix_sec
73,369793878,1748824597671,0,0.1716,0.17177824,47.25,BTC-25JUL25-90000-C,105517.59,sell,0.1,0.1,,,BTC-CDIAG-25JUL25_6JUN25-90000_106000,369793877,1748824597.671
74,370038467,1748982919139,2,0.169,0.16887895,45.83,BTC-25JUL25-90000-C,105611.61,sell,1.0,1.0,,,BTC-CBUT-25JUL25-90000_95000_102000,370038465,1748982919.139
75,370314419,1749157188210,2,0.132,0.13207783,44.15,BTC-25JUL25-90000-C,100499.05,buy,0.1,0.1,,,,,1749157188.21
76,370684993,1749495817026,0,0.1845,0.18453464,44.98,BTC-25JUL25-90000-C,108621.8,buy,0.1,0.1,,,,,1749495817.026
77,370685009,1749495822128,1,0.1845,0.18445525,45.32,BTC-25JUL25-90000-C,108591.05,buy,0.1,0.1,,,,,1749495822.128
78,370685154,1749495968585,1,0.1845,0.18450906,45.26,BTC-25JUL25-90000-C,108603.54,buy,0.1,0.1,,,,,1749495968.585
79,370685159,1749495968865,1,0.1845,0.18450906,45.26,BTC-25JUL25-90000-C,108603.54,buy,0.1,0.1,,,,,1749495968.865
80,370685916,1749496650678,1,0.1845,0.18433068,45.55,BTC-25JUL25-90000-C,108589.74,buy,0.1,0.1,,,,,1749496650.678
81,370685920,1749496651633,1,0.1845,0.18434661,45.54,BTC-25JUL25-90000-C,108590.39,buy,0.1,0.1,,,,,1749496651.633
82,370686001,1749496782220,1,0.1845,0.18461661,45.09,BTC-25JUL25-90000-C,108628.34,buy,0.1,0.1,,,,,1749496782.22
83,370686019,1749496796309,1,0.1845,0.18452474,45.13,BTC-25JUL25-90000-C,108625.9,buy,0.1,0.1,,,,,1749496796.309
84,370691969,1749499368000,0,0.185,0.18511012,45.21,BTC-25JUL25-90000-C,108693.68,buy,0.1,0.1,,,,,1749499368.0
85,370691997,1749499381419,1,0.185,0.18499355,45.4,BTC-25JUL25-90000-C,108678.46,buy,0.1,0.1,,,,,1749499381.419
86,370692037,1749499393567,1,0.185,0.1849717,45.57,BTC-25JUL25-90000-C,108665.82,buy,0.1,0.1,,,,,1749499393.567
87,370692049,1749499402859,1,0.185,0.18483467,45.68,BTC-25JUL25-90000-C,108658.19,buy,0.1,0.1,,,,,1749499402.859
88,370692072,1749499416017,1,0.185,0.18478339,45.77,BTC-25JUL25-90000-C,108653.6,buy,0.1,0.1,,,,,1749499416.017
89,370692074,1749499418024,1,0.185,0.18478387,45.78,BTC-25JUL25-90000-C,108652.65,buy,0.1,0.1,,,,,1749499418.024
90,370692233,1749499525363,1,0.185,0.1848746,45.63,BTC-25JUL25-90000-C,108668.34,buy,0.1,0.1,,,,,1749499525.363
91,370692246,1749499532632,1,0.185,0.18493709,45.53,BTC-25JUL25-90000-C,108676.44,buy,0.1,0.1,,,,,1749499532.632
92,370692458,1749499606653,0,0.1855,0.18537284,45.61,BTC-25JUL25-90000-C,108737.14,buy,0.1,0.1,,,,,1749499606.653
93,370692492,1749499619295,1,0.1855,0.18548287,45.46,BTC-25JUL25-90000-C,108752.17,buy,0.1,0.1,,,,,1749499619.295
94,372054861,1750277898763,2,0.1465,0.14687915,42.61,BTC-25JUL25-90000-C,103920.49,buy,0.1,0.1,,,,,1750277898.763
95,372079107,1750292819154,0,0.155,0.15491687,43.97,BTC-25JUL25-90000-C,105061.87,buy,0.1,0.1,,,,,1750292819.154
96,372124965,1750331286527,2,0.153,0.15294439,44.61,BTC-25JUL25-90000-C,104831.61,sell,0.1,0.1,,,,,1750331286.527
97,372505930,1750551661337,2,0.1347,0.13450641,44.9,BTC-25JUL25-90000-C,102404.5,sell,0.7,0.7,,,BTC-CBUT-25JUL25-90000_95000_102000,372505928,1750551661.337
98,372505940,1750551663668,3,0.1347,0.13446614,45.03,BTC-25JUL25-90000-C,102393.26,sell,0.3,0.3,,,BTC-CBUT-25JUL25-90000_95000_102000,372505937,1750551663.668
100,372695929,1750615553326,3,0.115,0.11467089,44.15,BTC-25JUL25-90000-C,99679.43,sell,0.1,0.1,,,,,1750615553.326
99,372695928,1750615553326,2,0.115,0.11467089,44.15,BTC-25JUL25-90000-C,99679.43,sell,0.1,0.1,,,,,1750615553.326
101,372695930,1750615553326,3,0.115,0.11467089,44.15,BTC-25JUL25-90000-C,99679.43,sell,2.8,2.8,,,,,1750615553.326
102,372708430,1750621830715,2,0.11,0.11007947,44.49,BTC-25JUL25-90000-C,98930.09,sell,0.1,0.1,,,,,1750621830.715
103,372708434,1750621830728,3,0.11,0.11007947,44.49,BTC-25JUL25-90000-C,98930.09,sell,0.9,0.9,,,,,1750621830.728
104,372817202,1750663971648,0,0.129,0.12894396,43.04,BTC-25JUL25-90000-C,101838.26,sell,0.1,0.1,,,,,1750663971.648
105,373204601,1750815903634,0,0.162,0.16175463,43.95,BTC-25JUL25-90000-C,106474.38,buy,100.0,100.0,2.0,BLOCK-207122,BTC-CDIAG-25JUL25_27JUN25-90000_100000,,1750815903.634
106,373204710,1750815993005,2,0.1614,0.16119915,43.83,BTC-25JUL25-90000-C,106416.48,buy,100.0,100.0,2.0,BLOCK-207123,BTC-CDIAG-25JUL25_27JUN25-90000_100000,,1750815993.005
107,373204917,1750816218204,3,0.1614,0.16101327,44.23,BTC-25JUL25-90000-C,106376.95,buy,12.5,12.5,2.0,BLOCK-207124,BTC-CDIAG-25JUL25_27JUN25-90000_100000,,1750816218.204
108,373204920,1750816218258,0,0.1616,0.16101327,44.69,BTC-25JUL25-90000-C,106376.95,buy,12.5,12.5,2.0,BLOCK-207125,BTC-CDIAG-25JUL25_27JUN25-90000_100000,,1750816218.258
109,373267775,1750852351012,0,0.1681,0.16713786,45.93,BTC-25JUL25-90000-C,107202.99,buy,100.0,100.0,1.0,BLOCK-207188,,,1750852351.012
110,373268287,1750852653805,0,0.1683,0.16756613,45.39,BTC-25JUL25-90000-C,107261.0,buy,25.0,25.0,1.0,BLOCK-207190,,,1750852653.805
111,373268704,1750852808702,2,0.1677,0.16748637,44.43,BTC-25JUL25-90000-C,107223.6,buy,100.0,100.0,2.0,BLOCK-207191,BTC-CDIAG-25JUL25_27JUN25-90000_105000,,1750852808.702
112,373269580,1750853165766,2,0.1673,0.16689666,44.13,BTC-25JUL25-90000-C,107171.87,buy,100.0,100.0,2.0,BLOCK-207193,BTC-CDIAG-25JUL25_27JUN25-90000_105000,,1750853165.766
113,373269584,1750853169780,0,0.1674,0.167021,44.35,BTC-25JUL25-90000-C,107173.34,buy,19.9,19.9,2.0,BLOCK-207194,BTC-CDIAG-25JUL25_27JUN25-90000_105000,,1750853169.78
114,373269585,1750853169790,0,0.168,0.167021,45.84,BTC-25JUL25-90000-C,107173.34,buy,50.0,50.0,2.0,BLOCK-207195,BTC-CDIAG-25JUL25_27JUN25-90000_105000,,1750853169.79
115,373280722,1750857427244,0,0.1712,0.17031136,45.55,BTC-25JUL25-90000-C,107641.85,buy,100.0,100.0,1.0,BLOCK-207206,,,1750857427.244
116,373588599,1751017595665,2,0.1665,0.16497896,46.78,BTC-25JUL25-90000-C,107076.05,buy,0.4,0.4,,,,,1751017595.665
117,373711094,1751159616008,0,0.167,0.16717924,43.0,BTC-25JUL25-90000-C,107467.73,buy,0.4,0.4,,,,,1751159616.008
118,373806355,1751267836749,0,0.169,0.16900749,44.26,BTC-25JUL25-90000-C,107660.97,buy,0.1,0.1,,,,,1751267836.749
119,373955979,1751377457317,2,0.159,0.15858138,44.52,BTC-25JUL25-90000-C,106358.75,sell,0.1,0.1,,,,,1751377457.317
120,374048501,1751444938181,0,0.1685,0.16847954,44.85,BTC-25JUL25-90000-C,107651.14,buy,0.1,0.1,,,,,1751444938.181
121,374048505,1751444938356,1,0.1685,0.16847954,44.85,BTC-25JUL25-90000-C,107651.14,buy,0.9,0.9,,,,,1751444938.356
122,374305790,1751556900725,0,0.1815,0.18257054,41.33,BTC-25JUL25-90000-C,109456.16,sell,5.5,5.5,,,,,1751556900.725
123,374305791,1751556900739,1,0.1815,0.18257054,41.33,BTC-25JUL25-90000-C,109456.16,sell,5.4,5.4,,,,,1751556900.739
124,374305799,1751556900874,1,0.1815,0.18257054,41.33,BTC-25JUL25-90000-C,109456.16,sell,0.4,0.4,,,,,1751556900.874
125,374325650,1751576708999,0,0.187,0.18707456,47.52,BTC-25JUL25-90000-C,110033.65,buy,1.0,1.0,,,,,1751576708.999
126,374464040,1751665751062,2,0.1715,0.17062583,52.11,BTC-25JUL25-90000-C,107934.85,buy,2.0,2.0,,,,,1751665751.062
127,374592246,1751883024595,0,0.177,0.17652616,50.34,BTC-25JUL25-90000-C,108785.68,sell,4.9,4.9,,,,,1751883024.595
128,375763108,1752498694466,0,0.2635,0.26361157,76.42,BTC-25JUL25-90000-C,121833.86,buy,0.1,0.1,,,,,1752498694.466
129,376168477,1752650378407,2,0.24,0.2398309,79.23,BTC-25JUL25-90000-C,118140.13,buy,0.1,0.1,,,,,1752650378.407
130,376812996,1753049719438,2,0.232,0.23288165,0.0,BTC-25JUL25-90000-C,117085.96,sell,0.2,0.2,,,,,1753049719.438
