trade_seq,trade_id,timestamp,tick_direction,price,mark_price,iv,instrument_name,index_price,direction,contracts,amount,combo_trade_id,combo_id,block_trade_leg_count,block_trade_id,liquidation,block_rfq_id,unix_sec
1084,369656013,1748686476672,2,0.093,0.09243047,45.95,BTC-25JUL25-100000-C,103444.42,buy,0.1,0.1,,,,,,,1748686476.672
1085,369662584,1748693626742,0,0.0955,0.09536543,45.92,BTC-25JUL25-100000-C,103907.16,buy,0.1,0.1,,,,,,,1748693626.742
1086,369665738,1748696828240,0,0.0975,0.09699883,46.14,BTC-25JUL25-100000-C,104199.88,sell,0.1,0.1,,,,,,,1748696828.24
1087,369674005,1748703350189,0,0.0985,0.09784437,45.94,BTC-25JUL25-100000-C,104470.32,buy,0.1,0.1,,,,,,,1748703350.189
1089,369682723,1748711409173,1,0.099,0.0981402,46.11,BTC-25JUL25-100000-C,104508.51,buy,0.9,0.9,,,,,,,1748711409.173
1088,369682722,1748711409173,0,0.099,0.0981402,46.11,BTC-25JUL25-100000-C,104508.51,buy,0.1,0.1,,,,,,,1748711409.173
1090,369682755,1748711419074,1,0.099,0.09823382,46.05,BTC-25JUL25-100000-C,104520.95,sell,1.0,1.0,,,,,,,1748711419.074
1091,369682756,1748711421843,1,0.099,0.09822981,46.06,BTC-25JUL25-100000-C,104518.83,sell,1.0,1.0,,,,,,,1748711421.843
1092,369682758,1748711424914,1,0.099,0.09822286,46.06,BTC-25JUL25-100000-C,104518.79,sell,1.0,1.0,,,,,,,1748711424.914
1093,369682836,1748711509371,1,0.099,0.09840143,45.95,BTC-25JUL25-100000-C,104537.5,sell,1.0,1.0,,,,,,,1748711509.371
1094,369684325,1748712689123,1,0.099,0.09880273,46.15,BTC-25JUL25-100000-C,104493.64,sell,0.4,0.4,,,,,,,1748712689.123
1095,369687188,1748713896122,1,0.099,0.09884542,46.24,BTC-25JUL25-100000-C,104465.95,sell,0.1,0.1,,,,,,,1748713896.122
1096,369687189,1748713896123,1,0.099,0.09884542,46.24,BTC-25JUL25-100000-C,104465.95,sell,0.5,0.5,,,,,,,1748713896.123
1097,369708017,1748741663195,2,0.0985,0.09827317,46.54,BTC-25JUL25-100000-C,104367.19,sell,0.3,0.3,,,,,,,1748741663.195
1098,369708026,1748741663598,3,0.0985,0.09827317,46.54,BTC-25JUL25-100000-C,104367.19,sell,0.7,0.7,,,,,,,1748741663.598
1099,369708196,1748741717391,2,0.098,0.0980438,46.34,BTC-25JUL25-100000-C,104325.44,sell,0.1,0.1,,,,,,,1748741717.391
1100,369708198,1748741717659,3,0.098,0.0980438,46.34,BTC-25JUL25-100000-C,104325.44,sell,0.1,0.1,,,,,,,1748741717.659
1101,369708544,1748741965273,3,0.098,0.09773804,46.57,BTC-25JUL25-100000-C,104259.25,sell,0.2,0.2,,,,,,,1748741965.273
1102,369708611,1748741993856,3,0.098,0.0977158,46.58,BTC-25JUL25-100000-C,104255.93,sell,0.1,0.1,,,,,,,1748741993.856
1103,369708758,1748742183759,3,0.098,0.09762173,46.65,BTC-25JUL25-100000-C,104240.81,sell,0.5,0.5,,,,,,,1748742183.759
1104,369731997,1748772183846,2,0.097,0.09682587,46.77,BTC-25JUL25-100000-C,104065.17,sell,0.2,0.2,,,,,,,1748772183.846
1105,369732005,1748772184610,3,0.097,0.09682568,46.78,BTC-25JUL25-100000-C,104054.82,sell,0.1,0.1,,,,,,,1748772184.61
1106,369732006,1748772184852,3,0.097,0.09682568,46.78,BTC-25JUL25-100000-C,104054.82,sell,0.2,0.2,,,,,,,1748772184.852
1107,369732013,1748772185851,3,0.097,0.09680483,46.82,BTC-25JUL25-100000-C,104045.95,sell,0.3,0.3,,,,,,,1748772185.851
1108,369732014,1748772186915,3,0.097,0.09674903,46.88,BTC-25JUL25-100000-C,104037.81,sell,0.3,0.3,,,,,,,1748772186.915
1109,369732025,1748772189981,3,0.097,0.09661306,46.92,BTC-25JUL25-100000-C,104028.98,sell,0.5,0.5,,,,,,,1748772189.981
1110,369732304,1748772264189,3,0.097,0.09662235,46.91,BTC-25JUL25-100000-C,104035.75,sell,0.4,0.4,,,,,,,1748772264.189
1111,369737784,1748782223040,2,0.096,0.09598942,46.79,BTC-25JUL25-100000-C,103940.56,buy,0.1,0.1,,,,,,,1748782223.04
1112,369737931,1748782644193,0,0.0965,0.09646422,46.83,BTC-25JUL25-100000-C,104005.86,buy,0.1,0.1,,,,,,,1748782644.193
1113,369737937,1748782673768,1,0.0965,0.09652736,46.79,BTC-25JUL25-100000-C,104015.48,buy,0.1,0.1,,,,,,,1748782673.768
1114,369738011,1748782994780,0,0.097,0.09656834,47.12,BTC-25JUL25-100000-C,104018.24,buy,0.1,0.1,,,,,,,1748782994.78
1115,369738056,1748783166694,1,0.097,0.09675516,46.99,BTC-25JUL25-100000-C,104046.93,buy,0.1,0.1,,,,,,,1748783166.694
1116,369739134,1748784443453,0,0.098,0.09823176,46.8,BTC-25JUL25-100000-C,104280.67,buy,0.1,0.1,,,,,,,1748784443.453
1117,369740489,1748786073701,0,0.0985,0.09913757,46.77,BTC-25JUL25-100000-C,104337.15,buy,0.1,0.1,,,,,,,1748786073.701
1118,369740523,1748786220363,1,0.0985,0.0991703,46.75,BTC-25JUL25-100000-C,104336.72,buy,0.1,0.1,,,,,,,1748786220.363
1119,369757338,1748795687950,0,0.102,0.10259752,46.02,BTC-25JUL25-100000-C,105166.59,buy,0.5,0.5,,,,,,,1748795687.95
1120,369757634,1748795820914,0,0.1025,0.10286455,46.14,BTC-25JUL25-100000-C,105220.15,buy,0.2,0.2,,,,,,,1748795820.914
1121,369757635,1748795820920,1,0.1025,0.10286455,46.14,BTC-25JUL25-100000-C,105220.15,buy,0.1,0.1,,,,,,,1748795820.92
1122,369757637,1748795821642,1,0.1025,0.10287665,46.15,BTC-25JUL25-100000-C,105220.53,buy,0.2,0.2,,,,,,,1748795821.642
1123,369770442,1748804139222,2,0.1005,0.09977714,46.88,BTC-25JUL25-100000-C,104677.21,buy,0.1,0.1,,,,,,,1748804139.222
1124,369820823,1748851514133,0,0.102,0.10178798,45.28,BTC-25JUL25-100000-C,105529.9,buy,1.0,1.0,,,,,,,1748851514.133
1125,369840638,1748862653784,2,0.0955,0.09538737,45.0,BTC-25JUL25-100000-C,104383.75,buy,0.1,0.1,,,,,,,1748862653.784
1126,369840817,1748862750898,0,0.0965,0.09605293,45.27,BTC-25JUL25-100000-C,104500.04,sell,0.5,0.5,,,,,,,1748862750.898
1127,369845968,1748865976691,2,0.093,0.09351284,44.51,BTC-25JUL25-100000-C,104063.63,sell,0.5,0.5,,,,,,,1748865976.691
1128,369847555,1748866929033,3,0.093,0.09246053,45.09,BTC-25JUL25-100000-C,103943.03,buy,0.1,0.1,,,,,,,1748866929.033
1129,369847556,1748866929035,3,0.093,0.09246053,45.09,BTC-25JUL25-100000-C,103943.03,sell,0.4,0.4,,,,,,,1748866929.035
1130,369848050,1748867313891,3,0.093,0.09320595,44.53,BTC-25JUL25-100000-C,104069.57,buy,0.1,0.1,,,,,,,1748867313.891
1131,369859030,1748871531950,0,0.0955,0.09508512,44.73,BTC-25JUL25-100000-C,104503.66,buy,0.1,0.1,,,,,,,1748871531.95
1132,369861619,1748872133748,2,0.0925,0.09227027,44.6,BTC-25JUL25-100000-C,103993.62,buy,0.1,0.1,,,,,,,1748872133.748
1133,369864480,1748872535135,2,0.0915,0.09100862,44.8,BTC-25JUL25-100000-C,103792.08,buy,0.1,0.1,,,,,,,1748872535.135
1134,369866730,1748872911226,0,0.092,0.09164351,44.69,BTC-25JUL25-100000-C,103880.06,buy,0.1,0.1,,,,,,,1748872911.226
1135,369878824,1748874897786,0,0.096,0.09571592,44.65,BTC-25JUL25-100000-C,104629.92,buy,0.1,0.1,,,,,,,1748874897.786
1136,369893511,1748880124327,2,0.094,0.0940674,44.2,BTC-25JUL25-100000-C,104399.3,sell,0.1,0.1,,,,,,,1748880124.327
1137,369902989,1748884669772,2,0.093,0.09266989,44.16,BTC-25JUL25-100000-C,104221.67,buy,0.1,0.1,,,,,,,1748884669.772
1138,369904806,1748886317474,3,0.093,0.09265745,44.14,BTC-25JUL25-100000-C,104246.36,buy,0.1,0.1,,,,,,,1748886317.474
1139,369905202,1748886871016,0,0.0935,0.09324565,44.07,BTC-25JUL25-100000-C,104346.24,buy,0.1,0.1,,,,,,,1748886871.016
1140,369906431,1748887947983,0,0.094,0.09387009,44.09,BTC-25JUL25-100000-C,104438.08,buy,0.1,0.1,,,,,,,1748887947.983
1141,369906802,1748888299461,1,0.094,0.09371844,44.21,BTC-25JUL25-100000-C,104413.47,buy,0.1,0.1,,,,,,,1748888299.461
1142,369907276,1748888624102,0,0.095,0.09490592,44.09,BTC-25JUL25-100000-C,104619.71,buy,0.1,0.1,,,,,,,1748888624.102
1143,369914639,1748893629551,2,0.0925,0.09214452,44.19,BTC-25JUL25-100000-C,104165.04,buy,0.1,0.1,,,,,,,1748893629.551
1144,369916982,1748894999182,0,0.0955,0.09532338,43.99,BTC-25JUL25-100000-C,104749.76,buy,0.1,0.1,,,,,,,1748894999.182
1145,369918621,1748895329240,0,0.0965,0.09636077,44.03,BTC-25JUL25-100000-C,104937.41,buy,0.1,0.1,,,,,,,1748895329.24
1146,369933510,1748904301943,0,0.1,0.09988208,43.94,BTC-25JUL25-100000-C,105559.36,buy,0.1,0.1,,,,,,,1748904301.943
1147,369995153,1748958062125,2,0.099,0.09862136,44.16,BTC-25JUL25-100000-C,105459.49,buy,0.1,0.1,,,,,,,1748958062.125
1148,369996869,1748958477416,0,0.0995,0.09902772,44.2,BTC-25JUL25-100000-C,105559.42,buy,0.1,0.1,,,,,,,1748958477.416
1149,370002282,1748961170365,0,0.102,0.10150944,44.24,BTC-25JUL25-100000-C,106003.06,buy,0.1,0.1,,,,,,,1748961170.365
1150,370002283,1748961170368,1,0.102,0.10150944,44.24,BTC-25JUL25-100000-C,106003.06,sell,0.9,0.9,,,,,,,1748961170.368
1151,370003533,1748961680264,0,0.1025,0.10219397,44.06,BTC-25JUL25-100000-C,106112.16,buy,0.1,0.1,,,,,,,1748961680.264
1152,370030032,1748974105929,2,0.1,0.10003667,43.73,BTC-25JUL25-100000-C,105815.56,buy,0.1,0.1,,,,,,,1748974105.929
1153,370077135,1749026008125,2,0.097,0.09719314,43.02,BTC-25JUL25-100000-C,105555.17,sell,0.5,0.5,,,,,,,1749026008.125
1154,370137349,1749060438388,2,0.0945,0.09446668,42.5,BTC-25JUL25-100000-C,105322.13,sell,0.1,0.1,,,,,,,1749060438.388
1155,370137354,1749060439010,3,0.0945,0.0944378,42.57,BTC-25JUL25-100000-C,105312.43,sell,0.9,0.9,,,,,,,1749060439.01
1156,370137926,1749061343713,2,0.094,0.09395638,42.37,BTC-25JUL25-100000-C,105269.26,buy,0.1,0.1,,,,,,,1749061343.713
1157,370140810,1749065826519,2,0.093,0.09267726,42.75,BTC-25JUL25-100000-C,105003.88,buy,0.1,0.1,,,,,,,1749065826.519
1158,370147255,1749071115742,2,0.09,0.09028921,42.38,BTC-25JUL25-100000-C,104605.18,buy,1.0,1.0,,,,,,,1749071115.742
1159,370147261,1749071142014,0,0.091,0.09030165,43.11,BTC-25JUL25-100000-C,104603.93,sell,0.1,0.1,,,,,,,1749071142.014
1160,370147303,1749071171889,1,0.091,0.09040897,43.04,BTC-25JUL25-100000-C,104619.49,sell,0.2,0.2,,,,,,,1749071171.889
1161,370147304,1749071171889,1,0.091,0.09040897,43.04,BTC-25JUL25-100000-C,104619.49,sell,0.7,0.7,,,,,,,1749071171.889
1162,370147318,1749071188971,1,0.091,0.09038197,43.07,BTC-25JUL25-100000-C,104612.71,sell,1.0,1.0,,,,,,,1749071188.971
1163,370154231,1749084061654,0,0.0925,0.09237474,42.73,BTC-25JUL25-100000-C,104945.82,sell,0.1,0.1,,,,,,,1749084061.654
1164,370154232,1749084061678,1,0.0925,0.09237474,42.73,BTC-25JUL25-100000-C,104945.82,sell,0.1,0.1,,,,,,,1749084061.678
1165,370154236,1749084061735,1,0.0925,0.09237474,42.73,BTC-25JUL25-100000-C,104945.82,sell,0.8,0.8,,,,,,,1749084061.735
1166,370156924,1749089094011,2,0.091,0.09212145,41.73,BTC-25JUL25-100000-C,104927.54,sell,0.5,0.5,,,,,,,1749089094.011
1167,370157013,1749089309387,0,0.0925,0.09210017,42.86,BTC-25JUL25-100000-C,104932.72,buy,200.0,200.0,,BTC-CDIAG-25JUL25_13JUN25-100000_104000,2.0,BLOCK-203175,,5442.0,1749089309.387
1168,370166992,1749104225926,2,0.0905,0.09036239,42.5,BTC-25JUL25-100000-C,104649.16,sell,1.0,1.0,,,,,,,1749104225.926
1169,370167026,1749104263241,3,0.0905,0.09046393,42.46,BTC-25JUL25-100000-C,104654.39,sell,1.0,1.0,,,,,,,1749104263.241
1170,370167681,1749104641053,2,0.09,0.09005997,42.45,BTC-25JUL25-100000-C,104585.89,sell,0.5,0.5,,,,,,,1749104641.053
1171,370167682,1749104641069,3,0.09,0.09005997,42.45,BTC-25JUL25-100000-C,104585.89,sell,0.5,0.5,,,,,,,1749104641.069
1172,370168268,1749104843628,0,0.091,0.09103423,42.49,BTC-25JUL25-100000-C,104736.94,sell,1.0,1.0,,,,,,,1749104843.628
1173,370168759,1749105310614,2,0.09,0.0900971,42.49,BTC-25JUL25-100000-C,104571.92,sell,1.0,1.0,,,,,,,1749105310.614
1174,370196610,1749128535366,0,0.0965,0.0964287,42.37,BTC-25JUL25-100000-C,105800.24,buy,0.2,0.2,,,,,,,1749128535.366
1175,370196647,1749128535585,1,0.0965,0.0964287,42.37,BTC-25JUL25-100000-C,105800.24,buy,0.2,0.2,,,,,,,1749128535.585
1176,370196649,1749128535616,1,0.0965,0.0964287,42.37,BTC-25JUL25-100000-C,105800.24,buy,0.1,0.1,,,,,,,1749128535.616
1177,370245710,1749143144963,2,0.0845,0.08384935,43.03,BTC-25JUL25-100000-C,103468.35,sell,1.0,1.0,,,,,,,1749143144.963
1178,370253388,1749146799355,2,0.083,0.0822061,43.05,BTC-25JUL25-100000-C,103191.76,buy,1.0,1.0,,,,,,,1749146799.355
1179,370256705,1749147206244,2,0.08,0.08147723,41.66,BTC-25JUL25-100000-C,103013.14,sell,0.1,0.1,,,,,,,1749147206.244
1180,370258994,1749147304255,0,0.0805,0.07945357,43.06,BTC-25JUL25-100000-C,102744.79,buy,1.0,1.0,,,,,,,1749147304.255
1181,370274428,1749151103995,2,0.075,0.07568119,41.85,BTC-25JUL25-100000-C,102007.23,sell,0.1,0.1,,,,,,,1749151103.995
1182,370274434,1749151104046,3,0.075,0.07568119,41.85,BTC-25JUL25-100000-C,102007.23,sell,0.5,0.5,,,,,,,1749151104.046
1183,370278927,1749151338876,0,0.076,0.07491077,43.16,BTC-25JUL25-100000-C,101827.78,buy,1.0,1.0,,,,,,,1749151338.876
1185,370297186,1749154702758,3,0.0735,0.07361519,42.67,BTC-25JUL25-100000-C,101456.73,sell,0.6,0.6,,,,,,,1749154702.758
1184,370297185,1749154702758,2,0.0735,0.07361519,42.67,BTC-25JUL25-100000-C,101456.73,sell,0.6,0.6,,,,,,,1749154702.758
1186,370298311,1749154801234,2,0.0725,0.07240313,42.81,BTC-25JUL25-100000-C,101236.0,sell,0.6,0.6,,,,,,,1749154801.234
1187,370305235,1749156084761,2,0.072,0.07204055,42.78,BTC-25JUL25-100000-C,101142.3,sell,0.2,0.2,,,,,,,1749156084.761
1188,370306854,1749156250759,2,0.0705,0.07054957,42.85,BTC-25JUL25-100000-C,100817.0,sell,0.1,0.1,,,,,,,1749156250.759
1189,370312063,1749156945688,2,0.07,0.0698928,43.18,BTC-25JUL25-100000-C,100643.57,sell,0.1,0.1,,,,,,,1749156945.688
1190,370322893,1749158523193,0,0.0715,0.07043882,43.76,BTC-25JUL25-100000-C,100838.0,buy,0.1,0.1,,,,,,,1749158523.193
1191,370365771,1749183774139,0,0.077,0.07686696,41.85,BTC-25JUL25-100000-C,102492.43,sell,1.0,1.0,,,,,,,1749183774.139
1192,370367778,1749185319255,0,0.079,0.07884081,42.01,BTC-25JUL25-100000-C,102831.33,sell,1.0,1.0,,,,,,,1749185319.255
1193,370372705,1749190058313,0,0.0795,0.07960077,41.77,BTC-25JUL25-100000-C,102979.63,sell,1.0,1.0,,,,,,,1749190058.313
1194,370373883,1749190405899,0,0.0805,0.08056445,41.8,BTC-25JUL25-100000-C,103164.65,sell,1.0,1.0,,,,,,,1749190405.899
1195,370383837,1749195472677,0,0.081,0.08127421,42.14,BTC-25JUL25-100000-C,103132.91,buy,1.0,1.0,,,,,,,1749195472.677
1196,370384124,1749195589316,1,0.081,0.08118703,42.19,BTC-25JUL25-100000-C,103121.61,buy,1.0,1.0,,,,,,,1749195589.316
1197,370386606,1749196334528,1,0.081,0.08141193,41.96,BTC-25JUL25-100000-C,103209.51,buy,1.0,1.0,,,,,,,1749196334.528
1198,370407766,1749211561306,0,0.0855,0.08571584,42.06,BTC-25JUL25-100000-C,104043.32,buy,0.2,0.2,,,,,,,1749211561.306
1199,370407940,1749211810760,0,0.086,0.08580086,42.37,BTC-25JUL25-100000-C,104053.53,buy,0.2,0.2,,,,,,,1749211810.76
1200,370407941,1749211810766,1,0.086,0.08580086,42.37,BTC-25JUL25-100000-C,104053.53,buy,0.2,0.2,,,,,,,1749211810.766
1201,370407951,1749211812211,1,0.086,0.08579954,42.36,BTC-25JUL25-100000-C,104059.66,buy,0.1,0.1,,,,,,,1749211812.211
1202,370417543,1749216625594,2,0.085,0.08514067,41.78,BTC-25JUL25-100000-C,104002.4,sell,1.0,1.0,,,,,,,1749216625.594
1203,370417751,1749216725351,3,0.085,0.08515671,41.8,BTC-25JUL25-100000-C,104000.05,sell,1.0,1.0,,,,,,,1749216725.351
1204,370418321,1749217040419,0,0.086,0.08611348,41.8,BTC-25JUL25-100000-C,104182.42,sell,1.0,1.0,,,,,,,1749217040.419
1205,370443951,1749226162920,0,0.0915,0.09096553,42.13,BTC-25JUL25-100000-C,105127.74,sell,0.4,0.4,,,,,,,1749226162.92
1206,370469692,1749255932245,2,0.0855,0.08524472,41.46,BTC-25JUL25-100000-C,104248.38,buy,0.1,0.1,,,,,,,1749255932.245
1207,370506829,1749308971584,0,0.093,0.09307578,42.1,BTC-25JUL25-100000-C,105555.01,sell,1.0,1.0,,,,,,,1749308971.584
1208,370507262,1749309547566,1,0.093,0.09307063,42.09,BTC-25JUL25-100000-C,105550.88,sell,1.0,1.0,,,,,,,1749309547.566
1209,370507295,1749309578509,1,0.093,0.09319261,42.02,BTC-25JUL25-100000-C,105559.13,sell,1.0,1.0,,,,,,,1749309578.509
1210,370507371,1749309752466,1,0.093,0.09308858,42.1,BTC-25JUL25-100000-C,105546.97,sell,1.0,1.0,,,,,,,1749309752.466
1211,370509010,1749313696297,1,0.093,0.09319169,42.07,BTC-25JUL25-100000-C,105575.93,sell,0.3,0.3,,,,,,,1749313696.297
1212,370509678,1749314735588,2,0.092,0.09218467,42.1,BTC-25JUL25-100000-C,105412.26,sell,1.0,1.0,,,,,,,1749314735.588
1213,370509679,1749314735588,3,0.092,0.09218467,42.1,BTC-25JUL25-100000-C,105412.26,sell,0.7,0.7,,,,,,,1749314735.588
1214,370558865,1749397831135,0,0.095,0.09527382,41.96,BTC-25JUL25-100000-C,106030.14,buy,1.0,1.0,,,,,,,1749397831.135
1215,370561168,1749400014842,0,0.096,0.0959219,42.13,BTC-25JUL25-100000-C,106172.99,sell,0.1,0.1,,,,,,,1749400014.842
1216,370561170,1749400015983,1,0.096,0.09592115,42.14,BTC-25JUL25-100000-C,106170.49,sell,0.4,0.4,,,,,,,1749400015.983
1217,370561885,1749400912349,0,0.0965,0.09639829,42.16,BTC-25JUL25-100000-C,106263.87,sell,0.1,0.1,,,,,,,1749400912.349
1218,370561889,1749400913562,1,0.0965,0.09640017,42.18,BTC-25JUL25-100000-C,106263.36,sell,0.9,0.9,,,,,,,1749400913.562
1219,370574009,1749421539350,2,0.0955,0.09551159,42.58,BTC-25JUL25-100000-C,106033.84,sell,0.1,0.1,,,,,,,1749421539.35
1220,370574018,1749421543956,3,0.0955,0.09540138,42.72,BTC-25JUL25-100000-C,106007.1,sell,0.2,0.2,,,,,,,1749421543.956
1221,370574023,1749421544094,3,0.0955,0.09528844,42.71,BTC-25JUL25-100000-C,106007.47,sell,0.7,0.7,,,,,,,1749421544.094
1222,370640433,1749476568843,0,0.103,0.1024585,42.55,BTC-25JUL25-100000-C,107431.37,buy,0.2,0.2,,,,,,,1749476568.843
1223,370640434,1749476568865,1,0.103,0.1024585,42.55,BTC-25JUL25-100000-C,107431.37,buy,0.1,0.1,,,,,,,1749476568.865
1224,370640446,1749476571407,1,0.103,0.10249134,42.42,BTC-25JUL25-100000-C,107486.18,buy,0.2,0.2,,,,,,,1749476571.407
1225,370640451,1749476573823,1,0.103,0.10286323,42.21,BTC-25JUL25-100000-C,107497.87,buy,0.2,0.2,,,,,,,1749476573.823
1226,370640452,1749476573829,1,0.103,0.10286323,42.21,BTC-25JUL25-100000-C,107497.87,buy,0.2,0.2,,,,,,,1749476573.829
1227,370640453,1749476573835,1,0.103,0.10286323,42.21,BTC-25JUL25-100000-C,107497.87,buy,0.1,0.1,,,,,,,1749476573.835
1228,370692452,1749499604621,0,0.11,0.10991726,42.24,BTC-25JUL25-100000-C,108735.51,buy,0.1,0.1,,,,,,,1749499604.621
1229,370692483,1749499618200,1,0.11,0.11003509,42.15,BTC-25JUL25-100000-C,108751.8,buy,0.1,0.1,,,,,,,1749499618.2
1230,370692505,1749499630489,1,0.11,0.1100499,42.19,BTC-25JUL25-100000-C,108746.38,buy,0.1,0.1,,,,,,,1749499630.489
1231,370742900,1749517925831,0,0.12,0.1171549,45.36,BTC-25JUL25-100000-C,109849.92,buy,0.1,0.1,,,,,,,1749517925.831
1232,370940026,1749663930533,2,0.1129,0.11301251,42.72,BTC-25JUL25-100000-C,109265.16,buy,1.0,1.0,370940024,BTC-CDIAG-25JUL25_20JUN25-100000_98000,,,,,1749663930.533
1233,371006433,1749711960934,2,0.103,0.10311001,41.62,BTC-25JUL25-100000-C,107913.97,sell,0.3,0.3,,,,,,,1749711960.934
1234,371006434,1749711960938,3,0.103,0.10311001,41.62,BTC-25JUL25-100000-C,107913.97,sell,0.2,0.2,,,,,,,1749711960.938
1235,371020740,1749722051601,2,0.101,0.10115258,41.69,BTC-25JUL25-100000-C,107580.25,sell,0.2,0.2,,,,,,,1749722051.601
1236,371021843,1749723132241,2,0.1,0.09998611,41.82,BTC-25JUL25-100000-C,107392.44,sell,0.1,0.1,,,,,,,1749723132.241
1237,371031736,1749727691121,2,0.098,0.0980521,41.73,BTC-25JUL25-100000-C,107083.62,sell,0.1,0.1,,,,,,,1749727691.121
1238,371048496,1749734997744,2,0.0965,0.09655681,41.57,BTC-25JUL25-100000-C,106847.26,sell,0.5,0.5,,,,,,,1749734997.744
1239,371048519,1749735001338,3,0.0965,0.09651845,41.58,BTC-25JUL25-100000-C,106848.68,sell,0.9,0.9,,,,,,,1749735001.338
1240,371087915,1749754654377,0,0.1,0.10050428,40.94,BTC-25JUL25-100000-C,107556.36,buy,0.4,0.4,,,,,,,1749754654.377
1241,371087916,1749754656916,1,0.1,0.10043892,40.99,BTC-25JUL25-100000-C,107549.27,buy,0.1,0.1,,,,,,,1749754656.916
1242,371087917,1749754657087,1,0.1,0.10043892,40.99,BTC-25JUL25-100000-C,107549.27,buy,0.1,0.1,,,,,,,1749754657.087
1243,371087918,1749754657093,1,0.1,0.10043892,40.99,BTC-25JUL25-100000-C,107549.27,buy,0.3,0.3,,,,,,,1749754657.093
1244,371087919,1749754666904,1,0.1,0.10046339,40.93,BTC-25JUL25-100000-C,107563.69,buy,0.1,0.1,,,,,,,1749754666.904
1245,371095398,1749758181625,2,0.095,0.09518003,40.8,BTC-25JUL25-100000-C,106772.64,sell,0.1,0.1,,,,,,,1749758181.625
1246,371229142,1749779047332,2,0.079,0.07855311,43.49,BTC-25JUL25-100000-C,103410.02,buy,0.1,0.1,,,,,,,1749779047.332
1247,371244592,1749782831874,2,0.078,0.07762865,43.03,BTC-25JUL25-100000-C,103378.1,buy,0.1,0.1,,,,,,,1749782831.874
1248,371246451,1749783397247,0,0.079,0.07875427,43.0,BTC-25JUL25-100000-C,103573.03,buy,0.1,0.1,,,,,,,1749783397.247
1249,371255981,1749786839224,0,0.0815,0.08111774,42.54,BTC-25JUL25-100000-C,104163.37,buy,0.1,0.1,,,,,,,1749786839.224
1250,371274715,1749793578186,1,0.0815,0.08106326,41.59,BTC-25JUL25-100000-C,104306.19,buy,0.1,0.1,,,,,,,1749793578.186
1251,371276373,1749794358880,2,0.0805,0.08023637,41.55,BTC-25JUL25-100000-C,104117.34,buy,0.1,0.1,,,,,,,1749794358.88
1252,371277248,1749794736894,0,0.081,0.08070857,41.77,BTC-25JUL25-100000-C,104158.15,buy,0.1,0.1,,,,,,,1749794736.894
1253,371278193,1749795062819,1,0.081,0.0809797,41.65,BTC-25JUL25-100000-C,104182.12,buy,0.1,0.1,,,,,,,1749795062.819
1254,371278754,1749795401503,2,0.0805,0.080374,41.69,BTC-25JUL25-100000-C,104090.22,buy,0.1,0.1,,,,,,,1749795401.503
1255,371282233,1749797367046,0,0.081,0.08042307,41.83,BTC-25JUL25-100000-C,104135.17,buy,0.1,0.1,,,,,,,1749797367.046
1256,371321987,1749806904134,0,0.0835,0.0831084,41.73,BTC-25JUL25-100000-C,104697.16,buy,0.1,0.1,,,,,,,1749806904.134
1257,371322955,1749807229378,0,0.084,0.0835824,42.16,BTC-25JUL25-100000-C,104714.36,buy,0.1,0.1,,,,,,,1749807229.378
1258,371326163,1749808735541,0,0.085,0.0846957,42.29,BTC-25JUL25-100000-C,104873.87,buy,0.1,0.1,,,,,,,1749808735.541
1259,371333568,1749812309413,2,0.0845,0.08439797,41.63,BTC-25JUL25-100000-C,104904.36,buy,0.1,0.1,,,,,,,1749812309.413
1260,371338653,1749815081199,3,0.0845,0.08438146,41.64,BTC-25JUL25-100000-C,104917.88,buy,0.1,0.1,,,,,,,1749815081.199
1261,371339376,1749815665103,0,0.085,0.0845868,41.87,BTC-25JUL25-100000-C,104962.9,buy,0.1,0.1,,,,,,,1749815665.103
1262,371372013,1749827059556,2,0.0845,0.08433748,41.89,BTC-25JUL25-100000-C,104915.56,buy,0.1,0.1,,,,,,,1749827059.556
1263,371402009,1749840431694,0,0.0855,0.08500946,42.11,BTC-25JUL25-100000-C,105085.09,buy,0.1,0.1,,,,,,,1749840431.694
1264,371766614,1750149157275,0,0.0925,0.09300573,41.16,BTC-25JUL25-100000-C,106830.32,buy,2.0,2.0,,,,,,,1750149157.275
1265,371807731,1750170134145,2,0.0855,0.08480587,41.93,BTC-25JUL25-100000-C,105474.09,buy,1.0,1.0,,,,,,,1750170134.145
1266,371815398,1750172578652,2,0.0815,0.08104929,41.66,BTC-25JUL25-100000-C,104807.26,buy,0.1,0.1,,,,,,,1750172578.652
1267,371819447,1750173280675,3,0.0815,0.08116554,41.76,BTC-25JUL25-100000-C,104786.04,buy,0.1,0.1,,,,,,,1750173280.675
1268,371823328,1750174042292,2,0.0795,0.07913267,41.72,BTC-25JUL25-100000-C,104447.81,buy,0.1,0.1,,,,,,,1750174042.292
1269,371829060,1750175058872,0,0.08,0.07965779,41.7,BTC-25JUL25-100000-C,104571.63,buy,0.1,0.1,,,,,,,1750175058.872
1270,371834706,1750176370824,2,0.0785,0.07791354,41.88,BTC-25JUL25-100000-C,104293.29,buy,0.1,0.1,,,,,,,1750176370.824
1271,371838304,1750177029787,2,0.078,0.07753832,41.88,BTC-25JUL25-100000-C,104199.19,buy,0.1,0.1,,,,,,,1750177029.787
1272,371860772,1750180193378,2,0.0755,0.07524837,42.41,BTC-25JUL25-100000-C,103636.89,buy,0.1,0.1,,,,,,,1750180193.378
1273,371863500,1750180666633,3,0.0755,0.07528965,42.42,BTC-25JUL25-100000-C,103641.61,buy,0.1,0.1,,,,,,,1750180666.633
1274,371868636,1750181783356,0,0.078,0.07768123,42.45,BTC-25JUL25-100000-C,104058.54,buy,0.1,0.1,,,,,,,1750181783.356
1275,371947370,1750236184476,0,0.08,0.07974127,41.25,BTC-25JUL25-100000-C,104808.44,sell,1.0,1.0,,,,,,,1750236184.476
1276,371955220,1750241291445,2,0.0775,0.07846374,40.02,BTC-25JUL25-100000-C,104599.43,sell,0.1,0.1,,,,,,,1750241291.445
1277,371961914,1750244968987,0,0.078,0.07752656,41.6,BTC-25JUL25-100000-C,104392.11,buy,0.1,0.1,,,,,,,1750244968.987
1278,371961915,1750244968989,1,0.078,0.07752656,41.6,BTC-25JUL25-100000-C,104392.11,sell,0.9,0.9,,,,,,,1750244968.989
1279,371979271,1750253484972,2,0.0755,0.07476564,41.81,BTC-25JUL25-100000-C,103938.08,buy,0.1,0.1,,,,,,,1750253484.972
1280,371992230,1750255679236,0,0.08,0.07996268,41.33,BTC-25JUL25-100000-C,104796.73,buy,0.1,0.1,,,,,,,1750255679.236
1281,371995899,1750256180125,0,0.0805,0.0803628,41.3,BTC-25JUL25-100000-C,104916.76,buy,0.1,0.1,,,,,,,1750256180.125
1282,372027633,1750269601342,2,0.0765,0.07608967,40.67,BTC-25JUL25-100000-C,104346.77,buy,0.1,0.1,,,,,,,1750269601.342
1283,372032074,1750270428093,2,0.075,0.07491213,40.31,BTC-25JUL25-100000-C,104146.2,buy,0.1,0.1,,,,,,,1750270428.093
1284,372036814,1750272456199,0,0.077,0.07714977,40.13,BTC-25JUL25-100000-C,104517.56,sell,0.3,0.3,,,,,,,1750272456.199
1285,372036817,1750272456705,1,0.077,0.07714944,40.18,BTC-25JUL25-100000-C,104504.36,sell,0.4,0.4,,,,,,,1750272456.705
1286,372036822,1750272456963,1,0.077,0.07714944,40.18,BTC-25JUL25-100000-C,104504.36,sell,0.1,0.1,,,,,,,1750272456.963
1287,372036824,1750272456968,1,0.077,0.07714944,40.18,BTC-25JUL25-100000-C,104504.36,sell,0.2,0.2,,,,,,,1750272456.968
1288,372135183,1750340926875,2,0.0755,0.07553647,40.58,BTC-25JUL25-100000-C,104398.34,sell,0.1,0.1,,,,,,,1750340926.875
1289,372139813,1750343182233,0,0.077,0.07735322,40.39,BTC-25JUL25-100000-C,104690.12,buy,0.2,0.2,,,,,,,1750343182.233
1291,372151491,1750349104052,3,0.075,0.07479068,40.83,BTC-25JUL25-100000-C,104280.55,buy,0.9,0.9,,,,,,,1750349104.052
1290,372151490,1750349104052,2,0.075,0.07479068,40.83,BTC-25JUL25-100000-C,104280.55,buy,0.1,0.1,,,,,,,1750349104.052
1292,372175295,1750366523257,2,0.0745,0.07425897,40.47,BTC-25JUL25-100000-C,104290.63,buy,0.1,0.1,,,,,,,1750366523.257
1293,372175474,1750366823291,3,0.0745,0.07437858,40.46,BTC-25JUL25-100000-C,104283.46,buy,0.1,0.1,,,,,,,1750366823.291
1294,372175775,1750367123356,3,0.0745,0.07448113,40.47,BTC-25JUL25-100000-C,104283.59,buy,0.1,0.1,,,,,,,1750367123.356
1295,372177358,1750368847814,2,0.074,0.07432187,40.1,BTC-25JUL25-100000-C,104277.31,buy,0.3,0.3,,,,,,,1750368847.814
1296,372177392,1750368903986,3,0.074,0.07441825,39.99,BTC-25JUL25-100000-C,104282.7,buy,0.7,0.7,,,,,,,1750368903.986
1297,372178268,1750369465126,0,0.075,0.07513855,40.34,BTC-25JUL25-100000-C,104360.42,buy,0.1,0.1,,,,,,,1750369465.126
1298,372179030,1750370445283,0,0.0755,0.07545033,40.39,BTC-25JUL25-100000-C,104447.53,buy,0.2,0.2,,,,,,,1750370445.283
1299,372179044,1750370445298,1,0.0755,0.07558598,40.34,BTC-25JUL25-100000-C,104451.85,buy,0.1,0.1,,,,,,,1750370445.298
1300,372179059,1750370445648,1,0.0755,0.07558598,40.34,BTC-25JUL25-100000-C,104451.85,buy,0.1,0.1,,,,,,,1750370445.648
1301,372179060,1750370445654,1,0.0755,0.07558598,40.34,BTC-25JUL25-100000-C,104451.85,buy,0.5,0.5,,,,,,,1750370445.654
1302,372179061,1750370445658,1,0.0755,0.07558598,40.34,BTC-25JUL25-100000-C,104451.85,buy,0.1,0.1,,,,,,,1750370445.658
1303,372181793,1750372564600,0,0.0765,0.07659588,40.25,BTC-25JUL25-100000-C,104647.81,buy,0.2,0.2,,,,,,,1750372564.6
1304,372181794,1750372564608,1,0.0765,0.07659588,40.25,BTC-25JUL25-100000-C,104647.81,buy,0.1,0.1,,,,,,,1750372564.608
1305,372181795,1750372564614,1,0.0765,0.07659588,40.25,BTC-25JUL25-100000-C,104647.81,buy,0.1,0.1,,,,,,,1750372564.614
1306,372181803,1750372564760,1,0.0765,0.07659588,40.25,BTC-25JUL25-100000-C,104647.81,buy,0.6,0.6,,,,,,,1750372564.76
1307,372185035,1750374841576,0,0.077,0.07712148,40.16,BTC-25JUL25-100000-C,104743.0,buy,1.0,1.0,,,,,,,1750374841.576
1308,372262073,1750417425518,0,0.084,0.08422943,40.47,BTC-25JUL25-100000-C,105986.9,buy,1.0,1.0,,,,,,,1750417425.518
1309,372267548,1750421225176,1,0.084,0.08438571,40.22,BTC-25JUL25-100000-C,105994.82,buy,0.4,0.4,,,,,,,1750421225.176
1310,372267627,1750421276375,2,0.0835,0.08415633,39.99,BTC-25JUL25-100000-C,105958.98,buy,0.6,0.6,,,,,,,1750421276.375
1311,372278478,1750427322795,2,0.082,0.08231718,40.36,BTC-25JUL25-100000-C,105617.69,sell,0.1,0.1,,,,,,,1750427322.795
1312,372292716,1750430988424,2,0.076,0.07626674,39.84,BTC-25JUL25-100000-C,104694.03,sell,0.1,0.1,,,,,,,1750430988.424
1313,372297647,1750431262591,2,0.073,0.07341806,39.67,BTC-25JUL25-100000-C,104216.91,buy,1.0,1.0,,,,,,,1750431262.591
1314,372307034,1750432810858,3,0.073,0.07392047,39.27,BTC-25JUL25-100000-C,104306.56,sell,0.6,0.6,,,,,,,1750432810.858
1315,372309752,1750433385555,3,0.073,0.07331409,39.23,BTC-25JUL25-100000-C,104341.95,sell,1.0,1.0,,,,,,,1750433385.555
1316,372310684,1750433478802,2,0.0725,0.07269373,39.09,BTC-25JUL25-100000-C,104287.54,buy,0.1,0.1,,,,,,,1750433478.802
1317,372311830,1750433685023,2,0.072,0.07216156,39.01,BTC-25JUL25-100000-C,104201.78,sell,0.5,0.5,,,,,,,1750433685.023
1318,372316194,1750435425222,3,0.072,0.07213142,39.02,BTC-25JUL25-100000-C,104184.37,buy,0.1,0.1,,,,,,,1750435425.222
1319,372316908,1750435742361,2,0.0715,0.0717984,39.0,BTC-25JUL25-100000-C,104095.38,buy,0.1,0.1,,,,,,,1750435742.361
1320,372323308,1750437799951,2,0.071,0.07061294,40.3,BTC-25JUL25-100000-C,103836.12,buy,0.1,0.1,,,,,,,1750437799.951
1321,372325333,1750438245800,2,0.07,0.06995275,40.18,BTC-25JUL25-100000-C,103675.88,sell,0.1,0.1,,,,,,,1750438245.8
1322,372327185,1750438750842,0,0.0705,0.0702443,40.59,BTC-25JUL25-100000-C,103709.08,buy,0.1,0.1,,,,,,,1750438750.842
1323,372327268,1750438773806,0,0.071,0.07041469,40.91,BTC-25JUL25-100000-C,103724.28,buy,0.5,0.5,,,,,,,1750438773.806
1324,372327916,1750439065883,2,0.0705,0.07026961,40.62,BTC-25JUL25-100000-C,103690.12,buy,0.1,0.1,,,,,,,1750439065.883
1325,372335198,1750440183573,2,0.066,0.066264,40.49,BTC-25JUL25-100000-C,102869.41,sell,0.1,0.1,,,,,,,1750440183.573
1326,372338957,1750440906965,2,0.0655,0.06558577,40.93,BTC-25JUL25-100000-C,102692.2,buy,0.1,0.1,,,,,,,1750440906.965
1327,372338958,1750440906965,0,0.066,0.06558577,41.36,BTC-25JUL25-100000-C,102692.2,buy,0.1,0.1,,,,,,,1750440906.965
1329,372339534,1750441015875,3,0.065,0.06511738,40.87,BTC-25JUL25-100000-C,102608.97,sell,0.1,0.1,,,,,,,1750441015.875
1328,372339533,1750441015875,2,0.065,0.06511738,40.87,BTC-25JUL25-100000-C,102608.97,sell,0.3,0.3,,,,,,,1750441015.875
1330,372342045,1750441283514,3,0.065,0.06451586,41.33,BTC-25JUL25-100000-C,102525.01,buy,0.1,0.1,,,,,,,1750441283.514
1331,372344062,1750442015508,0,0.0665,0.06636608,41.25,BTC-25JUL25-100000-C,102792.87,buy,0.1,0.1,,,,,,,1750442015.508
1332,372346730,1750443019314,0,0.069,0.06854849,41.46,BTC-25JUL25-100000-C,103214.99,buy,0.1,0.1,,,,,,,1750443019.314
1333,372346731,1750443019316,1,0.069,0.06854849,41.46,BTC-25JUL25-100000-C,103214.99,sell,0.9,0.9,,,,,,,1750443019.316
1334,372360654,1750451542689,0,0.07,0.06999606,40.31,BTC-25JUL25-100000-C,103664.72,buy,0.2,0.2,,,,,,,1750451542.689
1335,372360672,1750451543928,1,0.07,0.06999576,40.32,BTC-25JUL25-100000-C,103663.01,buy,0.2,0.2,,,,,,,1750451543.928
1336,372360674,1750451543936,1,0.07,0.06999576,40.32,BTC-25JUL25-100000-C,103663.01,buy,0.1,0.1,,,,,,,1750451543.936
1337,372369401,1750459658808,2,0.067,0.06614698,40.89,BTC-25JUL25-100000-C,103011.55,buy,0.5,0.5,,,,,,,1750459658.808
1338,372408919,1750500002641,0,0.0705,0.07015378,40.07,BTC-25JUL25-100000-C,103876.93,buy,0.1,0.1,,,,,,,1750500002.641
1339,372409991,1750500960284,1,0.0705,0.0702443,39.91,BTC-25JUL25-100000-C,103895.87,buy,0.1,0.1,,,,,,,1750500960.284
1340,372410891,1750502002350,1,0.0705,0.07071914,39.45,BTC-25JUL25-100000-C,103989.96,buy,0.5,0.5,,,,,,,1750502002.35
1341,372412856,1750504005048,2,0.0695,0.06949289,39.54,BTC-25JUL25-100000-C,103774.08,buy,0.1,0.1,,,,,,,1750504005.048
1342,372413377,1750504892051,0,0.07,0.06992426,39.58,BTC-25JUL25-100000-C,103858.14,buy,0.1,0.1,,,,,,,1750504892.051
1343,372413995,1750505851399,0,0.0705,0.07010566,39.88,BTC-25JUL25-100000-C,103891.73,buy,0.1,0.1,,,,,,,1750505851.399
1344,372421880,1750515036329,2,0.0685,0.06845433,39.69,BTC-25JUL25-100000-C,103596.84,sell,0.2,0.2,,,,,,,1750515036.329
1345,372425621,1750517913102,3,0.0685,0.06775966,40.18,BTC-25JUL25-100000-C,103530.33,buy,0.1,0.1,,,,,,,1750517913.102
1346,372425622,1750517913104,3,0.0685,0.06775966,40.18,BTC-25JUL25-100000-C,103530.33,sell,0.4,0.4,,,,,,,1750517913.104
1347,372435889,1750527981567,2,0.066,0.06631954,39.25,BTC-25JUL25-100000-C,103276.75,buy,1.0,1.0,,,,,,,1750527981.567
1348,372435958,1750528016633,0,0.0665,0.06652478,39.52,BTC-25JUL25-100000-C,103306.89,buy,0.5,0.5,,,,,,,1750528016.633
1349,372435964,1750528016664,1,0.0665,0.06652478,39.52,BTC-25JUL25-100000-C,103306.89,buy,0.2,0.2,,,,,,,1750528016.664
1350,372435967,1750528020387,1,0.0665,0.06654407,39.49,BTC-25JUL25-100000-C,103313.09,buy,0.2,0.2,,,,,,,1750528020.387
1351,372436163,1750528357080,2,0.066,0.06626496,39.29,BTC-25JUL25-100000-C,103275.5,buy,0.1,0.1,,,,,,,1750528357.08
1352,372445706,1750533864823,2,0.0625,0.06253588,39.81,BTC-25JUL25-100000-C,102540.16,sell,0.2,0.2,,,,,,,1750533864.823
1353,372446851,1750534402124,0,0.063,0.06254662,40.26,BTC-25JUL25-100000-C,102548.37,buy,0.1,0.1,,,,,,,1750534402.124
1354,372446852,1750534402126,1,0.063,0.06254662,40.26,BTC-25JUL25-100000-C,102548.37,sell,0.9,0.9,,,,,,,1750534402.126
1355,372456866,1750539216930,0,0.0645,0.06421677,40.72,BTC-25JUL25-100000-C,102718.68,buy,0.1,0.1,,,,,,,1750539216.93
1357,372462180,1750541090027,3,0.06,0.06024381,40.39,BTC-25JUL25-100000-C,101990.35,sell,0.3,0.3,,,,,,,1750541090.027
1356,372462179,1750541090027,2,0.06,0.06024381,40.39,BTC-25JUL25-100000-C,101990.35,sell,0.1,0.1,,,,,,,1750541090.027
1358,372462181,1750541090027,3,0.06,0.06024381,40.39,BTC-25JUL25-100000-C,101990.35,sell,0.1,0.1,,,,,,,1750541090.027
1359,372466025,1750541256740,3,0.06,0.05975406,40.79,BTC-25JUL25-100000-C,101866.55,buy,0.1,0.1,,,,,,,1750541256.74
1360,372471457,1750541646580,2,0.057,0.05698687,40.8,BTC-25JUL25-100000-C,101299.06,sell,0.1,0.1,,,,,,,1750541646.58
1361,372472692,1750541703510,3,0.057,0.05682091,40.8,BTC-25JUL25-100000-C,101326.97,sell,0.1,0.1,,,,,,,1750541703.51
1362,372472774,1750541714853,3,0.057,0.05660838,41.05,BTC-25JUL25-100000-C,101267.65,sell,0.1,0.1,,,,,,,1750541714.853
1363,372477477,1750542291174,0,0.06,0.05965903,41.08,BTC-25JUL25-100000-C,101809.65,sell,0.2,0.2,,,,,,,1750542291.174
1364,372482362,1750543682703,0,0.0605,0.06009495,41.39,BTC-25JUL25-100000-C,101819.62,buy,0.1,0.1,,,,,,,1750543682.703
1365,372483848,1750544098578,1,0.0605,0.06031326,41.2,BTC-25JUL25-100000-C,101860.2,buy,0.1,0.1,,,,,,,1750544098.578
1366,372484070,1750544211690,2,0.06,0.05986249,41.11,BTC-25JUL25-100000-C,101797.99,buy,0.2,0.2,,,,,,,1750544211.69
1367,372491603,1750548897070,2,0.055,0.05523106,40.43,BTC-25JUL25-100000-C,101011.84,sell,0.1,0.1,,,,,,,1750548897.07
1368,372491987,1750548930850,0,0.056,0.05547143,40.85,BTC-25JUL25-100000-C,101081.77,buy,0.1,0.1,,,,,,,1750548930.85
1369,372515054,1750554090584,0,0.0655,0.06542346,41.33,BTC-25JUL25-100000-C,102818.05,buy,0.1,0.1,,,,,,,1750554090.584
1370,372518876,1750556517601,2,0.0635,0.06359483,41.11,BTC-25JUL25-100000-C,102484.15,buy,0.1,0.1,,,,,,,1750556517.601
1371,372522349,1750558207209,2,0.062,0.06188112,41.42,BTC-25JUL25-100000-C,102161.05,sell,1.0,1.0,,,,,,,1750558207.209
1372,372524308,1750558796087,3,0.062,0.06181958,41.26,BTC-25JUL25-100000-C,102188.89,buy,0.1,0.1,,,,,,,1750558796.087
1373,372524309,1750558796100,3,0.062,0.06181958,41.26,BTC-25JUL25-100000-C,102188.89,sell,0.2,0.2,,,,,,,1750558796.1
1374,372524328,1750558798595,3,0.062,0.06175563,41.26,BTC-25JUL25-100000-C,102187.78,sell,0.7,0.7,,,,,,,1750558798.595
1375,372526641,1750560219899,0,0.0625,0.06194827,41.49,BTC-25JUL25-100000-C,102271.32,buy,0.1,0.1,,,,,,,1750560219.899
1376,372541071,1750573843554,0,0.065,0.06473551,40.84,BTC-25JUL25-100000-C,102877.57,buy,0.1,0.1,,,,,,,1750573843.554
1377,372541396,1750574280718,1,0.065,0.06474949,40.83,BTC-25JUL25-100000-C,102864.64,buy,0.1,0.1,,,,,,,1750574280.718
1378,372541731,1750574607154,2,0.0645,0.06427436,40.79,BTC-25JUL25-100000-C,102780.88,buy,0.1,0.1,,,,,,,1750574607.154
1379,372556015,1750584181607,2,0.062,0.061792,40.75,BTC-25JUL25-100000-C,102349.97,buy,0.1,0.1,,,,,,,1750584181.607
1380,372556527,1750584681449,0,0.0625,0.06220026,40.82,BTC-25JUL25-100000-C,102427.85,buy,0.1,0.1,,,,,,,1750584681.449
1381,372556898,1750585048118,1,0.0625,0.06233294,40.76,BTC-25JUL25-100000-C,102422.04,buy,0.1,0.1,,,,,,,1750585048.118
1382,372557424,1750585498723,1,0.0625,0.06233748,40.72,BTC-25JUL25-100000-C,102449.12,buy,0.1,0.1,,,,,,,1750585498.723
1383,372558027,1750585863607,2,0.0615,0.06140041,40.68,BTC-25JUL25-100000-C,102273.84,buy,0.1,0.1,,,,,,,1750585863.607
1384,372558627,1750586171015,3,0.0615,0.06122575,40.76,BTC-25JUL25-100000-C,102242.37,buy,0.1,0.1,,,,,,,1750586171.015
1385,372559041,1750586556299,2,0.061,0.06100441,40.52,BTC-25JUL25-100000-C,102190.9,buy,0.1,0.1,,,,,,,1750586556.299
1386,372577066,1750598583630,2,0.059,0.05900101,41.05,BTC-25JUL25-100000-C,101750.11,buy,0.1,0.1,,,,,,,1750598583.63
1387,372584106,1750599082094,2,0.0555,0.0550883,41.14,BTC-25JUL25-100000-C,101039.16,buy,0.1,0.1,,,,,,,1750599082.094
1388,372594042,1750599807747,2,0.053,0.05325104,41.36,BTC-25JUL25-100000-C,100521.34,sell,0.1,0.1,,,,,,,1750599807.747
1389,372598268,1750600024885,0,0.054,0.05385149,41.89,BTC-25JUL25-100000-C,100572.64,buy,0.1,0.1,,,,,,,1750600024.885
1390,372598286,1750600026413,1,0.054,0.05366507,41.91,BTC-25JUL25-100000-C,100565.18,sell,0.1,0.1,,,,,,,1750600026.413
1391,372598287,1750600026416,1,0.054,0.05366507,41.91,BTC-25JUL25-100000-C,100565.18,sell,0.8,0.8,,,,,,,1750600026.416
1392,372624358,1750602289177,2,0.05,0.04942453,42.29,BTC-25JUL25-100000-C,99687.62,buy,0.1,0.1,,,,,,,1750602289.177
1393,372625169,1750602356199,2,0.0495,0.04944015,42.01,BTC-25JUL25-100000-C,99634.36,sell,0.1,0.1,,,,,,,1750602356.199
1394,372631185,1750602632746,0,0.05,0.04936458,42.55,BTC-25JUL25-100000-C,99630.9,buy,0.4,0.4,,,,,,,1750602632.746
1395,372634109,1750602791370,0,0.052,0.05179438,42.0,BTC-25JUL25-100000-C,100170.91,buy,0.1,0.1,,,,,,,1750602791.37
1397,372636629,1750603084979,3,0.0515,0.05085489,42.82,BTC-25JUL25-100000-C,99873.8,buy,0.4,0.4,,,,,,,1750603084.979
1396,372636628,1750603084979,2,0.0515,0.05085489,42.82,BTC-25JUL25-100000-C,99873.8,buy,0.1,0.1,,,,,,,1750603084.979
1398,372648661,1750603911716,2,0.05,0.04927468,43.09,BTC-25JUL25-100000-C,99460.77,buy,0.1,0.1,,,,,,,1750603911.716
1399,372649272,1750603981889,3,0.05,0.04896159,43.53,BTC-25JUL25-100000-C,99351.69,buy,0.3,0.3,,,,,,,1750603981.889
1400,372649436,1750604025332,0,0.0505,0.04998351,43.07,BTC-25JUL25-100000-C,99560.01,buy,0.4,0.4,,,,,,,1750604025.332
1401,372649467,1750604031494,1,0.0505,0.05000435,43.08,BTC-25JUL25-100000-C,99556.93,buy,0.3,0.3,,,,,,,1750604031.494
1402,372649605,1750604068345,0,0.051,0.05052123,43.1,BTC-25JUL25-100000-C,99654.99,buy,0.3,0.3,,,,,,,1750604068.345
1404,372650066,1750604151544,1,0.051,0.05017805,43.47,BTC-25JUL25-100000-C,99585.23,buy,0.3,0.3,,,,,,,1750604151.544
1403,372650065,1750604151544,1,0.051,0.05017805,43.47,BTC-25JUL25-100000-C,99585.23,buy,0.4,0.4,,,,,,,1750604151.544
1405,372650526,1750604196142,2,0.0505,0.05010347,43.16,BTC-25JUL25-100000-C,99557.93,buy,0.2,0.2,,,,,,,1750604196.142
1406,372650929,1750604223004,3,0.0505,0.04960068,43.59,BTC-25JUL25-100000-C,99454.3,buy,0.6,0.6,,,,,,,1750604223.004
1407,372650930,1750604223004,3,0.0505,0.04960068,43.59,BTC-25JUL25-100000-C,99454.3,buy,0.4,0.4,,,,,,,1750604223.004
1408,372650967,1750604224018,3,0.0505,0.04960409,43.51,BTC-25JUL25-100000-C,99473.13,buy,0.1,0.1,,,,,,,1750604224.018
1409,372651285,1750604288197,3,0.0505,0.04984694,43.39,BTC-25JUL25-100000-C,99491.48,buy,0.3,0.3,,,,,,,1750604288.197
1410,372651287,1750604288209,3,0.0505,0.04984694,43.39,BTC-25JUL25-100000-C,99491.48,buy,0.3,0.3,,,,,,,1750604288.209
1411,372651289,1750604288234,3,0.0505,0.04984694,43.39,BTC-25JUL25-100000-C,99491.48,buy,0.2,0.2,,,,,,,1750604288.234
1412,372651297,1750604288321,3,0.0505,0.04989107,43.38,BTC-25JUL25-100000-C,99491.9,buy,0.2,0.2,,,,,,,1750604288.321
1413,372651302,1750604289729,3,0.0505,0.04990944,43.35,BTC-25JUL25-100000-C,99498.19,buy,0.3,0.3,,,,,,,1750604289.729
1414,372651719,1750604392588,0,0.051,0.05079639,43.12,BTC-25JUL25-100000-C,99658.23,sell,1.0,1.0,,,,,,,1750604392.588
1415,372651799,1750604401424,1,0.051,0.05079799,43.11,BTC-25JUL25-100000-C,99658.17,sell,0.1,0.1,,,,,,,1750604401.424
1416,372651815,1750604403125,1,0.051,0.0508114,43.23,BTC-25JUL25-100000-C,99630.69,sell,0.9,0.9,,,,,,,1750604403.125
1417,372651823,1750604405256,1,0.051,0.05067117,43.29,BTC-25JUL25-100000-C,99616.44,buy,0.3,0.3,,,,,,,1750604405.256
1419,372651844,1750604413464,3,0.0505,0.05070459,42.84,BTC-25JUL25-100000-C,99624.68,sell,0.4,0.4,,,,,,,1750604413.464
1418,372651843,1750604413464,2,0.0505,0.05070459,42.84,BTC-25JUL25-100000-C,99624.68,sell,0.6,0.6,,,,,,,1750604413.464
1420,372652138,1750604474297,3,0.0505,0.05080545,42.68,BTC-25JUL25-100000-C,99666.01,sell,1.0,1.0,,,,,,,1750604474.297
1421,372652399,1750604542359,0,0.051,0.0506672,43.32,BTC-25JUL25-100000-C,99600.77,buy,0.1,0.1,,,,,,,1750604542.359
1422,372652765,1750604598265,0,0.0515,0.0510661,43.5,BTC-25JUL25-100000-C,99667.78,buy,0.2,0.2,,,,,,,1750604598.265
1423,372652766,1750604598272,1,0.0515,0.0510661,43.5,BTC-25JUL25-100000-C,99667.78,sell,0.2,0.2,,,,,,,1750604598.272
1424,372652877,1750604619797,1,0.0515,0.05087913,43.62,BTC-25JUL25-100000-C,99631.92,buy,0.1,0.1,,,,,,,1750604619.797
1425,372654166,1750604833589,0,0.052,0.05181226,43.38,BTC-25JUL25-100000-C,99736.77,buy,6.0,6.0,372654165,BTC-BOX-25JUL25-96000_100000,,,,,1750604833.589
1426,372656612,1750605135915,2,0.0505,0.05010763,43.59,BTC-25JUL25-100000-C,99388.77,buy,0.1,0.1,,,,,,,1750605135.915
1427,372657947,1750605390995,0,0.051,0.05096369,43.01,BTC-25JUL25-100000-C,99616.42,buy,0.1,0.1,,,,,,,1750605390.995
1428,372657997,1750605401478,1,0.051,0.05082985,43.18,BTC-25JUL25-100000-C,99574.13,buy,0.2,0.2,,,,,,,1750605401.478
1429,372659499,1750605760794,0,0.0515,0.05119288,43.34,BTC-25JUL25-100000-C,99654.29,buy,0.1,0.1,,,,,,,1750605760.794
1430,372661068,1750606038679,2,0.05,0.04988721,43.22,BTC-25JUL25-100000-C,99362.93,sell,0.5,0.5,,,,,,,1750606038.679
1431,372661186,1750606045648,3,0.05,0.04949571,43.53,BTC-25JUL25-100000-C,99287.11,buy,0.9,0.9,,,,,,,1750606045.648
1432,372662332,1750606344559,0,0.0505,0.05025268,43.36,BTC-25JUL25-100000-C,99429.28,buy,0.1,0.1,,,,,,,1750606344.559
1433,372673552,1750609304217,2,0.048,0.0479849,43.22,BTC-25JUL25-100000-C,99007.59,sell,0.3,0.3,,,,,,,1750609304.217
1434,372673553,1750609304217,3,0.048,0.0479849,43.22,BTC-25JUL25-100000-C,99007.59,sell,0.1,0.1,,,,,,,1750609304.217
1435,372673554,1750609304222,3,0.048,0.0479849,43.22,BTC-25JUL25-100000-C,99007.59,buy,0.1,0.1,,,,,,,1750609304.222
1436,372677346,1750609887345,3,0.048,0.04805382,43.42,BTC-25JUL25-100000-C,98910.25,buy,1.4,1.4,,,,,,,1750609887.345
1437,372678622,1750610188883,3,0.048,0.04795664,43.03,BTC-25JUL25-100000-C,99003.58,buy,0.5,0.5,,,,,,,1750610188.883
1438,372678628,1750610192369,3,0.048,0.04798864,42.98,BTC-25JUL25-100000-C,99017.25,buy,4.1,4.1,,,,,,,1750610192.369
1440,372679154,1750610322093,1,0.049,0.04854395,43.38,BTC-25JUL25-100000-C,99143.18,buy,1.4,1.4,,,,,,,1750610322.093
1439,372679153,1750610322093,0,0.049,0.04854395,43.38,BTC-25JUL25-100000-C,99143.18,buy,0.1,0.1,,,,,,,1750610322.093
1441,372686323,1750612229873,0,0.0525,0.05216028,42.76,BTC-25JUL25-100000-C,100038.77,buy,0.1,0.1,,,,,,,1750612229.873
1443,372694880,1750614829336,3,0.049,0.04885188,41.38,BTC-25JUL25-100000-C,99622.18,buy,0.4,0.4,,,,,,,1750614829.336
1442,372694879,1750614829336,2,0.049,0.04885188,41.38,BTC-25JUL25-100000-C,99622.18,buy,0.1,0.1,,,,,,,1750614829.336
1444,372694919,1750614869393,3,0.049,0.04887184,41.37,BTC-25JUL25-100000-C,99624.96,buy,0.2,0.2,,,,,,,1750614869.393
1445,372694999,1750614920833,0,0.0495,0.04887057,41.81,BTC-25JUL25-100000-C,99623.65,buy,0.3,0.3,,,,,,,1750614920.833
1446,372695042,1750614974629,2,0.049,0.0488536,41.41,BTC-25JUL25-100000-C,99611.24,sell,0.1,0.1,,,,,,,1750614974.629
1447,372695046,1750614975815,3,0.049,0.04885607,41.49,BTC-25JUL25-100000-C,99596.7,sell,0.2,0.2,,,,,,,1750614975.815
1448,372698125,1750616485628,2,0.0485,0.04822667,41.48,BTC-25JUL25-100000-C,99526.36,buy,0.1,0.1,,,,,,,1750616485.628
1449,372698126,1750616485634,3,0.0485,0.04822667,41.48,BTC-25JUL25-100000-C,99526.36,buy,0.4,0.4,,,,,,,1750616485.634
1450,372698354,1750616638798,3,0.0485,0.04805313,41.68,BTC-25JUL25-100000-C,99466.7,buy,0.1,0.1,,,,,,,1750616638.798
1451,372698978,1750616941038,0,0.049,0.04877598,41.66,BTC-25JUL25-100000-C,99564.04,buy,0.1,0.1,,,,,,,1750616941.038
1452,372702067,1750619032367,2,0.0485,0.04825398,41.89,BTC-25JUL25-100000-C,99419.43,buy,0.1,0.1,,,,,,,1750619032.367
1453,372702621,1750619147541,2,0.048,0.04753314,42.14,BTC-25JUL25-100000-C,99255.83,buy,0.1,0.1,,,,,,,1750619147.541
1454,372703711,1750619332410,0,0.0485,0.04834632,41.83,BTC-25JUL25-100000-C,99420.66,buy,0.1,0.1,,,,,,,1750619332.41
1455,372704217,1750619660841,2,0.0475,0.04727685,41.96,BTC-25JUL25-100000-C,99187.2,buy,0.1,0.1,,,,,,,1750619660.841
1456,372705367,1750620444918,2,0.047,0.04720466,41.67,BTC-25JUL25-100000-C,99145.79,sell,0.3,0.3,,,,,,,1750620444.918
1457,372707451,1750621566339,3,0.047,0.04647108,42.26,BTC-25JUL25-100000-C,99004.15,buy,0.1,0.1,,,,,,,1750621566.339
1458,372707452,1750621566339,3,0.047,0.04647108,42.26,BTC-25JUL25-100000-C,99004.15,buy,0.2,0.2,,,,,,,1750621566.339
1459,372711372,1750622870917,2,0.046,0.04593354,42.04,BTC-25JUL25-100000-C,98828.34,buy,0.1,0.1,,,,,,,1750622870.917
1460,372711534,1750622917438,3,0.046,0.04597371,42.01,BTC-25JUL25-100000-C,98840.92,buy,0.3,0.3,,,,,,,1750622917.438
1461,372716694,1750623361919,2,0.0445,0.04458792,41.81,BTC-25JUL25-100000-C,98563.0,buy,0.1,0.1,,,,,,,1750623361.919
1463,372718859,1750623715460,3,0.0445,0.04416951,42.24,BTC-25JUL25-100000-C,98452.51,buy,0.2,0.2,,,,,,,1750623715.46
1462,372718858,1750623715460,3,0.0445,0.04416951,42.24,BTC-25JUL25-100000-C,98452.51,buy,0.1,0.1,,,,,,,1750623715.46
1464,372718860,1750623715468,3,0.0445,0.04416951,42.24,BTC-25JUL25-100000-C,98452.51,buy,0.1,0.1,,,,,,,1750623715.468
1465,372721339,1750624295877,0,0.0453,0.04522012,42.0,BTC-25JUL25-100000-C,98676.14,buy,12.5,12.5,,BTC-STRD-25JUL25-100000,2.0,BLOCK-206610,,,1750624295.877
1467,372721788,1750624325929,1,0.0455,0.04536331,42.08,BTC-25JUL25-100000-C,98686.73,buy,0.4,0.4,,,,,,,1750624325.929
1466,372721787,1750624325929,0,0.0455,0.04536331,42.08,BTC-25JUL25-100000-C,98686.73,buy,0.1,0.1,,,,,,,1750624325.929
1468,372721930,1750624376361,2,0.045,0.04548091,41.56,BTC-25JUL25-100000-C,98744.37,sell,0.4,0.4,,,,,,,1750624376.361
1469,372721931,1750624376361,3,0.045,0.04548091,41.56,BTC-25JUL25-100000-C,98744.37,sell,0.1,0.1,,,,,,,1750624376.361
1470,372724721,1750625208248,0,0.047,0.0466375,42.0,BTC-25JUL25-100000-C,99062.92,buy,0.1,0.1,,,,,,,1750625208.248
1471,372733465,1750628583357,0,0.048,0.04811735,41.72,BTC-25JUL25-100000-C,99372.64,buy,0.1,0.1,,,,,,,1750628583.357
1472,372736623,1750629646180,0,0.049,0.04856053,42.14,BTC-25JUL25-100000-C,99476.07,buy,0.1,0.1,,,,,,,1750629646.18
1473,372740688,1750630085654,0,0.053,0.05234852,42.35,BTC-25JUL25-100000-C,100259.46,buy,0.1,0.1,,,,,,,1750630085.654
1474,372744518,1750630725953,0,0.0535,0.05400549,41.87,BTC-25JUL25-100000-C,100495.3,sell,4.1,4.1,,,,,,,1750630725.953
1475,372744524,1750630726029,1,0.0535,0.05400549,41.87,BTC-25JUL25-100000-C,100495.3,sell,3.9,3.9,,,,,,,1750630726.029
1476,372755052,1750634165725,0,0.0555,0.05530799,42.06,BTC-25JUL25-100000-C,100825.14,buy,0.1,0.1,,,,,,,1750634165.725
1477,372756566,1750634738754,0,0.056,0.05594504,41.89,BTC-25JUL25-100000-C,100949.22,buy,0.1,0.1,,,,,,,1750634738.754
1478,372761759,1750637543894,2,0.0538,0.05372583,41.43,BTC-25JUL25-100000-C,100627.15,sell,150.0,150.0,,,4.0,BLOCK-206632,,6796.0,1750637543.894
1479,372762340,1750637879816,3,0.0538,0.05407934,41.32,BTC-25JUL25-100000-C,100657.53,sell,50.0,50.0,,,5.0,BLOCK-206634,,6797.0,1750637879.816
1480,372762713,1750638042613,0,0.0545,0.05433505,41.38,BTC-25JUL25-100000-C,100769.25,buy,0.1,0.1,,,,,,,1750638042.613
1482,372763815,1750638364757,3,0.0535,0.05411255,40.76,BTC-25JUL25-100000-C,100734.77,sell,0.4,0.4,,,,,,,1750638364.757
1481,372763814,1750638364757,2,0.0535,0.05411255,40.76,BTC-25JUL25-100000-C,100734.77,sell,0.6,0.6,,,,,,,1750638364.757
1483,372765941,1750639389027,0,0.056,0.05585301,41.29,BTC-25JUL25-100000-C,101108.71,buy,0.1,0.1,,,,,,,1750639389.027
1484,372767487,1750639734835,0,0.058,0.05732711,41.71,BTC-25JUL25-100000-C,101424.29,buy,0.4,0.4,,,,,,,1750639734.835
1485,372767805,1750639748782,0,0.0585,0.05842247,41.22,BTC-25JUL25-100000-C,101629.99,buy,0.1,0.1,,,,,,,1750639748.782
1486,372769219,1750640169557,2,0.056,0.05576663,41.27,BTC-25JUL25-100000-C,101150.27,buy,0.3,0.3,,,,,,,1750640169.557
1487,372769221,1750640170561,3,0.056,0.05577548,41.3,BTC-25JUL25-100000-C,101145.81,buy,0.2,0.2,,,,,,,1750640170.561
1488,372771997,1750641306997,2,0.055,0.05492935,41.3,BTC-25JUL25-100000-C,100903.77,buy,0.1,0.1,,,,,,,1750641306.997
1489,372773264,1750641988282,2,0.0535,0.05372669,41.22,BTC-25JUL25-100000-C,100642.29,sell,0.5,0.5,,,,,,,1750641988.282
1490,372777901,1750644059809,0,0.057,0.05663374,41.81,BTC-25JUL25-100000-C,101185.64,sell,15.0,15.0,,,3.0,BLOCK-206648,,6802.0,1750644059.809
1491,372780623,1750645436782,2,0.0565,0.05624546,41.66,BTC-25JUL25-100000-C,101126.16,buy,0.1,0.1,,,,,,,1750645436.782
1492,372795113,1750652122312,2,0.056,0.05590941,41.41,BTC-25JUL25-100000-C,101099.3,buy,0.1,0.1,,,,,,,1750652122.312
1493,372796192,1750652668651,0,0.057,0.05686715,41.45,BTC-25JUL25-100000-C,101288.54,buy,0.1,0.1,,,,,,,1750652668.651
1494,372798558,1750654020725,2,0.0565,0.05631385,41.46,BTC-25JUL25-100000-C,101198.98,buy,0.1,0.1,,,,,,,1750654020.725
1495,372802699,1750655854465,2,0.0535,0.05798352,37.4,BTC-25JUL25-100000-C,101516.26,sell,18.5,18.5,,,4.0,BLOCK-206670,,,1750655854.465
1496,372803547,1750656145152,3,0.0535,0.0580453,37.35,BTC-25JUL25-100000-C,101535.24,sell,18.5,18.5,,,4.0,BLOCK-206671,,,1750656145.152
1497,372804316,1750656522920,3,0.0535,0.05813043,37.24,BTC-25JUL25-100000-C,101560.09,sell,37.5,37.5,,,4.0,BLOCK-206673,,,1750656522.92
1498,372804479,1750656744509,3,0.0535,0.05797996,37.3,BTC-25JUL25-100000-C,101550.39,sell,75.0,75.0,,,4.0,BLOCK-206675,,,1750656744.509
1499,372805477,1750657515627,0,0.058,0.05773196,41.39,BTC-25JUL25-100000-C,101509.66,buy,0.1,0.1,,,,,,,1750657515.627
1500,372807304,1750657989814,0,0.059,0.05869967,41.46,BTC-25JUL25-100000-C,101675.51,buy,0.1,0.1,,,,,,,1750657989.814
1501,372810318,1750659754022,0,0.06,0.05983962,41.32,BTC-25JUL25-100000-C,101903.81,buy,0.1,0.1,,,,,,,1750659754.022
1503,372813008,1750661651101,3,0.059,0.05969098,40.49,BTC-25JUL25-100000-C,101878.57,sell,1.5,1.5,,,,,,,1750661651.101
1502,372813007,1750661651101,2,0.059,0.05969098,40.49,BTC-25JUL25-100000-C,101878.57,sell,0.5,0.5,,,,,,,1750661651.101
1504,372837190,1750673839242,2,0.057,0.05682845,40.85,BTC-25JUL25-100000-C,101486.76,buy,0.1,0.1,,,,,,,1750673839.242
1505,372837916,1750674329551,3,0.057,0.05666318,41.0,BTC-25JUL25-100000-C,101452.44,buy,0.1,0.1,,,,,,,1750674329.551
1506,372841748,1750676556487,0,0.0575,0.05723025,40.93,BTC-25JUL25-100000-C,101577.32,buy,0.1,0.1,,,,,,,1750676556.487
1507,372842383,1750676898497,2,0.0565,0.0562627,40.93,BTC-25JUL25-100000-C,101393.19,buy,0.1,0.1,,,,,,,1750676898.497
1508,372842748,1750677299433,3,0.0565,0.05613895,41.01,BTC-25JUL25-100000-C,101374.42,buy,0.1,0.1,,,,,,,1750677299.433
1509,372843306,1750677626368,3,0.0565,0.05612374,41.06,BTC-25JUL25-100000-C,101348.08,buy,0.1,0.1,,,,,,,1750677626.368
1510,372844038,1750678002366,2,0.0555,0.05523153,40.96,BTC-25JUL25-100000-C,101186.75,buy,0.1,0.1,,,,,,,1750678002.366
1511,372844534,1750678377167,0,0.056,0.05579122,41.04,BTC-25JUL25-100000-C,101270.39,buy,0.1,0.1,,,,,,,1750678377.167
1512,372845534,1750679228002,2,0.0555,0.05540748,40.92,BTC-25JUL25-100000-C,101201.53,buy,0.1,0.1,,,,,,,1750679228.002
1513,372854590,1750684252031,0,0.0565,0.05633811,40.81,BTC-25JUL25-100000-C,101428.23,buy,0.1,0.1,,,,,,,1750684252.031
1514,372860678,1750685797984,0,0.0575,0.05696736,41.33,BTC-25JUL25-100000-C,101528.71,buy,0.1,0.1,,,,,,,1750685797.984
1515,372862647,1750686114574,0,0.0595,0.05892366,41.26,BTC-25JUL25-100000-C,101920.02,buy,0.1,0.1,,,,,,,1750686114.574
1516,372866081,1750686397335,1,0.0595,0.0596601,40.81,BTC-25JUL25-100000-C,102044.34,buy,2.0,2.0,,,,,,,1750686397.335
1517,372866082,1750686397339,1,0.0595,0.0596601,40.81,BTC-25JUL25-100000-C,102044.34,buy,1.3,1.3,,,,,,,1750686397.339
1518,372868209,1750686766638,1,0.0595,0.05955893,40.73,BTC-25JUL25-100000-C,102055.1,buy,7.4,7.4,,,,,,,1750686766.638
1519,372868210,1750686766642,1,0.0595,0.05955893,40.73,BTC-25JUL25-100000-C,102055.1,buy,0.8,0.8,,,,,,,1750686766.642
1520,372868211,1750686766646,1,0.0595,0.05955893,40.73,BTC-25JUL25-100000-C,102055.1,buy,4.7,4.7,,,,,,,1750686766.646
1521,372874736,1750687855254,0,0.0615,0.06117009,40.9,BTC-25JUL25-100000-C,102402.58,buy,0.1,0.1,,,,,,,1750687855.254
1522,372879280,1750689181728,2,0.0575,0.05731056,40.73,BTC-25JUL25-100000-C,101675.35,buy,0.1,0.1,,,,,,,1750689181.728
1523,372880252,1750689485963,3,0.0575,0.05758822,40.57,BTC-25JUL25-100000-C,101731.01,buy,0.5,0.5,,,,,,,1750689485.963
1524,372881076,1750689632942,3,0.0575,0.05698829,41.0,BTC-25JUL25-100000-C,101635.52,buy,0.1,0.1,,,,,,,1750689632.942
1525,372884296,1750690809890,3,0.0575,0.05729103,40.62,BTC-25JUL25-100000-C,101693.61,buy,0.1,0.1,,,,,,,1750690809.89
1526,372889116,1750692856811,0,0.058,0.05731551,41.03,BTC-25JUL25-100000-C,101729.23,buy,0.1,0.1,,,,,,,1750692856.811
1527,372894800,1750695461721,2,0.0525,0.05221206,40.7,BTC-25JUL25-100000-C,100726.96,buy,0.1,0.1,,,,,,,1750695461.721
1528,372906031,1750696742992,2,0.0505,0.04976657,41.26,BTC-25JUL25-100000-C,100176.13,buy,0.1,0.1,,,,,,,1750696742.992
1529,372910961,1750697117943,0,0.053,0.05270114,41.37,BTC-25JUL25-100000-C,100658.76,buy,0.1,0.1,,,,,,,1750697117.943
1530,372916317,1750697989668,1,0.053,0.05283608,41.26,BTC-25JUL25-100000-C,100686.9,buy,0.1,0.1,,,,,,,1750697989.668
1531,372917537,1750698308190,0,0.054,0.05374644,41.01,BTC-25JUL25-100000-C,100939.98,buy,0.1,0.1,,,,,,,1750698308.19
1532,372924229,1750699169034,0,0.056,0.05577855,40.95,BTC-25JUL25-100000-C,101351.11,buy,0.1,0.1,,,,,,,1750699169.034
1533,372928525,1750699741451,0,0.0605,0.06016647,40.81,BTC-25JUL25-100000-C,102236.7,buy,0.1,0.1,,,,,,,1750699741.451
1534,372934034,1750700235201,0,0.0625,0.06193141,40.71,BTC-25JUL25-100000-C,102627.37,buy,0.1,0.1,,,,,,,1750700235.201
1535,372940517,1750701799162,0,0.063,0.06269738,40.66,BTC-25JUL25-100000-C,102745.71,buy,0.1,0.1,,,,,,,1750701799.162
1536,372963336,1750706221715,0,0.0635,0.06341153,40.02,BTC-25JUL25-100000-C,102991.78,sell,0.1,0.1,,,,,,,1750706221.715
1537,372974478,1750710054192,0,0.0675,0.06679344,40.15,BTC-25JUL25-100000-C,103700.66,buy,0.1,0.1,,,,,,,1750710054.192
1538,372978635,1750711001438,1,0.0675,0.06712526,39.94,BTC-25JUL25-100000-C,103720.66,buy,0.1,0.1,,,,,,,1750711001.438
1539,372982464,1750712403693,0,0.068,0.06761774,39.67,BTC-25JUL25-100000-C,103829.87,buy,0.1,0.1,,,,,,,1750712403.693
1540,372984479,1750713324968,0,0.069,0.06875759,39.66,BTC-25JUL25-100000-C,104011.24,buy,0.1,0.1,,,,,,,1750713324.968
1541,372984528,1750713331119,1,0.069,0.06890657,39.51,BTC-25JUL25-100000-C,104034.99,buy,0.4,0.4,,,,,,,1750713331.119
1542,372984652,1750713350463,0,0.0695,0.0691433,39.69,BTC-25JUL25-100000-C,104082.92,buy,0.1,0.1,,,,,,,1750713350.463
1543,372990003,1750716178194,2,0.069,0.06858823,39.8,BTC-25JUL25-100000-C,103998.1,buy,0.1,0.1,,,,,,,1750716178.194
1544,372990429,1750716206652,0,0.07,0.06938131,39.82,BTC-25JUL25-100000-C,104154.38,buy,0.2,0.2,,,,,,,1750716206.652
1545,372993789,1750716405012,0,0.073,0.07243359,40.1,BTC-25JUL25-100000-C,104659.7,buy,5.0,5.0,,,,,,,1750716405.012
1546,373033033,1750725008016,0,0.076,0.07596372,39.41,BTC-25JUL25-100000-C,105244.09,sell,1.0,1.0,,,,,,,1750725008.016
1547,373033116,1750725092307,1,0.076,0.07590738,39.5,BTC-25JUL25-100000-C,105229.4,sell,0.4,0.4,,,,,,,1750725092.307
1548,373033126,1750725094165,1,0.076,0.07589938,39.53,BTC-25JUL25-100000-C,105223.06,sell,0.6,0.6,,,,,,,1750725094.165
1549,373033490,1750725248193,1,0.076,0.07602304,39.43,BTC-25JUL25-100000-C,105228.67,sell,1.0,1.0,,,,,,,1750725248.193
1550,373040995,1750731004997,2,0.074,0.07397109,39.13,BTC-25JUL25-100000-C,105006.14,sell,0.5,0.5,,,,,,,1750731004.997
1551,373041017,1750731006005,3,0.074,0.07388657,39.13,BTC-25JUL25-100000-C,105005.97,sell,0.5,0.5,,,,,,,1750731006.005
1552,373042094,1750731444422,2,0.0735,0.07322464,39.21,BTC-25JUL25-100000-C,104914.26,sell,0.2,0.2,,,,,,,1750731444.422
1553,373042095,1750731444457,3,0.0735,0.07322464,39.21,BTC-25JUL25-100000-C,104914.26,sell,0.1,0.1,,,,,,,1750731444.457
1554,373042096,1750731444500,3,0.0735,0.07322464,39.21,BTC-25JUL25-100000-C,104914.26,sell,0.1,0.1,,,,,,,1750731444.5
1555,373042099,1750731445513,3,0.0735,0.07323048,39.22,BTC-25JUL25-100000-C,104914.85,sell,0.2,0.2,,,,,,,1750731445.513
1556,373042127,1750731470620,3,0.0735,0.07314778,39.29,BTC-25JUL25-100000-C,104902.87,sell,0.4,0.4,,,,,,,1750731470.62
1557,373063358,1750747351691,0,0.0795,0.07918974,39.84,BTC-25JUL25-100000-C,105784.26,sell,1.5,1.5,,,,,,,1750747351.691
1558,373209548,1750818183444,0,0.0835,0.08333006,38.53,BTC-25JUL25-100000-C,106709.73,sell,0.4,0.4,,,,,,,1750818183.444
1559,373258369,1750846904930,0,0.086,0.08480232,39.35,BTC-25JUL25-100000-C,107016.82,buy,0.1,0.1,,,,,,,1750846904.93
1560,373270019,1750853181304,1,0.086,0.08568975,38.04,BTC-25JUL25-100000-C,107168.88,buy,100.0,100.0,,BTC-CDIAG-25JUL25_27JUN25-100000_105000,2.0,BLOCK-207196,,,1750853181.304
1561,373359180,1750880534941,0,0.089,0.08899374,38.41,BTC-25JUL25-100000-C,107641.77,buy,5.8,5.8,,,,,,,1750880534.941
1562,373359181,1750880534952,1,0.089,0.08899374,38.41,BTC-25JUL25-100000-C,107641.77,buy,0.2,0.2,,,,,,,1750880534.952
1563,373360144,1750881236440,0,0.0897,0.08992131,38.16,BTC-25JUL25-100000-C,107775.67,buy,1.0,1.0,373360143,BTC-CCAL-25JUL25_26JUN25-100000,,,,,1750881236.44
1564,373361390,1750882007965,2,0.0885,0.08864073,38.23,BTC-25JUL25-100000-C,107559.93,buy,3.0,3.0,,,,,,,1750882007.965
1565,373391585,1750903518684,0,0.09,0.08986877,38.69,BTC-25JUL25-100000-C,107853.68,buy,0.1,0.1,,,,,,,1750903518.684
1566,373435063,1750931739081,2,0.088,0.08712527,39.31,BTC-25JUL25-100000-C,107399.88,sell,0.1,0.1,,,,,,,1750931739.081
1567,373446543,1750939258348,2,0.087,0.08683625,38.48,BTC-25JUL25-100000-C,107353.49,sell,0.1,0.1,,,,,,,1750939258.348
1568,373447364,1750939680230,3,0.087,0.086717,38.55,BTC-25JUL25-100000-C,107358.71,sell,0.1,0.1,,,,,,,1750939680.23
1569,373447365,1750939680231,3,0.087,0.086717,38.55,BTC-25JUL25-100000-C,107358.71,sell,0.2,0.2,,,,,,,1750939680.231
1570,373447366,1750939680236,3,0.087,0.086717,38.55,BTC-25JUL25-100000-C,107358.71,sell,0.1,0.1,,,,,,,1750939680.236
1571,373453417,1750941419663,2,0.0855,0.08575893,37.35,BTC-25JUL25-100000-C,107276.32,buy,0.2,0.2,,,,,,,1750941419.663
1572,373467034,1750946939981,2,0.085,0.08440611,38.47,BTC-25JUL25-100000-C,107088.84,sell,0.5,0.5,,,,,,,1750946939.981
1573,373485341,1750954076704,0,0.086,0.08558892,38.26,BTC-25JUL25-100000-C,107304.66,sell,10.0,10.0,,,,,,,1750954076.704
1574,373562069,1751009154432,0,0.087,0.08676164,38.12,BTC-25JUL25-100000-C,107551.82,sell,0.4,0.4,,,,,,,1751009154.432
1575,373562070,1751009154443,1,0.087,0.08676164,38.12,BTC-25JUL25-100000-C,107551.82,sell,0.7,0.7,,,,,,,1751009154.443
1576,373572192,1751010945549,2,0.083,0.08253287,38.39,BTC-25JUL25-100000-C,106959.8,sell,1.0,1.0,,,,,,,1751010945.549
1577,373607185,1751029034788,2,0.08,0.07998301,36.86,BTC-25JUL25-100000-C,106685.9,sell,1.0,1.0,,,,,,,1751029034.788
1578,373626672,1751035880306,2,0.0795,0.07951134,36.47,BTC-25JUL25-100000-C,106629.6,sell,1.0,1.0,,,,,,,1751035880.306
1579,373630561,1751037592790,3,0.0795,0.07950628,36.49,BTC-25JUL25-100000-C,106641.57,buy,0.3,0.3,,,,,,,1751037592.79
1580,373658231,1751049555927,3,0.0795,0.07923097,38.03,BTC-25JUL25-100000-C,106540.04,sell,0.3,0.3,,,,,,,1751049555.927
1581,373670451,1751061372396,0,0.083,0.08322858,37.98,BTC-25JUL25-100000-C,107139.45,buy,0.1,0.1,,,,,,,1751061372.396
1582,373670544,1751061582487,1,0.083,0.08308363,38.12,BTC-25JUL25-100000-C,107110.07,buy,0.1,0.1,,,,,,,1751061582.487
1583,373680267,1751076230236,0,0.0835,0.08357306,37.94,BTC-25JUL25-100000-C,107136.66,buy,0.1,0.1,,,,,,,1751076230.236
1584,373680268,1751076234704,1,0.0835,0.08355322,37.93,BTC-25JUL25-100000-C,107139.88,buy,0.1,0.1,,,,,,,1751076234.704
1585,373717976,1751183491666,0,0.085,0.08456163,38.89,BTC-25JUL25-100000-C,107378.04,sell,1.0,1.0,,,,,M,,1751183491.666
1586,373724108,1751187601132,0,0.0875,0.0872452,38.58,BTC-25JUL25-100000-C,107728.55,buy,0.1,0.1,,,,,,,1751187601.132
1587,373731631,1751191800213,0,0.0905,0.09044116,38.92,BTC-25JUL25-100000-C,108165.94,buy,0.1,0.1,,,,,,,1751191800.213
1588,373733093,1751192623664,2,0.09,0.0909361,37.47,BTC-25JUL25-100000-C,108257.77,buy,2.0,2.0,,,,,,,1751192623.664
1589,373786527,1751243088866,0,0.094,0.09409514,39.1,BTC-25JUL25-100000-C,108695.59,buy,0.1,0.1,,,,,,,1751243088.866
1590,373837961,1751295169927,2,0.0815,0.08148157,38.19,BTC-25JUL25-100000-C,107052.13,sell,0.2,0.2,,,,,,,1751295169.927
1591,373843353,1751295899112,2,0.0805,0.08060698,37.62,BTC-25JUL25-100000-C,106957.0,sell,1.0,1.0,,,,,,,1751295899.112
1592,373843405,1751295924287,3,0.0805,0.08058866,37.67,BTC-25JUL25-100000-C,106946.73,sell,1.0,1.0,,,,,,,1751295924.287
1593,373935512,1751365501480,2,0.0775,0.07692001,37.79,BTC-25JUL25-100000-C,106564.09,sell,1.0,1.0,,,,,,,1751365501.48
1594,373995045,1751396887555,2,0.071,0.07012276,37.83,BTC-25JUL25-100000-C,105591.6,sell,1.0,1.0,,,,,,,1751396887.555
1595,373996541,1751397719037,2,0.0705,0.07088371,36.2,BTC-25JUL25-100000-C,105717.97,sell,0.5,0.5,,,,,,,1751397719.037
1597,374000982,1751400190978,3,0.0685,0.06818049,37.08,BTC-25JUL25-100000-C,105297.78,sell,0.9,0.9,,,,,,,1751400190.978
1596,374000981,1751400190978,2,0.0685,0.06818049,37.08,BTC-25JUL25-100000-C,105297.78,sell,0.1,0.1,,,,,,,1751400190.978
1598,374031238,1751431113131,0,0.0741,0.07434843,36.76,BTC-25JUL25-100000-C,106239.01,sell,100.0,100.0,,,6.0,BLOCK-208091,,7562.0,1751431113.131
1599,374084709,1751466851922,0,0.085,0.08576227,36.62,BTC-25JUL25-100000-C,107850.37,buy,4.0,4.0,,,,,,,1751466851.922
1600,374087212,1751467627987,0,0.086,0.08642532,37.12,BTC-25JUL25-100000-C,107949.43,buy,1.0,1.0,,,,,,,1751467627.987
1601,374132048,1751473653375,0,0.096,0.0966283,38.41,BTC-25JUL25-100000-C,109228.59,sell,2.0,2.0,,,,,,,1751473653.375
1602,374149038,1751478768356,2,0.0945,0.09558152,37.99,BTC-25JUL25-100000-C,109097.71,sell,4.8,4.8,,,,,,,1751478768.356
1603,374149039,1751478768358,3,0.0945,0.09558152,37.99,BTC-25JUL25-100000-C,109097.71,buy,5.2,5.2,,,,,,,1751478768.358
1604,374224367,1751534383151,0,0.1012,0.10109051,40.8,BTC-25JUL25-100000-C,109844.06,buy,12.5,12.5,,BTC-CDIAG-26SEP25_25JUL25-105000_100000,2.0,BLOCK-208449,,,1751534383.151
1605,374534557,1751821908049,2,0.0915,0.09008623,40.99,BTC-25JUL25-100000-C,108812.35,buy,0.1,0.1,,,,,,,1751821908.049
1606,374535096,1751823298546,0,0.092,0.09107268,40.16,BTC-25JUL25-100000-C,108943.45,buy,0.2,0.2,,,,,,,1751823298.546
1607,374535270,1751823473825,1,0.092,0.09109501,40.14,BTC-25JUL25-100000-C,108942.95,buy,0.2,0.2,,,,,,,1751823473.825
1608,374536662,1751826396271,2,0.091,0.0893667,41.35,BTC-25JUL25-100000-C,108727.74,buy,0.1,0.1,,,,,,,1751826396.271
1609,374536755,1751826441771,2,0.0905,0.08892419,41.25,BTC-25JUL25-100000-C,108665.98,buy,0.1,0.1,,,,,,,1751826441.771
1610,374536853,1751826459523,2,0.09,0.08852915,41.12,BTC-25JUL25-100000-C,108604.19,buy,0.1,0.1,,,,,,,1751826459.523
1611,374537001,1751826481394,2,0.0895,0.08821309,40.72,BTC-25JUL25-100000-C,108558.24,buy,0.1,0.1,,,,,,,1751826481.394
1612,374537271,1751826508206,3,0.0895,0.08835963,40.4,BTC-25JUL25-100000-C,108574.48,buy,0.1,0.1,,,,,,,1751826508.206
1613,374658703,1751941052648,2,0.079,0.07988006,35.97,BTC-25JUL25-100000-C,107537.15,sell,4.2,4.2,,,,,,,1751941052.648
1614,374658705,1751941052654,3,0.079,0.07988006,35.97,BTC-25JUL25-100000-C,107537.15,sell,0.1,0.1,,,,,,,1751941052.654
1615,374658708,1751941052680,3,0.079,0.07988006,35.97,BTC-25JUL25-100000-C,107537.15,sell,0.1,0.1,,,,,,,1751941052.68
1616,374665924,1751953307232,0,0.083,0.08323752,36.66,BTC-25JUL25-100000-C,108071.93,buy,0.1,0.1,,,,,,,1751953307.232
1617,374691888,1751982393496,0,0.092,0.09160254,37.24,BTC-25JUL25-100000-C,109223.83,buy,0.1,0.1,,,,,,,1751982393.496
1618,374810921,1752090308611,0,0.108,0.10817963,38.3,BTC-25JUL25-100000-C,111430.28,buy,0.1,0.1,,,,,,,1752090308.611
1619,374829881,1752093574128,2,0.1045,0.10464489,38.97,BTC-25JUL25-100000-C,110943.26,sell,1.0,1.0,,,,,,,1752093574.128
1620,374841644,1752099380877,0,0.108,0.10775246,40.27,BTC-25JUL25-100000-C,111316.89,buy,0.1,0.1,,,,,,,1752099380.877
1621,374869879,1752111892877,2,0.107,0.10694676,39.33,BTC-25JUL25-100000-C,111239.61,sell,1.0,1.0,374869878,BTC-CDIAG-29AUG25_25JUL25-102000_100000,,,,,1752111892.877
1622,374869884,1752111901526,2,0.1069,0.10696795,38.96,BTC-25JUL25-100000-C,111240.91,sell,1.0,1.0,374869883,BTC-CDIAG-29AUG25_25JUL25-102000_100000,,,,,1752111901.526
1623,374965608,1752168700648,0,0.125,0.12459167,44.03,BTC-25JUL25-100000-C,113642.82,buy,0.1,0.1,,,,,,,1752168700.648
1624,374994985,1752179275916,2,0.123,0.12284974,42.17,BTC-25JUL25-100000-C,113486.22,buy,0.1,0.1,,,,,,,1752179275.916
1625,374995197,1752179485103,3,0.123,0.12310374,40.93,BTC-25JUL25-100000-C,113524.31,buy,0.1,0.1,,,,,,,1752179485.103
1626,374995202,1752179492273,3,0.123,0.12307469,41.03,BTC-25JUL25-100000-C,113524.12,buy,0.1,0.1,,,,,,,1752179492.273
1627,374995263,1752179542166,3,0.123,0.12308588,40.98,BTC-25JUL25-100000-C,113535.3,buy,0.1,0.1,,,,,,,1752179542.166
1628,375001275,1752182250307,0,0.13,0.12830681,48.52,BTC-25JUL25-100000-C,114286.99,buy,0.1,0.1,,,,,,,1752182250.307
1629,375004147,1752182292287,0,0.135,0.13416285,46.19,BTC-25JUL25-100000-C,115003.4,buy,0.1,0.1,,,,,,,1752182292.287
1630,375008429,1752182362190,0,0.14,0.13984259,43.78,BTC-25JUL25-100000-C,115669.33,buy,0.1,0.1,,,,,,,1752182362.19
1631,375010486,1752182368557,0,0.145,0.14202195,52.12,BTC-25JUL25-100000-C,116158.36,buy,0.1,0.1,,,,,,,1752182368.557
1632,375010912,1752182369749,0,0.15,0.14314399,66.86,BTC-25JUL25-100000-C,116177.99,buy,0.1,0.1,,,,,,,1752182369.749
1633,375030652,1752182870835,2,0.1395,0.1401395,39.41,BTC-25JUL25-100000-C,115887.69,buy,0.6,0.6,,,,,M,,1752182870.835
1634,375074886,1752189448954,0,0.141,0.14110065,44.41,BTC-25JUL25-100000-C,115948.87,sell,0.2,0.2,,,,,,,1752189448.954
1635,375074889,1752189449211,1,0.141,0.14110065,44.41,BTC-25JUL25-100000-C,115948.87,sell,0.2,0.2,,,,,,,1752189449.211
1636,375074891,1752189449726,1,0.141,0.14110065,44.41,BTC-25JUL25-100000-C,115948.87,sell,0.3,0.3,,,,,,,1752189449.726
1637,375074893,1752189451803,1,0.141,0.1410749,45.21,BTC-25JUL25-100000-C,115930.19,sell,0.3,0.3,,,,,,,1752189451.803
1638,375089730,1752195414224,2,0.139,0.13877879,44.52,BTC-25JUL25-100000-C,115648.38,buy,0.2,0.2,,,,,,,1752195414.224
1639,375127685,1752210520420,0,0.1505,0.15098919,40.8,BTC-25JUL25-100000-C,117288.49,buy,0.5,0.5,,,,,,,1752210520.42
1640,375141696,1752211860441,0,0.155,0.15438448,51.1,BTC-25JUL25-100000-C,117661.87,buy,0.1,0.1,,,,,,,1752211860.441
1641,375157219,1752212903291,0,0.16,0.15947391,51.03,BTC-25JUL25-100000-C,118381.66,buy,0.1,0.1,,,,,,,1752212903.291
1642,375180936,1752214928893,2,0.1595,0.15924366,51.73,BTC-25JUL25-100000-C,118340.83,sell,0.8,0.8,,,,,,,1752214928.893
1643,375180937,1752214928895,3,0.1595,0.15924366,51.73,BTC-25JUL25-100000-C,118340.83,sell,0.2,0.2,,,,,,,1752214928.895
1644,375181089,1752215000698,3,0.1595,0.15930439,51.42,BTC-25JUL25-100000-C,118353.56,sell,1.0,1.0,,,,,,,1752215000.698
1645,375185296,1752215900753,2,0.1575,0.15756676,49.88,BTC-25JUL25-100000-C,118093.6,buy,0.5,0.5,,,,,,,1752215900.753
1646,375185506,1752216036783,3,0.1575,0.15717821,52.11,BTC-25JUL25-100000-C,118031.09,sell,1.0,1.0,,,,,,,1752216036.783
1647,375194837,1752218311412,2,0.1545,0.15440903,50.28,BTC-25JUL25-100000-C,117639.36,sell,1.0,1.0,,,,,,,1752218311.412
1648,375322104,1752253598086,2,0.1535,0.15358295,46.03,BTC-25JUL25-100000-C,117622.02,buy,0.1,0.1,,,,,,,1752253598.086
1649,375339267,1752261878974,0,0.1565,0.15639675,48.53,BTC-25JUL25-100000-C,118052.21,buy,0.1,0.1,,,,,,,1752261878.974
1650,375377443,1752305630463,2,0.155,0.15484573,48.11,BTC-25JUL25-100000-C,117867.79,sell,2.0,2.0,,,,,,,1752305630.463
1651,375377498,1752305664688,3,0.155,0.15489964,47.05,BTC-25JUL25-100000-C,117882.58,sell,1.0,1.0,,,,,,,1752305664.688
1652,375377644,1752305720763,3,0.155,0.15491232,47.12,BTC-25JUL25-100000-C,117878.49,sell,0.1,0.1,,,,,,,1752305720.763
1653,375377649,1752305720775,3,0.155,0.15491232,47.12,BTC-25JUL25-100000-C,117878.49,sell,0.4,0.4,,,,,,,1752305720.775
1654,375377655,1752305720954,3,0.155,0.15491232,47.12,BTC-25JUL25-100000-C,117878.49,sell,0.5,0.5,,,,,,,1752305720.954
1655,375404738,1752333849206,2,0.151,0.15172883,38.26,BTC-25JUL25-100000-C,117364.7,buy,1.0,1.0,,,,,,,1752333849.206
1656,375431641,1752380639889,0,0.155,0.15508139,49.1,BTC-25JUL25-100000-C,117843.82,sell,0.1,0.1,,,,,,,1752380639.889
1657,375431642,1752380640038,1,0.155,0.15508139,49.1,BTC-25JUL25-100000-C,117843.82,sell,0.1,0.1,,,,,,,1752380640.038
1658,375433341,1752385290858,0,0.1555,0.15553582,49.94,BTC-25JUL25-100000-C,117910.66,sell,0.3,0.3,,,,,,,1752385290.858
1659,375437288,1752393311279,0,0.156,0.1560396,50.17,BTC-25JUL25-100000-C,117983.01,sell,0.3,0.3,,,,,,,1752393311.279
1660,375437301,1752393311299,1,0.156,0.1560396,50.17,BTC-25JUL25-100000-C,117983.01,sell,0.2,0.2,,,,,,,1752393311.299
1661,375438137,1752394012287,1,0.156,0.15608625,49.87,BTC-25JUL25-100000-C,117998.94,sell,0.5,0.5,,,,,,,1752394012.287
1662,375438377,1752394391084,2,0.1555,0.15582517,47.64,BTC-25JUL25-100000-C,117957.74,buy,1.0,1.0,,,,,,,1752394391.084
1663,375456513,1752409815732,0,0.158,0.15817582,50.04,BTC-25JUL25-100000-C,118232.49,sell,0.5,0.5,,,,,,,1752409815.732
1664,375459773,1752410234561,2,0.1575,0.15765911,50.53,BTC-25JUL25-100000-C,118151.08,sell,0.5,0.5,,,,,,,1752410234.561
1665,375464020,1752411048679,0,0.1595,0.15843329,57.23,BTC-25JUL25-100000-C,118296.4,buy,0.1,0.1,,,,,,,1752411048.679
1666,375464089,1752411052345,2,0.159,0.15929541,49.12,BTC-25JUL25-100000-C,118377.95,sell,0.1,0.1,,,,,,,1752411052.345
1667,375464090,1752411052353,3,0.159,0.15929541,49.12,BTC-25JUL25-100000-C,118377.95,sell,0.1,0.1,,,,,,,1752411052.353
1668,375464094,1752411052929,3,0.159,0.15929541,49.12,BTC-25JUL25-100000-C,118377.95,sell,0.3,0.3,,,,,,,1752411052.929
1669,375464130,1752411061801,2,0.1585,0.15867432,50.71,BTC-25JUL25-100000-C,118295.31,sell,0.1,0.1,,,,,,,1752411061.801
1670,375464139,1752411062366,3,0.1585,0.15866646,51.76,BTC-25JUL25-100000-C,118278.73,sell,0.1,0.1,,,,,,,1752411062.366
1671,375464140,1752411062379,3,0.1585,0.15866646,51.76,BTC-25JUL25-100000-C,118278.73,sell,0.1,0.1,,,,,,,1752411062.379
1672,375464141,1752411062396,3,0.1585,0.15866646,51.76,BTC-25JUL25-100000-C,118278.73,sell,0.2,0.2,,,,,,,1752411062.396
1673,375464425,1752411129592,0,0.159,0.1590347,51.56,BTC-25JUL25-100000-C,118360.76,sell,0.5,0.5,,,,,,,1752411129.592
1674,375464739,1752411167753,0,0.1595,0.15961819,51.1,BTC-25JUL25-100000-C,118449.34,sell,0.1,0.1,,,,,,,1752411167.753
1675,375464740,1752411167761,1,0.1595,0.15961819,51.1,BTC-25JUL25-100000-C,118449.34,sell,0.1,0.1,,,,,,,1752411167.761
1676,375464741,1752411167775,1,0.1595,0.15961819,51.1,BTC-25JUL25-100000-C,118449.34,sell,0.1,0.1,,,,,,,1752411167.775
1677,375465520,1752411281772,0,0.1605,0.16070931,50.58,BTC-25JUL25-100000-C,118613.93,sell,0.1,0.1,,,,,,,1752411281.772
1678,375465521,1752411281772,1,0.1605,0.16070931,50.58,BTC-25JUL25-100000-C,118613.93,sell,0.1,0.1,,,,,,,1752411281.772
1679,375466065,1752411392627,2,0.16,0.16014533,51.49,BTC-25JUL25-100000-C,118528.4,sell,0.1,0.1,,,,,,,1752411392.627
1680,375466066,1752411392638,3,0.16,0.16014533,51.49,BTC-25JUL25-100000-C,118528.4,sell,0.1,0.1,,,,,,,1752411392.638
1681,375466076,1752411392798,3,0.16,0.16014533,51.49,BTC-25JUL25-100000-C,118528.4,sell,0.1,0.1,,,,,,,1752411392.798
1682,375467168,1752411768285,0,0.1605,0.16063081,53.11,BTC-25JUL25-100000-C,118563.52,sell,0.2,0.2,,,,,,,1752411768.285
1683,375467442,1752411837688,2,0.1595,0.1598271,50.2,BTC-25JUL25-100000-C,118450.57,sell,0.5,0.5,,,,,,,1752411837.688
1684,375468464,1752412378026,2,0.158,0.15814926,51.29,BTC-25JUL25-100000-C,118255.85,sell,0.5,0.5,,,,,,,1752412378.026
1685,375469284,1752413325230,0,0.159,0.15904851,51.82,BTC-25JUL25-100000-C,118369.44,sell,0.1,0.1,,,,,,,1752413325.23
1686,375469287,1752413325268,1,0.159,0.15904851,51.82,BTC-25JUL25-100000-C,118369.44,sell,0.1,0.1,,,,,,,1752413325.268
1687,375469288,1752413325275,1,0.159,0.15904851,51.82,BTC-25JUL25-100000-C,118369.44,sell,0.1,0.1,,,,,,,1752413325.275
1688,375469289,1752413325280,1,0.159,0.15904851,51.82,BTC-25JUL25-100000-C,118369.44,sell,0.1,0.1,,,,,,,1752413325.28
1689,375469291,1752413325993,1,0.159,0.1590471,51.91,BTC-25JUL25-100000-C,118368.01,sell,0.1,0.1,,,,,,,1752413325.993
1690,375469957,1752413856512,0,0.16,0.1600425,52.29,BTC-25JUL25-100000-C,118511.0,sell,0.5,0.5,,,,,,,1752413856.512
1691,375473383,1752416151492,0,0.1615,0.16149901,52.95,BTC-25JUL25-100000-C,118720.19,sell,0.4,0.4,,,,,,,1752416151.492
1692,375473389,1752416152528,1,0.1615,0.1615097,52.89,BTC-25JUL25-100000-C,118720.15,sell,0.1,0.1,,,,,,,1752416152.528
1693,375474399,1752416308374,0,0.1625,0.16224746,54.43,BTC-25JUL25-100000-C,118852.49,buy,0.1,0.1,,,,,,,1752416308.374
1694,375475353,1752416313632,0,0.165,0.16404029,57.6,BTC-25JUL25-100000-C,119201.19,buy,0.1,0.1,,,,,,,1752416313.632
1695,375475491,1752416314150,0,0.1655,0.16404029,60.74,BTC-25JUL25-100000-C,119201.19,buy,0.1,0.1,,,,,,,1752416314.15
1696,375475992,1752416318028,1,0.1655,0.16544226,50.8,BTC-25JUL25-100000-C,119337.5,sell,0.5,0.5,,,,,,,1752416318.028
1697,375477199,1752416369265,2,0.165,0.16539863,51.1,BTC-25JUL25-100000-C,119258.81,sell,0.5,0.5,,,,,,,1752416369.265
1698,375477305,1752416381463,3,0.165,0.1649928,53.29,BTC-25JUL25-100000-C,119234.42,sell,0.5,0.5,,,,,,,1752416381.463
1699,375477525,1752416402927,3,0.165,0.16514406,52.01,BTC-25JUL25-100000-C,119275.42,sell,0.5,0.5,,,,,,,1752416402.927
1700,375478024,1752416433518,0,0.1655,0.1658368,50.29,BTC-25JUL25-100000-C,119333.65,sell,0.5,0.5,,,,,,,1752416433.518
1701,375487953,1752420139151,2,0.1625,0.16314229,47.29,BTC-25JUL25-100000-C,118977.62,buy,0.1,0.1,,,,,M,,1752420139.151
1702,375498526,1752424203922,3,0.1625,0.16207082,57.06,BTC-25JUL25-100000-C,118800.99,sell,0.5,0.5,,,,,,,1752424203.922
1703,375591332,1752459978122,0,0.1685,0.16784485,60.08,BTC-25JUL25-100000-C,119747.18,buy,0.1,0.1,,,,,,,1752459978.122
1704,375594812,1752461241196,0,0.17,0.16975072,58.4,BTC-25JUL25-100000-C,119931.19,buy,0.1,0.1,,,,,,,1752461241.196
1705,375603001,1752464538406,0,0.1715,0.17055258,63.1,BTC-25JUL25-100000-C,120037.01,buy,0.1,0.1,,,,,,,1752464538.406
1706,375603638,1752464545696,0,0.173,0.1717011,63.99,BTC-25JUL25-100000-C,120222.89,buy,0.1,0.1,,,,,,,1752464545.696
1707,375604147,1752464547971,0,0.1745,0.17208281,71.07,BTC-25JUL25-100000-C,120271.23,buy,0.1,0.1,,,,,,,1752464547.971
1708,375604469,1752464548846,0,0.176,0.17229581,75.48,BTC-25JUL25-100000-C,120335.67,buy,0.1,0.1,,,,,,,1752464548.846
1709,375605416,1752464552144,0,0.1775,0.17375826,74.59,BTC-25JUL25-100000-C,120666.15,buy,0.1,0.1,,,,,,,1752464552.144
1710,375609606,1752464592871,0,0.179,0.17650621,74.89,BTC-25JUL25-100000-C,120772.05,buy,0.1,0.1,,,,,,,1752464592.871
1711,375610097,1752464594243,0,0.1805,0.17645394,81.11,BTC-25JUL25-100000-C,120899.77,buy,0.1,0.1,,,,,,,1752464594.243
1712,375650271,1752470489174,0,0.182,0.18153658,62.29,BTC-25JUL25-100000-C,121630.79,buy,0.1,0.1,,,,,,,1752470489.174
1713,375651840,1752470564639,0,0.1835,0.18192813,64.7,BTC-25JUL25-100000-C,121813.83,buy,0.1,0.1,,,,,,,1752470564.639
1714,375654004,1752470598653,0,0.185,0.18402861,65.89,BTC-25JUL25-100000-C,122009.45,buy,0.1,0.1,,,,,,,1752470598.653
1715,375656200,1752470672765,0,0.1865,0.18465746,69.16,BTC-25JUL25-100000-C,122133.16,buy,0.1,0.1,,,,,,,1752470672.765
1716,375657048,1752470675871,0,0.188,0.18560966,70.09,BTC-25JUL25-100000-C,122328.75,buy,0.1,0.1,,,,,,,1752470675.871
1717,375682223,1752474701907,2,0.1855,0.18559411,59.5,BTC-25JUL25-100000-C,122207.05,sell,0.3,0.3,,,,,,,1752474701.907
1718,375689523,1752477188511,0,0.1865,0.18658135,59.59,BTC-25JUL25-100000-C,122368.22,sell,0.7,0.7,,,,,,,1752477188.511
1719,375692746,1752477954159,1,0.1865,0.18658797,59.98,BTC-25JUL25-100000-C,122342.35,sell,0.3,0.3,,,,,,,1752477954.159
1720,375695020,1752478600592,0,0.1895,0.18866539,68.26,BTC-25JUL25-100000-C,122672.53,buy,0.1,0.1,,,,,,,1752478600.592
1721,375695567,1752478611328,1,0.1895,0.18953718,60.44,BTC-25JUL25-100000-C,122795.47,sell,0.7,0.7,,,,,,,1752478611.328
1722,375695874,1752478631963,2,0.1885,0.18885806,58.86,BTC-25JUL25-100000-C,122670.2,sell,0.1,0.1,,,,,,,1752478631.963
1723,375695875,1752478632284,3,0.1885,0.18877285,59.95,BTC-25JUL25-100000-C,122655.73,sell,0.9,0.9,,,,,,,1752478632.284
1724,375696534,1752478701375,0,0.191,0.18988748,66.72,BTC-25JUL25-100000-C,122925.74,buy,0.1,0.1,,,,,,,1752478701.375
1725,375697477,1752478707003,0,0.1915,0.19172062,53.48,BTC-25JUL25-100000-C,123163.63,sell,0.1,0.1,,,,,,,1752478707.003
1726,375697478,1752478707008,1,0.1915,0.19172062,53.48,BTC-25JUL25-100000-C,123163.63,sell,0.1,0.1,,,,,,,1752478707.008
1727,375697480,1752478707017,1,0.1915,0.19172062,53.48,BTC-25JUL25-100000-C,123163.63,sell,0.1,0.1,,,,,,,1752478707.017
1728,375697572,1752478707277,1,0.1915,0.19172729,53.67,BTC-25JUL25-100000-C,123163.89,sell,0.7,0.7,,,,,,,1752478707.277
1729,375698504,1752478737140,0,0.1925,0.19183317,65.18,BTC-25JUL25-100000-C,123198.32,buy,0.1,0.1,,,,,,,1752478737.14
1730,375698543,1752478740764,2,0.192,0.19214995,59.78,BTC-25JUL25-100000-C,123189.63,sell,0.1,0.1,,,,,,,1752478740.764
1731,375698545,1752478740884,3,0.192,0.19214995,59.78,BTC-25JUL25-100000-C,123189.63,sell,0.1,0.1,,,,,,,1752478740.884
1732,375698546,1752478740887,3,0.192,0.19214995,59.78,BTC-25JUL25-100000-C,123189.63,sell,0.2,0.2,,,,,,,1752478740.887
1733,375698574,1752478741776,3,0.192,0.1921537,60.88,BTC-25JUL25-100000-C,123186.1,sell,0.5,0.5,,,,,,,1752478741.776
1734,375698575,1752478741777,3,0.192,0.1921537,60.88,BTC-25JUL25-100000-C,123186.1,sell,0.1,0.1,,,,,,,1752478741.777
1735,375698663,1752478744753,2,0.1915,0.1919464,59.8,BTC-25JUL25-100000-C,123104.37,sell,0.6,0.6,,,,,,,1752478744.753
1736,375698664,1752478744761,3,0.1915,0.1919464,59.8,BTC-25JUL25-100000-C,123104.37,sell,0.4,0.4,,,,,,,1752478744.761
1737,375703576,1752479761269,2,0.19,0.19016141,60.64,BTC-25JUL25-100000-C,122881.52,sell,1.0,1.0,,,,,,,1752479761.269
1739,375704568,1752480036498,3,0.189,0.18918928,62.85,BTC-25JUL25-100000-C,122726.79,sell,1.0,1.0,,,,,,,1752480036.498
1738,375704567,1752480036498,2,0.189,0.18918928,62.85,BTC-25JUL25-100000-C,122726.79,sell,0.5,0.5,,,,,,,1752480036.498
1740,375719767,1752483460113,2,0.1875,0.18756949,61.22,BTC-25JUL25-100000-C,122578.93,buy,1.0,1.0,,,,,,,1752483460.113
1741,375722810,1752484859136,2,0.185,0.18498823,61.66,BTC-25JUL25-100000-C,122199.85,sell,0.4,0.4,,,,,,,1752484859.136
1742,375722811,1752484859257,3,0.185,0.18498823,61.66,BTC-25JUL25-100000-C,122199.85,sell,0.3,0.3,,,,,,,1752484859.257
1743,375722812,1752484859273,3,0.185,0.18498823,61.66,BTC-25JUL25-100000-C,122199.85,sell,0.3,0.3,,,,,,,1752484859.273
1744,375723773,1752485198777,2,0.1845,0.18453235,61.43,BTC-25JUL25-100000-C,122144.68,sell,0.4,0.4,,,,,,,1752485198.777
1745,375723774,1752485198786,3,0.1845,0.18453235,61.43,BTC-25JUL25-100000-C,122144.68,sell,0.1,0.1,,,,,,,1752485198.786
1746,375724279,1752485302131,2,0.184,0.1842362,59.03,BTC-25JUL25-100000-C,122112.33,sell,0.5,0.5,,,,,,,1752485302.131
1747,375759190,1752495804820,2,0.1815,0.18151988,59.29,BTC-25JUL25-100000-C,121749.35,buy,0.1,0.1,,,,,,,1752495804.82
1748,375791931,1752503706352,2,0.1764,0.17648729,59.22,BTC-25JUL25-100000-C,121051.03,buy,1.0,1.0,375791930,BTC-CDIAG-26SEP25_25JUL25-105000_100000,,,,,1752503706.352
1749,375808726,1752505489951,0,0.1765,0.17607617,65.51,BTC-25JUL25-100000-C,120933.17,sell,2.0,2.0,,,,,,,1752505489.951
1750,375932263,1752551460642,2,0.1525,0.15191695,61.89,BTC-25JUL25-100000-C,117395.91,sell,2.5,2.5,,,,,,,1752551460.642
1751,375932264,1752551460643,3,0.1525,0.15191695,61.89,BTC-25JUL25-100000-C,117395.91,sell,5.5,5.5,,,,,,,1752551460.643
1752,375946524,1752554411945,3,0.1525,0.15203438,61.99,BTC-25JUL25-100000-C,117389.12,sell,7.0,7.0,,,,,,,1752554411.945
1753,375971481,1752565933437,2,0.1445,0.14451556,55.13,BTC-25JUL25-100000-C,116442.05,sell,1.1,1.1,,,,,,,1752565933.437
1755,375971493,1752565933457,3,0.1445,0.14451556,55.13,BTC-25JUL25-100000-C,116442.05,sell,0.8,0.8,,,,,,,1752565933.457
1754,375971492,1752565933457,3,0.1445,0.14451556,55.13,BTC-25JUL25-100000-C,116442.05,sell,0.1,0.1,,,,,,,1752565933.457
1756,376154066,1752635545529,0,0.1499,0.14973985,53.09,BTC-25JUL25-100000-C,117298.61,sell,0.1,0.1,376154065,BTC-CS-25JUL25-98000_100000,,,,,1752635545.529
1757,376154070,1752635545664,1,0.1499,0.14973985,53.09,BTC-25JUL25-100000-C,117298.61,sell,0.1,0.1,376154069,BTC-CS-25JUL25-98000_100000,,,,,1752635545.664
1758,376154073,1752635545683,1,0.1499,0.14973985,53.09,BTC-25JUL25-100000-C,117298.61,sell,0.1,0.1,376154072,BTC-CS-25JUL25-98000_100000,,,,,1752635545.683
1759,376154076,1752635546471,1,0.1499,0.14973739,53.16,BTC-25JUL25-100000-C,117298.61,sell,0.1,0.1,376154075,BTC-CS-25JUL25-98000_100000,,,,,1752635546.471
1760,376154080,1752635546498,1,0.1499,0.14973739,53.16,BTC-25JUL25-100000-C,117298.61,sell,0.1,0.1,376154078,BTC-CS-25JUL25-98000_100000,,,,,1752635546.498
1761,376154082,1752635546542,1,0.1499,0.14973739,53.16,BTC-25JUL25-100000-C,117298.61,sell,0.1,0.1,376154081,BTC-CS-25JUL25-98000_100000,,,,,1752635546.542
1762,376154086,1752635547471,1,0.1499,0.14973736,53.19,BTC-25JUL25-100000-C,117297.61,sell,0.1,0.1,376154085,BTC-CS-25JUL25-98000_100000,,,,,1752635547.471
1763,376154089,1752635547496,1,0.1499,0.14973736,53.19,BTC-25JUL25-100000-C,117297.61,sell,0.1,0.1,376154088,BTC-CS-25JUL25-98000_100000,,,,,1752635547.496
1764,376154092,1752635547515,1,0.1499,0.14973736,53.19,BTC-25JUL25-100000-C,117297.61,sell,0.1,0.1,376154091,BTC-CS-25JUL25-98000_100000,,,,,1752635547.515
1765,376154096,1752635548468,1,0.1499,0.14972837,53.29,BTC-25JUL25-100000-C,117291.42,sell,0.1,0.1,376154094,BTC-CS-25JUL25-98000_100000,,,,,1752635548.468
1766,376369286,1752756147974,0,0.154,0.15389797,57.45,BTC-25JUL25-100000-C,117866.77,buy,0.2,0.2,,,,,,,1752756147.974
1767,376369592,1752756303246,0,0.155,0.155054,56.67,BTC-25JUL25-100000-C,118011.15,buy,0.2,0.2,,,,,,,1752756303.246
1768,376659285,1752867541996,2,0.1515,0.15122586,64.63,BTC-25JUL25-100000-C,117614.83,buy,5.0,5.0,,,,,,,1752867541.996
1769,376660392,1752867957245,2,0.1505,0.15046442,61.02,BTC-25JUL25-100000-C,117510.25,buy,5.0,5.0,,,,,,,1752867957.245
1770,376661251,1752868245384,3,0.1505,0.15036515,62.39,BTC-25JUL25-100000-C,117493.07,buy,3.0,3.0,,,,,,,1752868245.384
1772,376661879,1752868656285,3,0.1505,0.15043149,61.27,BTC-25JUL25-100000-C,117517.88,buy,3.0,3.0,,,,,,,1752868656.285
1771,376661878,1752868656285,3,0.1505,0.15043149,61.27,BTC-25JUL25-100000-C,117517.88,buy,3.0,3.0,,,,,,,1752868656.285
1773,376663013,1752869032613,2,0.1495,0.1492027,64.76,BTC-25JUL25-100000-C,117331.71,buy,3.0,3.0,,,,,,,1752869032.613
1775,376663015,1752869032613,3,0.1495,0.1492027,64.76,BTC-25JUL25-100000-C,117331.71,buy,1.6,1.6,,,,,,,1752869032.613
1774,376663014,1752869032613,3,0.1495,0.1492027,64.76,BTC-25JUL25-100000-C,117331.71,buy,3.0,3.0,,,,,,,1752869032.613
1776,376663602,1752869238960,2,0.1485,0.14833768,61.58,BTC-25JUL25-100000-C,117232.06,buy,3.0,3.0,,,,,,,1752869238.96
1777,376663603,1752869238992,3,0.1485,0.14833768,61.58,BTC-25JUL25-100000-C,117232.06,buy,3.0,3.0,,,,,,,1752869238.992
1778,376667235,1752870616671,2,0.1475,0.14732254,61.09,BTC-25JUL25-100000-C,117107.21,buy,3.0,3.0,,,,,,,1752870616.671
1779,376667909,1752870769881,2,0.1465,0.14599299,65.85,BTC-25JUL25-100000-C,116921.52,buy,0.2,0.2,,,,,,,1752870769.881
1780,376667944,1752870771041,3,0.1465,0.14598516,63.67,BTC-25JUL25-100000-C,116948.97,buy,2.8,2.8,,,,,,,1752870771.041
1781,376670378,1752871251286,3,0.1465,0.14637126,61.54,BTC-25JUL25-100000-C,116967.69,buy,4.0,4.0,,,,,,,1752871251.286
1782,376670379,1752871251286,3,0.1465,0.14637126,61.54,BTC-25JUL25-100000-C,116967.69,buy,3.0,3.0,,,,,,,1752871251.286
1783,376672400,1752871861708,0,0.15,0.14983709,62.71,BTC-25JUL25-100000-C,117440.78,buy,3.0,3.0,,,,,,,1752871861.708
1784,376673334,1752872434374,1,0.15,0.14987592,62.72,BTC-25JUL25-100000-C,117448.3,buy,4.0,4.0,,,,,,,1752872434.374
1785,376710154,1752921098409,0,0.1575,0.15748938,65.21,BTC-25JUL25-100000-C,118390.99,buy,0.2,0.2,,,,,,,1752921098.409
1786,376778767,1753020417092,0,0.16,0.15961792,75.25,BTC-25JUL25-100000-C,118706.69,buy,0.1,0.1,,,,,,,1753020417.092
1787,376800388,1753043429322,2,0.156,0.15577658,78.57,BTC-25JUL25-100000-C,118134.88,sell,0.6,0.6,,,,,,,1753043429.322
1788,376848664,1753069347468,0,0.158,0.15742138,88.07,BTC-25JUL25-100000-C,118463.29,sell,3.5,3.5,,,,,,,1753069347.468
1789,376864606,1753082425003,0,0.165,0.16476267,85.61,BTC-25JUL25-100000-C,119492.66,buy,0.1,0.1,,,,,,,1753082425.003
1790,376867207,1753083678143,2,0.1645,0.16450823,80.21,BTC-25JUL25-100000-C,119430.99,sell,1.0,1.0,,,,,,,1753083678.143
1791,376878050,1753089368101,2,0.161,0.16111488,75.02,BTC-25JUL25-100000-C,118965.85,sell,0.3,0.3,,,,,,,1753089368.101
1792,376890452,1753098932044,2,0.156,0.15591906,81.46,BTC-25JUL25-100000-C,118242.27,sell,0.5,0.5,,,,,,,1753098932.044
1793,376891138,1753099253240,2,0.155,0.15501809,77.91,BTC-25JUL25-100000-C,118136.34,sell,0.3,0.3,,,,,,,1753099253.24
1794,376920675,1753113441974,0,0.1575,0.15740767,83.58,BTC-25JUL25-100000-C,118502.3,sell,0.3,0.3,,,,,,,1753113441.974
1795,376926437,1753115671545,2,0.154,0.15412623,73.14,BTC-25JUL25-100000-C,118050.44,buy,0.2,0.2,,,,,,,1753115671.545
1796,376928564,1753117619867,2,0.1535,0.15376024,71.14,BTC-25JUL25-100000-C,117977.06,sell,0.8,0.8,,,,,,,1753117619.867
1797,376942665,1753125842468,2,0.1505,0.14992441,89.7,BTC-25JUL25-100000-C,117457.62,sell,0.1,0.1,,,,,,,1753125842.468
1798,376942666,1753125842468,3,0.1505,0.14992441,89.7,BTC-25JUL25-100000-C,117457.62,sell,0.3,0.3,,,,,,,1753125842.468
1799,376945331,1753126679928,2,0.1465,0.14620441,84.71,BTC-25JUL25-100000-C,116927.72,sell,0.5,0.5,,,,,,,1753126679.928
1800,376950739,1753128401472,2,0.1455,0.14561521,77.24,BTC-25JUL25-100000-C,116815.84,sell,0.5,0.5,,,,,,,1753128401.472
1801,376956647,1753132072484,0,0.148,0.1477898,84.99,BTC-25JUL25-100000-C,117163.71,sell,0.3,0.3,,,,,,,1753132072.484
1802,377086721,1753201076681,0,0.1635,0.16408451,0.0,BTC-25JUL25-100000-C,119427.52,sell,10.0,10.0,,,,,,,1753201076.681
1803,377182305,1753268694926,2,0.1546,0.15630993,0.0,BTC-25JUL25-100000-C,118435.34,sell,13.5,13.5,,,128.0,BLOCK-212796,,,1753268694.926
1804,377259230,1753308540020,0,0.155,0.15513758,91.73,BTC-25JUL25-100000-C,118232.36,buy,0.5,0.5,,,,,,,1753308540.02
1805,377426494,1753391471386,0,0.1588,0.1583109,233.7,BTC-25JUL25-100000-C,118723.17,buy,0.1,0.1,377426493,BTC-CCAL-29AUG25_25JUL25-100000,,,,,1753391471.386
1806,377426555,1753391480797,2,0.1587,0.15823609,234.45,BTC-25JUL25-100000-C,118706.87,buy,0.9,0.9,377426554,BTC-CCAL-29AUG25_25JUL25-100000,,,,,1753391480.797
1807,377454537,1753405968068,2,0.15,0.14994824,214.22,BTC-25JUL25-100000-C,117613.24,sell,0.1,0.1,,,,,,,1753405968.068
1808,377550320,1753424314534,2,0.135,0.13439137,532.0,BTC-25JUL25-100000-C,115415.07,buy,0.9,0.9,,,,,,,1753424314.534
1809,377550736,1753424435236,3,0.135,0.13451985,511.73,BTC-25JUL25-100000-C,115437.38,buy,0.2,0.2,,,,,,,1753424435.236
1810,377550737,1753424435239,3,0.135,0.13451985,511.73,BTC-25JUL25-100000-C,115437.38,sell,1.1,1.1,,,,,,,1753424435.239
