trade_seq,trade_id,timestamp,tick_direction,price,mark_price,iv,instrument_name,index_price,direction,contracts,amount,unix_sec
415,369585770,1748645862615,0,0.0014,0.00136372,69.36,BTC-25JUL25-60000-P,104069.06,buy,0.1,0.1,1748645862.615
416,369589834,1748647537812,2,0.0012,0.00130143,67.89,BTC-25JUL25-60000-P,104076.01,buy,0.1,0.1,1748647537.812
417,369618236,1748661954775,3,0.0012,0.00129751,67.31,BTC-25JUL25-60000-P,103433.68,buy,0.1,0.1,1748661954.775
419,369625219,1748665984592,1,0.0014,0.00131988,69.39,BTC-25JUL25-60000-P,103802.73,buy,0.4,0.4,1748665984.592
418,369625218,1748665984592,0,0.0014,0.00131988,69.39,BTC-25JUL25-60000-P,103802.73,buy,0.1,0.1,1748665984.592
420,369625487,1748666284639,1,0.0014,0.00133708,69.39,BTC-25JUL25-60000-P,103790.07,buy,0.1,0.1,1748666284.639
421,369625488,1748666284649,1,0.0014,0.00133708,69.39,BTC-25JUL25-60000-P,103790.07,buy,0.1,0.1,1748666284.649
422,369625649,1748666584654,1,0.0014,0.00134524,69.39,BTC-25JUL25-60000-P,103786.31,buy,0.1,0.1,1748666584.654
423,369625848,1748666884714,1,0.0014,0.00134832,69.4,BTC-25JUL25-60000-P,103804.45,buy,0.1,0.1,1748666884.714
424,369626015,1748667184732,1,0.0014,0.0013547,69.37,BTC-25JUL25-60000-P,103779.94,buy,0.1,0.1,1748667184.732
425,369626232,1748667492469,1,0.0014,0.00134889,69.44,BTC-25JUL25-60000-P,103837.0,buy,0.1,0.1,1748667492.469
426,369626946,1748667795358,1,0.0014,0.00134916,69.47,BTC-25JUL25-60000-P,103854.67,buy,0.1,0.1,1748667795.358
427,369627361,1748668095388,1,0.0014,0.00135062,69.49,BTC-25JUL25-60000-P,103868.14,buy,0.1,0.1,1748668095.388
428,369627776,1748668577671,1,0.0014,0.00135627,69.29,BTC-25JUL25-60000-P,103706.81,buy,0.1,0.1,1748668577.671
429,369660039,1748690291267,2,0.0012,0.00124819,67.49,BTC-25JUL25-60000-P,103456.85,buy,0.1,0.1,1748690291.267
430,369676642,1748705173559,0,0.0013,0.00130806,69.76,BTC-25JUL25-60000-P,104742.92,buy,0.1,0.1,1748705173.559
431,369690651,1748719537826,1,0.0013,0.00130986,69.91,BTC-25JUL25-60000-P,104740.63,buy,0.1,0.1,1748719537.826
432,369703148,1748733937809,1,0.0013,0.0013638,69.93,BTC-25JUL25-60000-P,104707.44,buy,0.1,0.1,1748733937.809
433,369708992,1748742363653,0,0.0014,0.00144756,70.37,BTC-25JUL25-60000-P,104308.39,sell,1.0,1.0,1748742363.653
434,369715437,1748750550370,1,0.0014,0.00138505,70.65,BTC-25JUL25-60000-P,104485.4,buy,0.1,0.1,1748750550.37
435,369722623,1748762737841,2,0.0013,0.00137436,69.88,BTC-25JUL25-60000-P,104382.64,buy,0.1,0.1,1748762737.841
436,369734771,1748777137838,3,0.0013,0.00137431,69.51,BTC-25JUL25-60000-P,104069.93,buy,0.1,0.1,1748777137.838
437,369771684,1748804631638,2,0.0012,0.00127072,69.92,BTC-25JUL25-60000-P,104925.59,sell,0.9,0.9,1748804631.638
438,369771773,1748804641425,3,0.0012,0.00127001,69.92,BTC-25JUL25-60000-P,104923.07,sell,0.1,0.1,1748804641.425
439,369774456,1748808486820,3,0.0012,0.00117972,70.05,BTC-25JUL25-60000-P,105001.62,buy,0.1,0.1,1748808486.82
440,369774493,1748808573814,3,0.0012,0.00117612,70.04,BTC-25JUL25-60000-P,104997.46,sell,0.1,0.1,1748808573.814
441,369780398,1748813893561,3,0.0012,0.00120319,70.47,BTC-25JUL25-60000-P,105371.1,buy,0.1,0.1,1748813893.561
442,369780798,1748814193599,3,0.0012,0.00120151,70.52,BTC-25JUL25-60000-P,105406.0,buy,0.1,0.1,1748814193.599
443,369780999,1748814493626,3,0.0012,0.00120038,70.56,BTC-25JUL25-60000-P,105431.19,buy,0.1,0.1,1748814493.626
444,369802230,1748833530399,3,0.0012,0.00118286,70.09,BTC-25JUL25-60000-P,104961.82,buy,0.1,0.1,1748833530.399
445,369810535,1748840114750,3,0.0012,0.00122803,69.91,BTC-25JUL25-60000-P,104763.43,buy,0.1,0.1,1748840114.75
446,369810764,1748840415538,3,0.0012,0.0012185,69.95,BTC-25JUL25-60000-P,104793.57,buy,0.1,0.1,1748840415.538
447,369811145,1748840796204,3,0.0012,0.00123269,70.05,BTC-25JUL25-60000-P,104863.9,buy,0.1,0.1,1748840796.204
448,369826657,1748855192102,3,0.0012,0.00119743,70.42,BTC-25JUL25-60000-P,105122.06,buy,0.1,0.1,1748855192.102
449,369827803,1748855306590,3,0.0012,0.00122311,70.22,BTC-25JUL25-60000-P,104903.57,buy,1.0,1.0,1748855306.59
450,369841160,1748863028213,3,0.0012,0.00120544,69.74,BTC-25JUL25-60000-P,104398.53,buy,0.1,0.1,1748863028.213
451,369841373,1748863328227,3,0.0012,0.00121445,69.64,BTC-25JUL25-60000-P,104306.75,buy,0.1,0.1,1748863328.227
452,369841539,1748863537812,3,0.0012,0.00120768,69.68,BTC-25JUL25-60000-P,104331.79,buy,0.1,0.1,1748863537.812
453,369842621,1748864553819,3,0.0012,0.00121994,69.49,BTC-25JUL25-60000-P,104160.19,buy,0.1,0.1,1748864553.819
454,369843706,1748864854010,3,0.0012,0.00121981,69.45,BTC-25JUL25-60000-P,104113.04,buy,0.1,0.1,1748864854.01
455,369844747,1748865154053,3,0.0012,0.00123432,69.4,BTC-25JUL25-60000-P,104071.9,buy,0.1,0.1,1748865154.053
456,369844992,1748865454105,3,0.0012,0.001239,69.4,BTC-25JUL25-60000-P,104059.53,buy,0.1,0.1,1748865454.105
457,369908135,1748889303035,3,0.0012,0.001179,69.94,BTC-25JUL25-60000-P,104458.14,buy,0.1,0.1,1748889303.035
458,369908699,1748889603102,3,0.0012,0.00119376,69.83,BTC-25JUL25-60000-P,104368.06,buy,0.1,0.1,1748889603.102
459,369908965,1748889903124,3,0.0012,0.0011867,69.9,BTC-25JUL25-60000-P,104407.74,buy,0.1,0.1,1748889903.124
460,369909684,1748890203581,3,0.0012,0.00122084,69.74,BTC-25JUL25-60000-P,104273.21,buy,0.1,0.1,1748890203.581
461,369909937,1748890503606,3,0.0012,0.00121441,69.81,BTC-25JUL25-60000-P,104324.62,buy,0.1,0.1,1748890503.606
462,369913951,1748893224447,3,0.0012,0.0012046,69.77,BTC-25JUL25-60000-P,104295.27,buy,0.1,0.1,1748893224.447
463,369914263,1748893300868,3,0.0012,0.00122683,69.59,BTC-25JUL25-60000-P,104125.47,buy,0.1,0.1,1748893300.868
464,369928926,1748902419934,2,0.0011,0.00114859,70.01,BTC-25JUL25-60000-P,105239.18,sell,0.1,0.1,1748902419.934
465,369929099,1748902538771,3,0.0011,0.00114447,70.1,BTC-25JUL25-60000-P,105308.48,sell,0.1,0.1,1748902538.771
466,369929940,1748902788164,3,0.0011,0.00113497,70.24,BTC-25JUL25-60000-P,105449.5,sell,0.2,0.2,1748902788.164
467,369996072,1748958183703,3,0.0011,0.00112375,70.84,BTC-25JUL25-60000-P,105667.69,sell,0.5,0.5,1748958183.703
468,369996251,1748958257746,3,0.0011,0.00113761,70.75,BTC-25JUL25-60000-P,105591.47,buy,0.1,0.1,1748958257.746
469,369997029,1748958559049,3,0.0011,0.00112951,70.77,BTC-25JUL25-60000-P,105597.59,buy,0.1,0.1,1748958559.049
470,369997500,1748958859580,3,0.0011,0.00114903,70.55,BTC-25JUL25-60000-P,105386.14,buy,0.1,0.1,1748958859.58
471,369998656,1748959264165,3,0.0011,0.00110443,70.7,BTC-25JUL25-60000-P,105519.81,buy,0.1,0.1,1748959264.165
472,369999083,1748959564192,3,0.0011,0.00110375,70.55,BTC-25JUL25-60000-P,105384.35,buy,0.1,0.1,1748959564.192
473,369999578,1748959864202,3,0.0011,0.00110242,70.54,BTC-25JUL25-60000-P,105363.45,buy,0.1,0.1,1748959864.202
474,370012547,1748963822312,2,0.001,0.00103584,70.86,BTC-25JUL25-60000-P,106561.64,buy,0.1,0.1,1748963822.312
475,370015432,1748964745512,3,0.001,0.00101294,71.04,BTC-25JUL25-60000-P,106734.5,buy,0.1,0.1,1748964745.512
476,370016381,1748965149171,3,0.001,0.00101546,71.04,BTC-25JUL25-60000-P,106733.19,buy,0.1,0.1,1748965149.171
477,370024989,1748969780870,3,0.001,0.00103241,70.41,BTC-25JUL25-60000-P,106102.94,buy,0.1,0.1,1748969780.87
478,370027022,1748971208740,3,0.001,0.00102549,70.39,BTC-25JUL25-60000-P,106057.33,buy,0.1,0.1,1748971208.74
479,370027190,1748971509474,3,0.001,0.00101877,70.48,BTC-25JUL25-60000-P,106136.39,buy,0.1,0.1,1748971509.474
480,370027932,1748972267395,3,0.001,0.00104313,70.32,BTC-25JUL25-60000-P,105993.76,buy,0.1,0.1,1748972267.395
481,370028720,1748972945817,3,0.001,0.00104174,70.3,BTC-25JUL25-60000-P,105966.69,buy,0.1,0.1,1748972945.817
482,370028947,1748973327786,3,0.001,0.00103753,70.32,BTC-25JUL25-60000-P,105991.24,buy,0.1,0.1,1748973327.786
483,370029155,1748973628836,3,0.001,0.00103564,70.35,BTC-25JUL25-60000-P,106019.85,buy,0.1,0.1,1748973628.836
484,370029810,1748973931685,3,0.001,0.00105057,70.17,BTC-25JUL25-60000-P,105835.91,buy,0.1,0.1,1748973931.685
485,370037170,1748982593890,0,0.0011,0.00106613,71.06,BTC-25JUL25-60000-P,105712.46,buy,0.1,0.1,1748982593.89
486,370040690,1748985242537,2,0.001,0.00104892,70.12,BTC-25JUL25-60000-P,105747.27,buy,0.1,0.1,1748985242.537
487,370048391,1748993144459,3,0.001,0.00105121,70.04,BTC-25JUL25-60000-P,105588.5,buy,0.1,0.1,1748993144.459
488,370051497,1748996554002,0,0.0011,0.00112587,70.9,BTC-25JUL25-60000-P,105489.15,buy,0.1,0.1,1748996554.002
489,370062933,1749007544131,2,0.001,0.00103913,70.29,BTC-25JUL25-60000-P,105747.02,buy,0.1,0.1,1749007544.131
490,370071226,1749021943956,3,0.001,0.00104431,70.01,BTC-25JUL25-60000-P,105361.43,buy,0.1,0.1,1749021943.956
491,370092073,1749040472356,2,0.0009,0.0010448,68.73,BTC-25JUL25-60000-P,105001.72,sell,0.5,0.5,1749040472.356
493,370093795,1749042268499,3,0.0009,0.00104403,68.77,BTC-25JUL25-60000-P,105033.76,sell,1.3,1.3,1749042268.499
494,370093796,1749042268499,3,0.0009,0.00104403,68.77,BTC-25JUL25-60000-P,105033.76,sell,1.3,1.3,1749042268.499
492,370093794,1749042268499,3,0.0009,0.00104403,68.77,BTC-25JUL25-60000-P,105033.76,sell,0.3,0.3,1749042268.499
495,370096922,1749043723609,0,0.001,0.00099643,69.76,BTC-25JUL25-60000-P,105056.92,buy,0.1,0.1,1749043723.609
496,370099112,1749045138707,1,0.001,0.00095001,69.68,BTC-25JUL25-60000-P,104968.5,buy,0.1,0.1,1749045138.707
498,370099114,1749045138707,1,0.001,0.00095001,69.68,BTC-25JUL25-60000-P,104968.5,buy,0.2,0.2,1749045138.707
497,370099113,1749045138707,1,0.001,0.00095001,69.68,BTC-25JUL25-60000-P,104968.5,buy,0.1,0.1,1749045138.707
499,370099126,1749045143847,1,0.001,0.00094996,69.68,BTC-25JUL25-60000-P,104975.08,buy,0.1,0.1,1749045143.847
500,370099128,1749045144222,1,0.001,0.00094997,69.69,BTC-25JUL25-60000-P,104978.23,buy,0.1,0.1,1749045144.222
501,370099136,1749045149312,1,0.001,0.00094818,69.68,BTC-25JUL25-60000-P,104968.62,buy,0.1,0.1,1749045149.312
502,370099137,1749045149726,1,0.001,0.00094818,69.68,BTC-25JUL25-60000-P,104968.62,buy,0.1,0.1,1749045149.726
503,370099145,1749045154811,1,0.001,0.00094919,69.69,BTC-25JUL25-60000-P,104980.24,buy,0.1,0.1,1749045154.811
504,370099146,1749045155221,1,0.001,0.000949,69.7,BTC-25JUL25-60000-P,104983.91,buy,0.1,0.1,1749045155.221
505,370099297,1749045160316,1,0.001,0.00095125,69.64,BTC-25JUL25-60000-P,104929.41,buy,0.1,0.1,1749045160.316
506,370100779,1749045488844,1,0.001,0.00097415,69.56,BTC-25JUL25-60000-P,104821.89,buy,0.1,0.1,1749045488.844
507,370108888,1749046258789,1,0.001,0.00103152,69.12,BTC-25JUL25-60000-P,104440.05,buy,0.1,0.1,1749046258.789
508,370112441,1749047132682,1,0.001,0.0009547,69.38,BTC-25JUL25-60000-P,104665.14,buy,0.1,0.1,1749047132.682
509,370115131,1749047459124,1,0.001,0.00095014,69.43,BTC-25JUL25-60000-P,104724.71,buy,0.1,0.1,1749047459.124
510,370115132,1749047460178,1,0.001,0.00095013,69.43,BTC-25JUL25-60000-P,104724.71,buy,0.1,0.1,1749047460.178
511,370115160,1749047464564,1,0.001,0.00095001,69.41,BTC-25JUL25-60000-P,104708.72,buy,0.1,0.1,1749047464.564
512,370135347,1749057959236,2,0.0009,0.00088837,69.21,BTC-25JUL25-60000-P,105395.09,buy,0.1,0.1,1749057959.236
513,370142998,1749068118126,3,0.0009,0.00090115,68.68,BTC-25JUL25-60000-P,104815.05,buy,0.1,0.1,1749068118.126
514,370147403,1749071264014,3,0.0009,0.00084056,68.54,BTC-25JUL25-60000-P,104670.51,buy,0.1,0.1,1749071264.014
515,370151789,1749078868382,3,0.0009,0.00084299,68.78,BTC-25JUL25-60000-P,104815.34,buy,0.1,0.1,1749078868.382
516,370151914,1749079168390,3,0.0009,0.00084596,68.74,BTC-25JUL25-60000-P,104781.33,buy,0.1,0.1,1749079168.39
517,370152117,1749079468410,3,0.0009,0.00084446,68.7,BTC-25JUL25-60000-P,104730.19,buy,0.1,0.1,1749079468.41
518,370152140,1749079544103,2,0.0008,0.00084211,67.64,BTC-25JUL25-60000-P,104745.96,buy,0.1,0.1,1749079544.103
519,370152223,1749079768424,0,0.0009,0.00084438,68.69,BTC-25JUL25-60000-P,104722.36,buy,0.1,0.1,1749079768.424
520,370152379,1749080068434,1,0.0009,0.00083706,68.75,BTC-25JUL25-60000-P,104780.54,buy,0.1,0.1,1749080068.434
521,370152463,1749080368466,1,0.0009,0.0008405,68.73,BTC-25JUL25-60000-P,104757.65,buy,0.1,0.1,1749080368.466
522,370152603,1749080689871,1,0.0009,0.00083857,68.77,BTC-25JUL25-60000-P,104803.55,buy,0.1,0.1,1749080689.871
523,370152770,1749080989899,1,0.0009,0.00083882,68.79,BTC-25JUL25-60000-P,104812.17,buy,0.1,0.1,1749080989.899
524,370152846,1749081289927,1,0.0009,0.0008418,68.77,BTC-25JUL25-60000-P,104795.73,buy,0.1,0.1,1749081289.927
525,370152968,1749081589964,1,0.0009,0.00084371,68.73,BTC-25JUL25-60000-P,104742.65,buy,0.1,0.1,1749081589.964
526,370153114,1749081926139,1,0.0009,0.00083929,68.78,BTC-25JUL25-60000-P,104790.04,buy,0.1,0.1,1749081926.139
527,370153382,1749082744059,1,0.0009,0.00084071,68.8,BTC-25JUL25-60000-P,104805.97,buy,0.1,0.1,1749082744.059
528,370160032,1749092729769,1,0.0009,0.00085147,69.11,BTC-25JUL25-60000-P,105001.0,buy,0.1,0.1,1749092729.769
529,370160814,1749093943918,2,0.0008,0.00084782,67.98,BTC-25JUL25-60000-P,104965.46,buy,0.1,0.1,1749093943.918
530,370180645,1749117383179,2,0.0007,0.00083729,66.9,BTC-25JUL25-60000-P,104918.56,sell,0.5,0.5,1749117383.179
531,370181742,1749119144689,0,0.0009,0.00084221,69.06,BTC-25JUL25-60000-P,104779.96,buy,0.1,0.1,1749119144.689
532,370184899,1749122744103,2,0.0008,0.00083053,68.02,BTC-25JUL25-60000-P,104800.64,buy,0.1,0.1,1749122744.103
533,370202537,1749131231743,0,0.001,0.00089168,70.54,BTC-25JUL25-60000-P,105102.4,buy,15.0,15.0,1749131231.743
534,370202792,1749131278800,1,0.001,0.00089054,70.55,BTC-25JUL25-60000-P,105097.0,buy,5.0,5.0,1749131278.8
535,370202793,1749131278800,1,0.001,0.00089054,70.55,BTC-25JUL25-60000-P,105097.0,buy,0.1,0.1,1749131278.8
536,370213227,1749133024576,1,0.001,0.0009649,69.49,BTC-25JUL25-60000-P,104145.26,buy,0.1,0.1,1749133024.576
537,370215116,1749133325619,1,0.001,0.00097882,69.37,BTC-25JUL25-60000-P,104003.48,buy,0.1,0.1,1749133325.619
538,370217179,1749133940406,1,0.001,0.00096123,69.54,BTC-25JUL25-60000-P,104180.68,buy,0.1,0.1,1749133940.406
539,370222584,1749135757878,1,0.001,0.00095582,70.09,BTC-25JUL25-60000-P,104656.56,sell,0.2,0.2,1749135757.878
540,370227511,1749137144092,2,0.0009,0.00090939,69.32,BTC-25JUL25-60000-P,104845.32,buy,0.1,0.1,1749137144.092
541,370232106,1749140225105,0,0.001,0.00097367,69.74,BTC-25JUL25-60000-P,104279.6,buy,0.1,0.1,1749140225.105
542,370239549,1749142273435,1,0.001,0.00103534,69.29,BTC-25JUL25-60000-P,103858.31,buy,0.1,0.1,1749142273.435
543,370266353,1749148936510,1,0.001,0.00097005,68.3,BTC-25JUL25-60000-P,102936.93,buy,0.1,0.1,1749148936.51
544,370267258,1749149242142,1,0.001,0.00100167,68.22,BTC-25JUL25-60000-P,102855.51,buy,0.1,0.1,1749149242.142
545,370268958,1749150221620,1,0.001,0.00096432,68.37,BTC-25JUL25-60000-P,102979.9,buy,0.1,0.1,1749150221.62
546,370270031,1749150722345,1,0.001,0.00097307,68.25,BTC-25JUL25-60000-P,102854.06,buy,0.1,0.1,1749150722.345
547,370279473,1749151398594,1,0.001,0.00104923,67.18,BTC-25JUL25-60000-P,101861.62,buy,0.1,0.1,1749151398.594
548,370280679,1749151544119,1,0.001,0.00103969,67.25,BTC-25JUL25-60000-P,101958.24,buy,0.1,0.1,1749151544.119
549,370281489,1749151706726,1,0.001,0.00101527,67.44,BTC-25JUL25-60000-P,102127.84,buy,0.1,0.1,1749151706.726
550,370284347,1749152540750,1,0.001,0.00097184,67.58,BTC-25JUL25-60000-P,102244.34,buy,0.1,0.1,1749152540.75
551,370286655,1749153029557,1,0.001,0.00100035,67.24,BTC-25JUL25-60000-P,101936.97,buy,0.1,0.1,1749153029.557
552,370288537,1749153501118,1,0.001,0.00097266,67.37,BTC-25JUL25-60000-P,102035.61,buy,0.1,0.1,1749153501.118
553,370360020,1749180363706,2,0.0009,0.00094242,66.82,BTC-25JUL25-60000-P,102301.96,buy,0.1,0.1,1749180363.706
554,370381362,1749194763874,3,0.0009,0.00092205,68.23,BTC-25JUL25-60000-P,103435.8,buy,0.1,0.1,1749194763.874
555,370403135,1749206588076,2,0.0008,0.00096497,67.53,BTC-25JUL25-60000-P,103742.5,sell,0.1,0.1,1749206588.076
556,370414176,1749213873748,3,0.0008,0.00095737,67.62,BTC-25JUL25-60000-P,103762.48,sell,0.1,0.1,1749213873.748
557,370457657,1749237955305,3,0.0008,0.0008023,68.58,BTC-25JUL25-60000-P,104477.86,buy,0.1,0.1,1749237955.305
559,370457801,1749238093273,1,0.0009,0.00080736,69.59,BTC-25JUL25-60000-P,104390.02,buy,0.1,0.1,1749238093.273
558,370457800,1749238093273,0,0.0009,0.00080736,69.59,BTC-25JUL25-60000-P,104390.02,buy,6.0,6.0,1749238093.273
560,370459140,1749239537882,1,0.0009,0.0008061,69.4,BTC-25JUL25-60000-P,104219.97,buy,6.0,6.0,1749239537.882
561,370466955,1749252355447,1,0.0009,0.00094171,69.68,BTC-25JUL25-60000-P,104387.08,buy,0.1,0.1,1749252355.447
562,370475506,1749266755306,2,0.0008,0.0008767,69.17,BTC-25JUL25-60000-P,104868.37,buy,0.1,0.1,1749266755.306
563,370484723,1749281170750,3,0.0008,0.00087399,69.51,BTC-25JUL25-60000-P,105080.58,buy,0.1,0.1,1749281170.75
564,370494793,1749296975667,3,0.0008,0.00090325,69.77,BTC-25JUL25-60000-P,105195.68,sell,0.1,0.1,1749296975.667
565,370509763,1749314921444,0,0.0009,0.00101249,71.23,BTC-25JUL25-60000-P,105401.98,sell,0.8,0.8,1749314921.444
566,370509764,1749314921447,1,0.0009,0.00101249,71.23,BTC-25JUL25-60000-P,105401.98,buy,0.2,0.2,1749314921.447
567,370515610,1749324355312,2,0.0008,0.00090319,70.7,BTC-25JUL25-60000-P,105892.7,buy,0.1,0.1,1749324355.312
568,370531107,1749367555299,0,0.0009,0.00097458,71.77,BTC-25JUL25-60000-P,105521.28,buy,0.1,0.1,1749367555.299
569,370541699,1749381955302,1,0.0009,0.0009838,71.97,BTC-25JUL25-60000-P,105585.9,buy,0.1,0.1,1749381955.302
570,370546998,1749386373714,2,0.0008,0.00088732,70.98,BTC-25JUL25-60000-P,105623.11,buy,1.0,1.0,1749386373.714
571,370547047,1749386555879,3,0.0008,0.00088788,70.96,BTC-25JUL25-60000-P,105617.37,buy,0.1,0.1,1749386555.879
572,370558163,1749396355262,2,0.0007,0.00078992,70.29,BTC-25JUL25-60000-P,106040.76,buy,0.1,0.1,1749396355.262
573,370567805,1749410755299,3,0.0007,0.00077801,70.73,BTC-25JUL25-60000-P,106353.35,buy,0.1,0.1,1749410755.299
574,370578871,1749425155322,3,0.0007,0.00079138,70.1,BTC-25JUL25-60000-P,105645.16,buy,0.1,0.1,1749425155.322
575,370589602,1749439555311,3,0.0007,0.00077682,70.08,BTC-25JUL25-60000-P,105521.67,buy,0.1,0.1,1749439555.311
576,370595153,1749453955297,3,0.0007,0.00078208,70.24,BTC-25JUL25-60000-P,105580.95,buy,0.1,0.1,1749453955.297
577,370620151,1749466763569,3,0.0007,0.00078003,72.07,BTC-25JUL25-60000-P,107216.7,buy,1.0,1.0,1749466763.569
578,370623545,1749468385307,3,0.0007,0.00075158,72.38,BTC-25JUL25-60000-P,107483.28,buy,0.1,0.1,1749468385.307
579,370681417,1749492775705,3,0.0007,0.0007366,73.64,BTC-25JUL25-60000-P,108496.08,buy,0.1,0.1,1749492775.705
580,370752597,1749525891889,2,0.0006,0.00064613,73.6,BTC-25JUL25-60000-P,109530.41,sell,0.2,0.2,1749525891.889
581,370823230,1749571702413,3,0.0006,0.00063832,73.66,BTC-25JUL25-60000-P,109113.24,sell,0.1,0.1,1749571702.413
582,370823245,1749571755459,3,0.0006,0.00063672,73.69,BTC-25JUL25-60000-P,109133.74,sell,0.1,0.1,1749571755.459
583,370921880,1749652380656,3,0.0006,0.00058693,75.6,BTC-25JUL25-60000-P,110282.79,buy,0.1,0.1,1749652380.656
584,371073159,1749746701073,2,0.0005,0.0005854,72.1,BTC-25JUL25-60000-P,107680.92,sell,0.5,0.5,1749746701.073
585,371073178,1749746712165,3,0.0005,0.00058398,72.12,BTC-25JUL25-60000-P,107713.11,sell,0.3,0.3,1749746712.165
586,371073430,1749746895976,3,0.0005,0.0005927,72.01,BTC-25JUL25-60000-P,107599.42,sell,0.5,0.5,1749746895.976
587,371073456,1749746937422,3,0.0005,0.00058796,72.08,BTC-25JUL25-60000-P,107654.6,sell,0.5,0.5,1749746937.422
588,371171585,1749773614604,0,0.0006,0.00059939,70.49,BTC-25JUL25-60000-P,104399.89,buy,0.1,0.1,1749773614.604
589,371183752,1749774642948,0,0.0007,0.00063047,71.36,BTC-25JUL25-60000-P,103948.98,buy,0.1,0.1,1749774642.948
590,371201819,1749776690954,1,0.0007,0.00072942,70.6,BTC-25JUL25-60000-P,103267.57,buy,0.9,0.9,1749776690.954
591,371274971,1749793718389,1,0.0007,0.00066461,72.01,BTC-25JUL25-60000-P,104332.72,buy,0.1,0.1,1749793718.389
592,371275015,1749793751925,0,0.0008,0.00066941,73.36,BTC-25JUL25-60000-P,104387.2,buy,0.1,0.1,1749793751.925
593,371275016,1749793751942,1,0.0008,0.00066941,73.36,BTC-25JUL25-60000-P,104387.2,sell,0.2,0.2,1749793751.942
594,371275026,1749793754544,1,0.0008,0.00067002,73.36,BTC-25JUL25-60000-P,104395.1,sell,13.6,13.6,1749793754.544
596,371443164,1749867418424,3,0.0005,0.00060662,70.96,BTC-25JUL25-60000-P,105516.24,sell,0.1,0.1,1749867418.424
597,371443165,1749867418424,3,0.0005,0.00060662,70.96,BTC-25JUL25-60000-P,105516.24,sell,0.5,0.5,1749867418.424
595,371443163,1749867418424,2,0.0005,0.00060662,70.96,BTC-25JUL25-60000-P,105516.24,sell,1.2,1.2,1749867418.424
598,371443166,1749867418427,3,0.0005,0.00060662,70.96,BTC-25JUL25-60000-P,105516.24,buy,8.2,8.2,1749867418.427
599,371764727,1750147314638,0,0.0006,0.00045826,77.0,BTC-25JUL25-60000-P,106777.32,sell,0.1,0.1,1750147314.638
600,371825456,1750174400812,1,0.0006,0.00051793,74.55,BTC-25JUL25-60000-P,104323.01,buy,0.1,0.1,1750174400.812
601,371859931,1750180076991,2,0.0005,0.00054585,71.83,BTC-25JUL25-60000-P,103409.22,buy,9.0,9.0,1750180076.991
602,371860590,1750180160562,2,0.0004,0.00053673,70.06,BTC-25JUL25-60000-P,103539.5,sell,0.5,0.5,1750180160.562
603,371860591,1750180160562,3,0.0004,0.00053673,70.06,BTC-25JUL25-60000-P,103539.5,sell,8.5,8.5,1750180160.562
604,371860825,1750180198018,3,0.0004,0.00052815,70.21,BTC-25JUL25-60000-P,103661.85,sell,0.8,0.8,1750180198.018
605,371860826,1750180198018,3,0.0004,0.00052815,70.21,BTC-25JUL25-60000-P,103661.85,sell,8.2,8.2,1750180198.018
606,371861879,1750180314390,0,0.0005,0.00051446,72.22,BTC-25JUL25-60000-P,103763.45,buy,9.0,9.0,1750180314.39
608,371862348,1750180411770,3,0.0004,0.00051946,70.27,BTC-25JUL25-60000-P,103723.19,sell,8.5,8.5,1750180411.77
607,371862347,1750180411770,2,0.0004,0.00051946,70.27,BTC-25JUL25-60000-P,103723.19,sell,0.5,0.5,1750180411.77
610,371862553,1750180446507,3,0.0004,0.00052706,70.16,BTC-25JUL25-60000-P,103635.89,sell,8.3,8.3,1750180446.507
609,371862552,1750180446507,3,0.0004,0.00052706,70.16,BTC-25JUL25-60000-P,103635.89,sell,0.7,0.7,1750180446.507
611,371864391,1750180872368,0,0.0005,0.00049409,72.22,BTC-25JUL25-60000-P,103737.6,buy,9.0,9.0,1750180872.368
612,371864544,1750180920991,2,0.0004,0.00049896,70.28,BTC-25JUL25-60000-P,103720.53,sell,9.0,9.0,1750180920.991
613,371864595,1750180960779,3,0.0004,0.00049661,70.34,BTC-25JUL25-60000-P,103763.07,sell,9.0,9.0,1750180960.779
614,371865431,1750181165587,0,0.0005,0.00048744,72.24,BTC-25JUL25-60000-P,103756.95,buy,9.0,9.0,1750181165.587
615,371865547,1750181205904,2,0.0004,0.00048676,70.35,BTC-25JUL25-60000-P,103774.68,sell,9.0,9.0,1750181205.904
620,371865606,1750181238380,3,0.0003,0.00048209,68.11,BTC-25JUL25-60000-P,103807.18,sell,4.4,4.4,1750181238.38
617,371865603,1750181238380,2,0.0003,0.00048209,68.11,BTC-25JUL25-60000-P,103807.18,sell,0.9,0.9,1750181238.38
619,371865605,1750181238380,3,0.0003,0.00048209,68.11,BTC-25JUL25-60000-P,103807.18,sell,3.0,3.0,1750181238.38
616,371865602,1750181238380,3,0.0004,0.00048209,70.41,BTC-25JUL25-60000-P,103807.18,sell,0.2,0.2,1750181238.38
618,371865604,1750181238380,3,0.0003,0.00048209,68.11,BTC-25JUL25-60000-P,103807.18,sell,0.5,0.5,1750181238.38
621,371865736,1750181306314,0,0.0005,0.00047269,72.4,BTC-25JUL25-60000-P,103876.92,buy,9.0,9.0,1750181306.314
622,371865805,1750181345555,2,0.0003,0.00047084,68.15,BTC-25JUL25-60000-P,103861.29,sell,9.0,9.0,1750181345.555
624,371865889,1750181371572,3,0.0003,0.00046517,68.21,BTC-25JUL25-60000-P,103910.78,sell,7.4,7.4,1750181371.572
623,371865888,1750181371572,3,0.0003,0.00046517,68.21,BTC-25JUL25-60000-P,103910.78,sell,1.6,1.6,1750181371.572
625,371866364,1750181493193,0,0.0005,0.00045336,72.52,BTC-25JUL25-60000-P,103982.89,buy,9.0,9.0,1750181493.193
626,371866613,1750181533638,2,0.0004,0.00045452,70.64,BTC-25JUL25-60000-P,104031.35,sell,9.0,9.0,1750181533.638
627,371866664,1750181562713,3,0.0004,0.00045592,70.66,BTC-25JUL25-60000-P,104041.52,sell,9.0,9.0,1750181562.713
628,371867395,1750181631850,0,0.0005,0.00044943,72.65,BTC-25JUL25-60000-P,104092.3,buy,9.0,9.0,1750181631.85
629,371867744,1750181665976,2,0.0003,0.00043924,68.61,BTC-25JUL25-60000-P,104250.33,sell,9.0,9.0,1750181665.976
630,371868118,1750181696759,3,0.0003,0.00044186,68.55,BTC-25JUL25-60000-P,104194.49,sell,8.6,8.6,1750181696.759
631,371868119,1750181696759,3,0.0003,0.00044186,68.55,BTC-25JUL25-60000-P,104194.49,sell,0.4,0.4,1750181696.759
632,371868500,1750181748229,0,0.0005,0.00044705,72.68,BTC-25JUL25-60000-P,104109.48,buy,9.0,9.0,1750181748.229
635,371868632,1750181781661,3,0.0003,0.0004508,68.4,BTC-25JUL25-60000-P,104066.05,sell,1.2,1.2,1750181781.661
634,371868631,1750181781661,2,0.0003,0.0004508,68.4,BTC-25JUL25-60000-P,104066.05,sell,7.5,7.5,1750181781.661
633,371868630,1750181781661,2,0.0004,0.0004508,70.71,BTC-25JUL25-60000-P,104066.05,sell,0.3,0.3,1750181781.661
636,371868693,1750181807533,0,0.0004,0.00044964,70.75,BTC-25JUL25-60000-P,104097.71,sell,0.2,0.2,1750181807.533
637,371868694,1750181807533,2,0.0003,0.00044964,68.44,BTC-25JUL25-60000-P,104097.71,sell,8.8,8.8,1750181807.533
638,371868976,1750181857721,0,0.0005,0.00045618,72.57,BTC-25JUL25-60000-P,104008.52,buy,9.0,9.0,1750181857.721
639,371869111,1750181892666,2,0.0003,0.00045847,68.31,BTC-25JUL25-60000-P,103966.7,sell,9.0,9.0,1750181892.666
640,371869332,1750181919146,3,0.0003,0.00046214,68.25,BTC-25JUL25-60000-P,103918.14,sell,3.9,3.9,1750181919.146
641,371869333,1750181919146,3,0.0003,0.00046214,68.25,BTC-25JUL25-60000-P,103918.14,sell,5.1,5.1,1750181919.146
642,371869580,1750181972090,0,0.0005,0.0004599,72.46,BTC-25JUL25-60000-P,103910.51,buy,9.0,9.0,1750181972.09
643,371869725,1750182007902,2,0.0003,0.00045465,68.3,BTC-25JUL25-60000-P,103950.2,sell,9.0,9.0,1750182007.902
645,371869898,1750182037333,2,0.0003,0.00045009,68.37,BTC-25JUL25-60000-P,104017.24,sell,8.8,8.8,1750182037.333
644,371869897,1750182037333,0,0.0004,0.00045009,70.67,BTC-25JUL25-60000-P,104017.24,sell,0.2,0.2,1750182037.333
646,371870045,1750182094750,0,0.0005,0.00044485,72.66,BTC-25JUL25-60000-P,104056.1,buy,9.0,9.0,1750182094.75
647,371870136,1750182127007,2,0.0003,0.00044842,68.35,BTC-25JUL25-60000-P,103999.53,sell,7.2,7.2,1750182127.007
648,371870137,1750182127007,3,0.0003,0.00044842,68.35,BTC-25JUL25-60000-P,103999.53,sell,1.8,1.8,1750182127.007
649,371870232,1750182150703,3,0.0003,0.00044783,68.34,BTC-25JUL25-60000-P,103995.26,sell,6.9,6.9,1750182150.703
650,371870233,1750182150703,3,0.0003,0.00044783,68.34,BTC-25JUL25-60000-P,103995.26,sell,2.1,2.1,1750182150.703
651,371870546,1750182209649,0,0.0005,0.00045126,72.43,BTC-25JUL25-60000-P,103881.15,buy,9.0,9.0,1750182209.649
652,371870666,1750182245459,2,0.0004,0.00045055,70.54,BTC-25JUL25-60000-P,103902.23,sell,0.2,0.2,1750182245.459
653,371870667,1750182245459,2,0.0003,0.00045055,68.24,BTC-25JUL25-60000-P,103902.23,sell,8.8,8.8,1750182245.459
654,371870977,1750182272126,3,0.0003,0.00045199,68.2,BTC-25JUL25-60000-P,103853.07,sell,4.1,4.1,1750182272.126
655,371870978,1750182272126,3,0.0003,0.00045199,68.2,BTC-25JUL25-60000-P,103853.07,sell,4.9,4.9,1750182272.126
656,371871067,1750182323434,0,0.0005,0.00044941,72.43,BTC-25JUL25-60000-P,103861.3,buy,9.0,9.0,1750182323.434
657,371871245,1750182358061,2,0.0003,0.00044519,68.27,BTC-25JUL25-60000-P,103907.7,sell,9.0,9.0,1750182358.061
658,371871627,1750182386790,3,0.0003,0.00045228,68.11,BTC-25JUL25-60000-P,103768.89,sell,9.0,9.0,1750182386.79
659,371871868,1750182439516,0,0.0005,0.00044505,72.44,BTC-25JUL25-60000-P,103871.81,buy,9.0,9.0,1750182439.516
660,371871895,1750182470070,2,0.0003,0.00044416,68.21,BTC-25JUL25-60000-P,103858.57,sell,9.0,9.0,1750182470.07
661,371871924,1750182494230,3,0.0003,0.00044404,68.2,BTC-25JUL25-60000-P,103849.18,sell,9.0,9.0,1750182494.23
662,371872110,1750182540993,0,0.0005,0.00044285,72.43,BTC-25JUL25-60000-P,103861.02,buy,9.0,9.0,1750182540.993
664,371872268,1750182572662,3,0.0003,0.00044284,68.2,BTC-25JUL25-60000-P,103847.36,sell,2.0,2.0,1750182572.662
663,371872267,1750182572662,2,0.0003,0.00044284,68.2,BTC-25JUL25-60000-P,103847.36,sell,7.0,7.0,1750182572.662
666,371872297,1750182597932,3,0.0003,0.00044147,68.22,BTC-25JUL25-60000-P,103871.47,sell,1.6,1.6,1750182597.932
667,371872298,1750182597932,3,0.0003,0.00044147,68.22,BTC-25JUL25-60000-P,103871.47,sell,0.5,0.5,1750182597.932
665,371872296,1750182597932,3,0.0003,0.00044147,68.22,BTC-25JUL25-60000-P,103871.47,sell,6.9,6.9,1750182597.932
668,371872511,1750182649568,0,0.0005,0.00044196,72.42,BTC-25JUL25-60000-P,103856.14,buy,9.0,9.0,1750182649.568
669,371872578,1750182681882,2,0.0003,0.00044198,68.19,BTC-25JUL25-60000-P,103842.47,sell,9.0,9.0,1750182681.882
670,371872705,1750182707514,3,0.0003,0.00043799,68.26,BTC-25JUL25-60000-P,103904.56,sell,9.0,9.0,1750182707.514
671,371873056,1750182764742,0,0.0005,0.00043605,72.5,BTC-25JUL25-60000-P,103914.1,buy,6.0,6.0,1750182764.742
672,371873129,1750182809852,2,0.0003,0.00043476,68.3,BTC-25JUL25-60000-P,103936.31,sell,6.0,6.0,1750182809.852
674,371873290,1750182847190,3,0.0003,0.00043867,68.21,BTC-25JUL25-60000-P,103856.11,sell,5.0,5.0,1750182847.19
673,371873289,1750182847190,3,0.0003,0.00043867,68.21,BTC-25JUL25-60000-P,103856.11,sell,1.0,1.0,1750182847.19
675,371920014,1750212451466,0,0.0005,0.0004313,73.8,BTC-25JUL25-60000-P,104807.71,sell,0.1,0.1,1750212451.466
676,372287095,1750429788228,1,0.0005,0.00041771,76.94,BTC-25JUL25-60000-P,105339.06,buy,0.1,0.1,1750429788.228
677,372331876,1750439981622,2,0.0004,0.00037123,72.44,BTC-25JUL25-60000-P,103224.22,buy,0.1,0.1,1750439981.622
678,372336725,1750440417428,3,0.0004,0.00036988,71.92,BTC-25JUL25-60000-P,102768.64,sell,0.1,0.1,1750440417.428
679,372342431,1750441352237,3,0.0004,0.00037302,72.03,BTC-25JUL25-60000-P,102825.75,buy,0.1,0.1,1750441352.237
680,372389882,1750484600001,2,0.0003,0.00033611,70.79,BTC-25JUL25-60000-P,103418.6,sell,0.1,0.1,1750484600.001
681,372389883,1750484600001,3,0.0003,0.00033611,70.79,BTC-25JUL25-60000-P,103418.6,sell,0.5,0.5,1750484600.001
682,372408770,1750499895477,0,0.0004,0.0003586,73.95,BTC-25JUL25-60000-P,103878.78,buy,0.1,0.1,1750499895.477
683,372588922,1750599543750,1,0.0004,0.00033825,71.35,BTC-25JUL25-60000-P,100773.75,sell,0.1,0.1,1750599543.75
684,372628206,1750602466917,0,0.0005,0.00035793,71.96,BTC-25JUL25-60000-P,99686.79,buy,0.2,0.2,1750602466.917
685,372662806,1750606522496,1,0.0005,0.00044966,71.91,BTC-25JUL25-60000-P,99524.4,buy,0.1,0.1,1750606522.496
686,372678453,1750610120456,1,0.0005,0.00044145,71.17,BTC-25JUL25-60000-P,98931.18,buy,0.6,0.6,1750610120.456
687,372678454,1750610120456,1,0.0005,0.00044145,71.17,BTC-25JUL25-60000-P,98931.18,buy,1.0,1.0,1750610120.456
688,372678455,1750610120458,1,0.0005,0.00044145,71.17,BTC-25JUL25-60000-P,98931.18,sell,0.2,0.2,1750610120.458
689,372678456,1750610120460,1,0.0005,0.00044145,71.17,BTC-25JUL25-60000-P,98931.18,sell,0.2,0.2,1750610120.46
691,372895866,1750695621134,1,0.0006,0.00043702,76.6,BTC-25JUL25-60000-P,100964.58,buy,0.4,0.4,1750695621.134
690,372895865,1750695621134,0,0.0006,0.00043702,76.6,BTC-25JUL25-60000-P,100964.58,buy,0.1,0.1,1750695621.134
692,373036777,1750727489216,2,0.0005,0.00045372,80.72,BTC-25JUL25-60000-P,105194.23,sell,0.1,0.1,1750727489.216
693,373065788,1750748502554,2,0.0004,0.00034342,79.47,BTC-25JUL25-60000-P,105653.32,sell,0.1,0.1,1750748502.554
694,373248249,1750840981560,3,0.0004,0.0003449,81.88,BTC-25JUL25-60000-P,106445.69,sell,0.6,0.6,1750840981.56
695,373608150,1751029269080,2,0.0002,0.00021428,78.95,BTC-25JUL25-60000-P,106705.04,buy,0.1,0.1,1751029269.08
696,373712621,1751163820375,0,0.0003,0.00021584,85.56,BTC-25JUL25-60000-P,107260.08,buy,0.1,0.1,1751163820.375
697,373712634,1751163833896,1,0.0003,0.00021492,85.56,BTC-25JUL25-60000-P,107259.96,buy,0.1,0.1,1751163833.896
698,373712657,1751163955470,1,0.0003,0.00021361,85.57,BTC-25JUL25-60000-P,107258.88,buy,0.1,0.1,1751163955.47
699,373712664,1751163964833,1,0.0003,0.00021284,85.58,BTC-25JUL25-60000-P,107267.08,buy,0.1,0.1,1751163964.833
700,373712708,1751164053176,1,0.0003,0.00021184,85.6,BTC-25JUL25-60000-P,107284.65,buy,0.1,0.1,1751164053.176
701,373712709,1751164062416,1,0.0003,0.00021135,85.6,BTC-25JUL25-60000-P,107282.95,buy,0.1,0.1,1751164062.416
702,373712719,1751164141583,1,0.0003,0.00021067,85.6,BTC-25JUL25-60000-P,107279.15,buy,0.1,0.1,1751164141.583
703,373712720,1751164148722,1,0.0003,0.00021053,85.6,BTC-25JUL25-60000-P,107279.29,buy,0.1,0.1,1751164148.722
704,373712744,1751164261161,1,0.0003,0.00021067,85.59,BTC-25JUL25-60000-P,107257.17,buy,0.1,0.1,1751164261.161
705,373712745,1751164274568,1,0.0003,0.00020975,85.59,BTC-25JUL25-60000-P,107256.17,buy,0.1,0.1,1751164274.568
706,373712756,1751164467531,1,0.0003,0.00020889,85.6,BTC-25JUL25-60000-P,107258.1,buy,0.1,0.1,1751164467.531
707,373712761,1751164486202,1,0.0003,0.0002081,85.6,BTC-25JUL25-60000-P,107258.73,buy,0.1,0.1,1751164486.202
708,373712770,1751164545515,1,0.0003,0.00020808,85.61,BTC-25JUL25-60000-P,107267.05,buy,0.1,0.1,1751164545.515
709,373712776,1751164558863,1,0.0003,0.00020745,85.61,BTC-25JUL25-60000-P,107267.08,buy,0.1,0.1,1751164558.863
710,373712800,1751164686521,1,0.0003,0.00020796,85.62,BTC-25JUL25-60000-P,107276.62,buy,0.1,0.1,1751164686.521
711,373712801,1751164707291,1,0.0003,0.00020694,85.62,BTC-25JUL25-60000-P,107276.72,buy,0.1,0.1,1751164707.291
712,373712924,1751164850355,1,0.0003,0.00020659,85.66,BTC-25JUL25-60000-P,107304.69,buy,0.1,0.1,1751164850.355
713,373712926,1751164859705,1,0.0003,0.0002061,85.66,BTC-25JUL25-60000-P,107304.89,buy,0.1,0.1,1751164859.705
714,373712999,1751164956403,1,0.0003,0.00020592,85.72,BTC-25JUL25-60000-P,107349.86,buy,0.1,0.1,1751164956.403
715,373713069,1751164968867,1,0.0003,0.00020496,85.75,BTC-25JUL25-60000-P,107371.94,buy,0.1,0.1,1751164968.867
716,373717334,1751181903626,1,0.0003,0.00024241,86.1,BTC-25JUL25-60000-P,107386.37,buy,0.1,0.1,1751181903.626
717,373717336,1751181919437,1,0.0003,0.0002424,86.1,BTC-25JUL25-60000-P,107386.66,buy,0.1,0.1,1751181919.437
718,373741247,1751196015021,2,0.0002,0.00021059,83.63,BTC-25JUL25-60000-P,108187.46,buy,1.4,1.4,1751196015.021
719,373741248,1751196015024,3,0.0002,0.00021059,83.63,BTC-25JUL25-60000-P,108187.46,buy,1.4,1.4,1751196015.024
720,373741256,1751196022413,3,0.0002,0.00021016,83.63,BTC-25JUL25-60000-P,108185.67,buy,0.6,0.6,1751196022.413
721,373741257,1751196022421,3,0.0002,0.00021016,83.63,BTC-25JUL25-60000-P,108185.67,buy,0.1,0.1,1751196022.421
722,373798775,1751261951691,0,0.0003,0.00020031,88.82,BTC-25JUL25-60000-P,108219.05,buy,0.1,0.1,1751261951.691
723,373798776,1751261951691,1,0.0003,0.00020031,88.82,BTC-25JUL25-60000-P,108219.05,buy,5.0,5.0,1751261951.691
724,373798777,1751261951694,1,0.0003,0.00020031,88.82,BTC-25JUL25-60000-P,108219.05,sell,14.9,14.9,1751261951.694
725,373804041,1751266260549,1,0.0003,0.00037134,88.17,BTC-25JUL25-60000-P,107645.56,sell,16.3,16.3,1751266260.549
726,373808523,1751270699703,1,0.0003,0.00020972,88.31,BTC-25JUL25-60000-P,107714.07,buy,0.1,0.1,1751270699.703
727,373884748,1751316375632,2,0.0002,0.00018072,85.22,BTC-25JUL25-60000-P,107581.18,buy,0.1,0.1,1751316375.632
728,373885846,1751316859079,3,0.0002,0.00018013,85.27,BTC-25JUL25-60000-P,107597.8,buy,0.1,0.1,1751316859.079
729,373924712,1751359250162,3,0.0002,0.00018084,85.11,BTC-25JUL25-60000-P,106816.2,buy,0.1,0.1,1751359250.162
730,373948175,1751372975316,3,0.0002,0.00018095,84.92,BTC-25JUL25-60000-P,106433.64,buy,0.1,0.1,1751372975.316
731,373988835,1751396423668,2,0.0001,0.00018284,78.81,BTC-25JUL25-60000-P,105681.2,sell,0.5,0.5,1751396423.668
