trade_seq,trade_id,timestamp,tick_direction,price,mark_price,iv,instrument_name,index_price,direction,contracts,amount,block_trade_leg_count,block_trade_id,combo_id,block_rfq_id,combo_trade_id,unix_sec
959,369614318,1748659642588,2,0.0345,0.03420932,45.39,BTC-25JUL25-115000-C,103520.0,sell,0.4,0.4,,,,,,1748659642.588
960,369614331,1748659645706,3,0.0345,0.03419124,45.4,BTC-25JUL25-115000-C,103516.36,sell,0.5,0.5,,,,,,1748659645.706
961,369614332,1748659645717,3,0.0345,0.03419124,45.4,BTC-25JUL25-115000-C,103516.36,sell,0.1,0.1,,,,,,1748659645.717
962,369647393,1748679554046,0,0.0355,0.03585568,46.02,BTC-25JUL25-115000-C,103592.23,sell,0.1,0.1,,,,,,1748679554.046
963,369647403,1748679556204,1,0.0355,0.03586108,46.01,BTC-25JUL25-115000-C,103604.93,sell,0.1,0.1,,,,,,1748679556.204
964,369717138,1748753129514,0,0.04,0.0397694,47.09,BTC-25JUL25-115000-C,104770.12,buy,0.1,0.1,,,,,,1748753129.514
965,369751232,1748794087796,1,0.04,0.04002964,46.97,BTC-25JUL25-115000-C,104904.69,buy,0.1,0.1,,,,,,1748794087.796
966,369799747,1748831315726,2,0.0385,0.03859882,45.5,BTC-25JUL25-115000-C,105260.87,sell,0.3,0.3,,,,,,1748831315.726
967,369805398,1748834698596,2,0.037,0.03704317,45.5,BTC-25JUL25-115000-C,104794.67,sell,0.2,0.2,,,,,,1748834698.596
968,369805399,1748834700793,3,0.037,0.0370435,45.5,BTC-25JUL25-115000-C,104793.83,sell,0.2,0.2,,,,,,1748834700.793
969,369806268,1748835675380,0,0.0375,0.03756846,45.5,BTC-25JUL25-115000-C,104968.69,buy,0.3,0.3,,,,,,1748835675.38
970,369808980,1748837532351,2,0.037,0.03693787,45.47,BTC-25JUL25-115000-C,104840.15,sell,0.9,0.9,,,,,,1748837532.351
971,369808983,1748837550241,3,0.037,0.03704699,45.43,BTC-25JUL25-115000-C,104856.5,buy,0.1,0.1,,,,,,1748837550.241
972,369809155,1748837712583,0,0.0375,0.03738848,45.49,BTC-25JUL25-115000-C,104986.14,buy,1.0,1.0,,,,,,1748837712.583
973,369809211,1748837740267,1,0.0375,0.03755694,45.4,BTC-25JUL25-115000-C,105031.67,sell,0.3,0.3,,,,,,1748837740.267
974,369809278,1748837792670,1,0.0375,0.03751021,45.46,BTC-25JUL25-115000-C,105007.18,sell,0.5,0.5,,,,,,1748837792.67
975,369809298,1748837835564,1,0.0375,0.03742402,45.5,BTC-25JUL25-115000-C,105001.9,sell,0.9,0.9,,,,,,1748837835.564
976,369809326,1748837853449,1,0.0375,0.03749134,45.47,BTC-25JUL25-115000-C,105009.26,buy,0.1,0.1,,,,,,1748837853.449
977,369809327,1748837853455,1,0.0375,0.03749134,45.47,BTC-25JUL25-115000-C,105009.26,sell,0.1,0.1,,,,,,1748837853.455
978,369809625,1748838703492,1,0.0375,0.03740557,45.5,BTC-25JUL25-115000-C,104993.19,buy,0.1,0.1,,,,,,1748838703.492
979,369830992,1748856709184,2,0.0365,0.03640272,45.25,BTC-25JUL25-115000-C,104781.67,buy,0.1,0.1,,,,,,1748856709.184
980,369837203,1748859876275,2,0.035,0.03515856,45.1,BTC-25JUL25-115000-C,104363.95,sell,0.3,0.3,,,,,,1748859876.275
981,369841542,1748863584533,3,0.035,0.03492854,45.13,BTC-25JUL25-115000-C,104334.81,buy,0.1,0.1,,,,,,1748863584.533
983,369841898,1748864211574,3,0.035,0.03493955,45.15,BTC-25JUL25-115000-C,104335.09,buy,0.1,0.1,,,,,,1748864211.574
982,369841897,1748864211574,3,0.035,0.03493955,45.15,BTC-25JUL25-115000-C,104335.09,buy,0.2,0.2,,,,,,1748864211.574
984,369841899,1748864211576,3,0.035,0.03493955,45.15,BTC-25JUL25-115000-C,104335.09,sell,2.2,2.2,,,,,,1748864211.576
985,369860192,1748871803586,2,0.034,0.03414556,44.68,BTC-25JUL25-115000-C,104251.17,sell,0.2,0.2,,,,,,1748871803.586
988,369870933,1748873471625,3,0.0335,0.03324399,44.88,BTC-25JUL25-115000-C,104027.9,buy,0.2,0.2,,,,,,1748873471.625
986,369870931,1748873471625,2,0.0335,0.03324399,44.88,BTC-25JUL25-115000-C,104027.9,buy,0.3,0.3,,,,,,1748873471.625
987,369870932,1748873471625,3,0.0335,0.03324399,44.88,BTC-25JUL25-115000-C,104027.9,buy,0.1,0.1,,,,,,1748873471.625
989,369870934,1748873471628,3,0.0335,0.03324399,44.88,BTC-25JUL25-115000-C,104027.9,sell,8.6,8.6,,,,,,1748873471.628
990,369870935,1748873471631,3,0.0335,0.03324399,44.88,BTC-25JUL25-115000-C,104027.9,sell,1.9,1.9,,,,,,1748873471.631
991,369870936,1748873471643,3,0.0335,0.03324399,44.88,BTC-25JUL25-115000-C,104027.9,sell,0.1,0.1,,,,,,1748873471.643
992,369870989,1748873474259,3,0.0335,0.03322564,44.86,BTC-25JUL25-115000-C,104037.83,sell,0.1,0.1,,,,,,1748873474.259
993,369871040,1748873474561,3,0.0335,0.03322564,44.86,BTC-25JUL25-115000-C,104037.83,sell,0.4,0.4,,,,,,1748873474.561
994,369871060,1748873477660,3,0.0335,0.03324299,44.89,BTC-25JUL25-115000-C,104014.14,sell,0.4,0.4,,,,,,1748873477.66
995,369871090,1748873484547,3,0.0335,0.03320943,44.89,BTC-25JUL25-115000-C,104024.08,sell,2.9,2.9,,,,,,1748873484.547
996,369872899,1748873766988,3,0.0335,0.03348672,44.72,BTC-25JUL25-115000-C,104096.16,sell,0.1,0.1,,,,,,1748873766.988
997,369880170,1748875414726,0,0.0345,0.03442716,44.62,BTC-25JUL25-115000-C,104470.04,sell,0.1,0.1,,,,,,1748875414.726
998,369883246,1748876371889,2,0.0335,0.03350857,44.52,BTC-25JUL25-115000-C,104196.93,buy,0.2,0.2,,,,,,1748876371.889
999,369892767,1748879463404,0,0.0345,0.03452716,44.55,BTC-25JUL25-115000-C,104533.75,buy,0.2,0.2,,,,,,1748879463.404
1000,369893492,1748880121803,2,0.034,0.03411948,44.48,BTC-25JUL25-115000-C,104400.97,sell,0.9,0.9,,,,,,1748880121.803
1001,369898528,1748881502080,2,0.033,0.03271224,44.07,BTC-25JUL25-115000-C,104222.94,buy,8.6,8.6,,,,,,1748881502.08
1002,369898529,1748881502082,3,0.033,0.03271224,44.07,BTC-25JUL25-115000-C,104222.94,sell,6.4,6.4,,,,,,1748881502.082
1003,369907811,1748889029344,0,0.0345,0.03444446,44.39,BTC-25JUL25-115000-C,104639.26,buy,0.1,0.1,,,,,,1748889029.344
1004,369910292,1748890780843,2,0.0335,0.0333831,44.23,BTC-25JUL25-115000-C,104366.91,buy,0.1,0.1,,,,,,1748890780.843
1005,369910655,1748891139676,0,0.034,0.03389893,44.26,BTC-25JUL25-115000-C,104538.0,buy,0.1,0.1,,,,,,1748891139.676
1006,369910656,1748891148896,1,0.034,0.03390872,44.25,BTC-25JUL25-115000-C,104539.24,sell,0.3,0.3,,,,,,1748891148.896
1007,369925625,1748900409604,0,0.0345,0.03451301,44.09,BTC-25JUL25-115000-C,104829.79,buy,0.1,0.1,,,,,,1748900409.604
1008,369926843,1748901635811,0,0.035,0.03506619,44.02,BTC-25JUL25-115000-C,105038.32,buy,0.1,0.1,,,,,,1748901635.811
1009,369927988,1748902045816,0,0.0355,0.03563505,44.07,BTC-25JUL25-115000-C,105172.65,sell,1.0,1.0,,,,,,1748902045.816
1010,369928072,1748902137183,1,0.0355,0.03550221,44.06,BTC-25JUL25-115000-C,105173.91,buy,0.1,0.1,,,,,,1748902137.183
1011,369930487,1748903019053,0,0.0365,0.03653624,44.07,BTC-25JUL25-115000-C,105473.03,buy,0.1,0.1,,,,,,1748903019.053
1012,369935627,1748906292731,0,0.0375,0.03754349,44.07,BTC-25JUL25-115000-C,105804.71,buy,0.1,0.1,,,,,,1748906292.731
1013,369940865,1748909423969,0,0.0385,0.03856113,44.31,BTC-25JUL25-115000-C,105985.21,buy,0.1,0.1,,,,,,1748909423.969
1014,369943591,1748910648048,0,0.039,0.03893226,44.38,BTC-25JUL25-115000-C,106116.76,sell,1.0,1.0,,,,,,1748910648.048
1015,369945337,1748912291288,0,0.0395,0.0393767,44.38,BTC-25JUL25-115000-C,106267.47,buy,0.1,0.1,,,,,,1748912291.288
1016,369950213,1748916117315,0,0.04,0.03990363,44.31,BTC-25JUL25-115000-C,106476.81,buy,0.1,0.1,,,,,,1748916117.315
1017,369954056,1748918897698,2,0.038,0.03775974,44.44,BTC-25JUL25-115000-C,105784.64,sell,7.4,7.4,,,,,,1748918897.698
1018,369954075,1748918897715,3,0.038,0.03775974,44.44,BTC-25JUL25-115000-C,105784.64,sell,2.6,2.6,,,,,,1748918897.715
1020,369957297,1748920961563,3,0.0375,0.03734126,44.37,BTC-25JUL25-115000-C,105676.09,buy,0.1,0.1,,,,,,1748920961.563
1019,369957296,1748920961563,2,0.0375,0.03734126,44.37,BTC-25JUL25-115000-C,105676.09,buy,0.1,0.1,,,,,,1748920961.563
1021,369958570,1748922747029,2,0.037,0.03715303,44.18,BTC-25JUL25-115000-C,105600.96,sell,0.1,0.1,,,,,,1748922747.029
1022,369958605,1748922800660,3,0.037,0.03706294,44.24,BTC-25JUL25-115000-C,105574.03,buy,0.1,0.1,,,,,,1748922800.66
1023,369959429,1748924140206,3,0.037,0.03672172,44.73,BTC-25JUL25-115000-C,105379.04,buy,0.1,0.1,,,,,,1748924140.206
1024,369959449,1748924178615,3,0.037,0.03672291,44.72,BTC-25JUL25-115000-C,105385.43,buy,0.1,0.1,,,,,,1748924178.615
1025,369993938,1748957525184,2,0.0355,0.03563037,44.0,BTC-25JUL25-115000-C,105376.08,sell,1.0,1.0,,,,,,1748957525.184
1026,370005857,1748962236120,0,0.0385,0.0387007,43.97,BTC-25JUL25-115000-C,106350.72,buy,0.2,0.2,,,,,,1748962236.12
1027,370005858,1748962236141,1,0.0385,0.0387007,43.97,BTC-25JUL25-115000-C,106350.72,sell,0.1,0.1,,,,,,1748962236.141
1028,370006014,1748962253577,1,0.0385,0.03884461,43.91,BTC-25JUL25-115000-C,106379.26,sell,1.0,1.0,,,,,,1748962253.577
1031,370006046,1748962258703,3,0.038,0.03888708,43.51,BTC-25JUL25-115000-C,106402.67,sell,8.0,8.0,,,,,,1748962258.703
1032,370006047,1748962258703,3,0.038,0.03888708,43.51,BTC-25JUL25-115000-C,106402.67,sell,0.6,0.6,,,,,,1748962258.703
1029,370006044,1748962258703,2,0.038,0.03888708,43.51,BTC-25JUL25-115000-C,106402.67,sell,1.2,1.2,,,,,,1748962258.703
1033,370006048,1748962258703,3,0.038,0.03888708,43.51,BTC-25JUL25-115000-C,106402.67,sell,5.0,5.0,,,,,,1748962258.703
1030,370006045,1748962258703,3,0.038,0.03888708,43.51,BTC-25JUL25-115000-C,106402.67,sell,1.0,1.0,,,,,,1748962258.703
1034,370006049,1748962258709,3,0.038,0.03888708,43.51,BTC-25JUL25-115000-C,106402.67,buy,11.1,11.1,,,,,,1748962258.709
1035,370006055,1748962258950,3,0.038,0.03888708,43.51,BTC-25JUL25-115000-C,106402.67,buy,12.8,12.8,,,,,,1748962258.95
1036,370006060,1748962261162,3,0.038,0.03887423,43.5,BTC-25JUL25-115000-C,106408.47,buy,3.0,3.0,,,,,,1748962261.162
1037,370006140,1748962266018,3,0.038,0.03880157,43.51,BTC-25JUL25-115000-C,106405.93,buy,1.6,1.6,,,,,,1748962266.018
1038,370006150,1748962266685,3,0.038,0.03878563,43.51,BTC-25JUL25-115000-C,106423.29,buy,0.2,0.2,,,,,,1748962266.685
1039,370006172,1748962267425,3,0.038,0.03878563,43.51,BTC-25JUL25-115000-C,106423.29,buy,50.0,50.0,,,,,,1748962267.425
1040,370006173,1748962267430,3,0.038,0.03878563,43.51,BTC-25JUL25-115000-C,106423.29,buy,5.5,5.5,,,,,,1748962267.43
1041,370006202,1748962270179,0,0.0385,0.03883858,43.76,BTC-25JUL25-115000-C,106454.52,sell,1.0,1.0,,,,,,1748962270.179
1042,370006239,1748962277388,1,0.0385,0.03892674,43.74,BTC-25JUL25-115000-C,106475.78,sell,0.7,0.7,,,,,,1748962277.388
1043,370007482,1748962442374,0,0.039,0.03903299,43.89,BTC-25JUL25-115000-C,106610.01,buy,0.2,0.2,,,,,,1748962442.374
1044,370007483,1748962442378,1,0.039,0.03903299,43.89,BTC-25JUL25-115000-C,106610.01,sell,0.8,0.8,,,,,,1748962442.378
1045,370011016,1748963289705,0,0.0395,0.03940314,44.05,BTC-25JUL25-115000-C,106673.39,buy,0.1,0.1,,,,,,1748963289.705
1046,370015223,1748964669780,0,0.04,0.03996583,44.12,BTC-25JUL25-115000-C,106800.56,sell,0.1,0.1,,,,,,1748964669.78
1048,370016386,1748965159317,3,0.039,0.03973148,43.53,BTC-25JUL25-115000-C,106752.16,sell,1.6,1.6,,,,,,1748965159.317
1051,370016389,1748965159317,3,0.039,0.03973148,43.53,BTC-25JUL25-115000-C,106752.16,sell,0.5,0.5,,,,,,1748965159.317
1049,370016387,1748965159317,3,0.039,0.03973148,43.53,BTC-25JUL25-115000-C,106752.16,sell,3.0,3.0,,,,,,1748965159.317
1050,370016388,1748965159317,3,0.039,0.03973148,43.53,BTC-25JUL25-115000-C,106752.16,sell,8.0,8.0,,,,,,1748965159.317
1056,370016394,1748965159317,3,0.039,0.03973148,43.53,BTC-25JUL25-115000-C,106752.16,sell,0.6,0.6,,,,,,1748965159.317
1053,370016391,1748965159317,3,0.039,0.03973148,43.53,BTC-25JUL25-115000-C,106752.16,sell,8.3,8.3,,,,,,1748965159.317
1055,370016393,1748965159317,3,0.039,0.03973148,43.53,BTC-25JUL25-115000-C,106752.16,sell,1.6,1.6,,,,,,1748965159.317
1047,370016385,1748965159317,2,0.039,0.03973148,43.53,BTC-25JUL25-115000-C,106752.16,sell,2.6,2.6,,,,,,1748965159.317
1052,370016390,1748965159317,3,0.039,0.03973148,43.53,BTC-25JUL25-115000-C,106752.16,sell,1.0,1.0,,,,,,1748965159.317
1054,370016392,1748965159317,3,0.039,0.03973148,43.53,BTC-25JUL25-115000-C,106752.16,sell,1.0,1.0,,,,,,1748965159.317
1057,370016419,1748965167229,3,0.039,0.03964604,43.53,BTC-25JUL25-115000-C,106749.36,buy,8.4,8.4,,,,,,1748965167.229
1058,370016422,1748965167237,3,0.039,0.03964604,43.53,BTC-25JUL25-115000-C,106749.36,buy,0.3,0.3,,,,,,1748965167.237
1059,370016424,1748965167245,3,0.039,0.03964604,43.53,BTC-25JUL25-115000-C,106749.36,buy,0.1,0.1,,,,,,1748965167.245
1060,370016425,1748965167255,3,0.039,0.03964604,43.53,BTC-25JUL25-115000-C,106749.36,buy,0.1,0.1,,,,,,1748965167.255
1061,370016426,1748965167265,3,0.039,0.03964604,43.53,BTC-25JUL25-115000-C,106749.36,buy,0.1,0.1,,,,,,1748965167.265
1062,370016427,1748965167273,3,0.039,0.03964604,43.53,BTC-25JUL25-115000-C,106749.36,buy,0.2,0.2,,,,,,1748965167.273
1063,370016428,1748965167279,3,0.039,0.03964604,43.53,BTC-25JUL25-115000-C,106749.36,buy,0.1,0.1,,,,,,1748965167.279
1064,370016432,1748965167366,3,0.039,0.03964604,43.53,BTC-25JUL25-115000-C,106749.36,buy,0.2,0.2,,,,,,1748965167.366
1065,370016433,1748965167371,3,0.039,0.03964604,43.53,BTC-25JUL25-115000-C,106749.36,buy,0.1,0.1,,,,,,1748965167.371
1066,370016438,1748965167407,3,0.039,0.03964604,43.53,BTC-25JUL25-115000-C,106749.36,buy,0.1,0.1,,,,,,1748965167.407
1067,370016439,1748965167699,3,0.039,0.0396225,43.52,BTC-25JUL25-115000-C,106755.87,buy,0.1,0.1,,,,,,1748965167.699
1068,370016447,1748965169624,3,0.039,0.03962574,43.48,BTC-25JUL25-115000-C,106772.93,buy,0.1,0.1,,,,,,1748965169.624
1069,370016448,1748965169631,3,0.039,0.03962574,43.48,BTC-25JUL25-115000-C,106772.93,buy,0.1,0.1,,,,,,1748965169.631
1070,370016449,1748965169637,3,0.039,0.03962574,43.48,BTC-25JUL25-115000-C,106772.93,buy,0.1,0.1,,,,,,1748965169.637
1071,370016450,1748965169644,3,0.039,0.03962574,43.48,BTC-25JUL25-115000-C,106772.93,buy,0.1,0.1,,,,,,1748965169.644
1072,370016451,1748965169653,3,0.039,0.03962574,43.48,BTC-25JUL25-115000-C,106772.93,buy,0.1,0.1,,,,,,1748965169.653
1073,370016452,1748965169661,3,0.039,0.03962574,43.48,BTC-25JUL25-115000-C,106772.93,buy,0.1,0.1,,,,,,1748965169.661
1074,370016453,1748965169702,3,0.039,0.03962574,43.48,BTC-25JUL25-115000-C,106772.93,buy,0.1,0.1,,,,,,1748965169.702
1075,370016460,1748965175164,3,0.039,0.03967129,43.47,BTC-25JUL25-115000-C,106774.14,buy,3.0,3.0,,,,,,1748965175.164
1076,370016467,1748965176684,3,0.039,0.03961924,43.5,BTC-25JUL25-115000-C,106766.17,buy,1.0,1.0,,,,,,1748965176.684
1077,370016468,1748965176844,3,0.039,0.03961924,43.5,BTC-25JUL25-115000-C,106766.17,buy,0.5,0.5,,,,,,1748965176.844
1078,370016500,1748965194141,3,0.039,0.03945964,43.5,BTC-25JUL25-115000-C,106768.6,buy,0.5,0.5,,,,,,1748965194.141
1079,370016501,1748965194368,3,0.039,0.03945964,43.5,BTC-25JUL25-115000-C,106768.6,buy,1.0,1.0,,,,,,1748965194.368
1080,370016517,1748965208587,3,0.039,0.03939245,43.47,BTC-25JUL25-115000-C,106787.52,buy,0.5,0.5,,,,,,1748965208.587
1081,370016518,1748965208771,3,0.039,0.03939245,43.47,BTC-25JUL25-115000-C,106787.52,buy,1.0,1.0,,,,,,1748965208.771
1082,370016535,1748965225041,3,0.039,0.03940597,43.46,BTC-25JUL25-115000-C,106792.83,buy,1.0,1.0,,,,,,1748965225.041
1083,370016536,1748965225047,3,0.039,0.03940597,43.46,BTC-25JUL25-115000-C,106792.83,buy,0.5,0.5,,,,,,1748965225.047
1084,370016559,1748965242555,3,0.039,0.03936116,43.47,BTC-25JUL25-115000-C,106793.44,buy,0.5,0.5,,,,,,1748965242.555
1085,370016560,1748965242755,3,0.039,0.03936711,43.47,BTC-25JUL25-115000-C,106794.08,buy,1.0,1.0,,,,,,1748965242.755
1086,370016570,1748965260040,3,0.039,0.03936715,43.48,BTC-25JUL25-115000-C,106791.57,buy,0.5,0.5,,,,,,1748965260.04
1087,370016571,1748965260171,3,0.039,0.03936715,43.48,BTC-25JUL25-115000-C,106791.57,buy,1.0,1.0,,,,,,1748965260.171
1088,370016588,1748965277539,3,0.039,0.03935813,43.48,BTC-25JUL25-115000-C,106785.81,buy,0.5,0.5,,,,,,1748965277.539
1089,370016589,1748965277543,3,0.039,0.03935813,43.48,BTC-25JUL25-115000-C,106785.81,buy,1.0,1.0,,,,,,1748965277.543
1090,370016611,1748965295047,3,0.039,0.03929564,43.52,BTC-25JUL25-115000-C,106778.52,buy,0.5,0.5,,,,,,1748965295.047
1091,370016612,1748965295061,3,0.039,0.03929564,43.52,BTC-25JUL25-115000-C,106778.52,buy,1.0,1.0,,,,,,1748965295.061
1092,370016627,1748965312542,3,0.039,0.039258,43.53,BTC-25JUL25-115000-C,106774.62,buy,0.5,0.5,,,,,,1748965312.542
1093,370016628,1748965312544,3,0.039,0.039258,43.53,BTC-25JUL25-115000-C,106774.62,buy,1.0,1.0,,,,,,1748965312.544
1094,370016666,1748965322339,3,0.039,0.03925451,43.53,BTC-25JUL25-115000-C,106777.35,buy,44.8,44.8,,,,,,1748965322.339
1095,370017988,1748965805411,2,0.0385,0.03855846,43.7,BTC-25JUL25-115000-C,106537.56,sell,1.0,1.0,,,,,,1748965805.411
1096,370017989,1748965805411,3,0.0385,0.03855846,43.7,BTC-25JUL25-115000-C,106537.56,sell,3.0,3.0,,,,,,1748965805.411
1097,370020172,1748966772737,2,0.038,0.03839827,43.41,BTC-25JUL25-115000-C,106483.76,sell,1.6,1.6,,,,,,1748966772.737
1098,370020173,1748966772737,3,0.038,0.03839827,43.41,BTC-25JUL25-115000-C,106483.76,sell,0.6,0.6,,,,,,1748966772.737
1099,370020452,1748966877277,3,0.038,0.03838634,43.28,BTC-25JUL25-115000-C,106531.89,buy,8.0,8.0,,,,,,1748966877.277
1100,370020951,1748967185048,3,0.038,0.03814011,43.39,BTC-25JUL25-115000-C,106497.57,buy,3.0,3.0,,,,,,1748967185.048
1101,370020983,1748967206550,3,0.038,0.03809584,43.44,BTC-25JUL25-115000-C,106471.44,buy,5.0,5.0,,,,,,1748967206.55
1102,370020995,1748967225791,3,0.038,0.03805106,43.46,BTC-25JUL25-115000-C,106468.97,buy,15.0,15.0,,,,,,1748967225.791
1103,370021037,1748967243587,3,0.038,0.03815932,43.38,BTC-25JUL25-115000-C,106501.86,buy,5.0,5.0,,,,,,1748967243.587
1104,370021038,1748967244953,3,0.038,0.03815887,43.39,BTC-25JUL25-115000-C,106496.12,buy,5.0,5.0,,,,,,1748967244.953
1105,370021039,1748967244955,3,0.038,0.03815887,43.39,BTC-25JUL25-115000-C,106496.12,buy,0.2,0.2,,,,,,1748967244.955
1106,370021056,1748967257699,3,0.038,0.03814636,43.38,BTC-25JUL25-115000-C,106500.32,buy,10.0,10.0,,,,,,1748967257.699
1107,370021110,1748967282777,3,0.038,0.03811687,43.41,BTC-25JUL25-115000-C,106491.18,buy,5.0,5.0,,,,,,1748967282.777
1108,370021111,1748967283506,3,0.038,0.03811687,43.41,BTC-25JUL25-115000-C,106491.18,buy,41.6,41.6,,,,,,1748967283.506
1109,370023089,1748968881075,3,0.038,0.03819464,43.75,BTC-25JUL25-115000-C,106352.19,sell,5.0,5.0,,,,,,1748968881.075
1110,370040060,1748984596436,2,0.0355,0.03580107,43.44,BTC-25JUL25-115000-C,105747.3,sell,0.2,0.2,,,,,,1748984596.436
1111,370040061,1748984596446,3,0.0355,0.03580107,43.44,BTC-25JUL25-115000-C,105747.3,sell,0.1,0.1,,,,,,1748984596.446
1112,370040063,1748984596502,3,0.0355,0.03580107,43.44,BTC-25JUL25-115000-C,105747.3,sell,0.1,0.1,,,,,,1748984596.502
1113,370040064,1748984597444,3,0.0355,0.03579929,43.44,BTC-25JUL25-115000-C,105747.19,sell,0.3,0.3,,,,,,1748984597.444
1114,370040066,1748984597511,3,0.0355,0.03579929,43.44,BTC-25JUL25-115000-C,105747.19,sell,0.1,0.1,,,,,,1748984597.511
1115,370040375,1748984844324,0,0.036,0.03621824,43.42,BTC-25JUL25-115000-C,105900.78,sell,0.3,0.3,,,,,,1748984844.324
1116,370040376,1748984844332,1,0.036,0.03621824,43.42,BTC-25JUL25-115000-C,105900.78,sell,0.1,0.1,,,,,,1748984844.332
1117,370040417,1748984960834,1,0.036,0.03621206,43.41,BTC-25JUL25-115000-C,105901.32,sell,1.0,1.0,,,,,,1748984960.834
1118,370040450,1748984978929,1,0.036,0.03609277,43.5,BTC-25JUL25-115000-C,105866.51,buy,0.3,0.3,,,,,,1748984978.929
1119,370040451,1748984978931,1,0.036,0.03609277,43.5,BTC-25JUL25-115000-C,105866.51,sell,0.7,0.7,,,,,,1748984978.931
1120,370040458,1748984996478,1,0.036,0.03608883,43.5,BTC-25JUL25-115000-C,105867.41,sell,1.0,1.0,,,,,,1748984996.478
1121,370040960,1748985638198,2,0.035,0.03515851,43.44,BTC-25JUL25-115000-C,105580.36,sell,1.0,1.0,,,,,,1748985638.198
1122,370041524,1748986284118,0,0.0355,0.0354532,43.5,BTC-25JUL25-115000-C,105730.41,buy,0.6,0.6,,,,,,1748986284.118
1123,370041525,1748986284118,1,0.0355,0.0354532,43.5,BTC-25JUL25-115000-C,105730.41,buy,0.4,0.4,,,,,,1748986284.118
1124,370041623,1748986342720,1,0.0355,0.03549289,43.49,BTC-25JUL25-115000-C,105730.18,sell,1.0,1.0,,,,,,1748986342.72
1125,370043538,1748987768467,2,0.035,0.03508298,43.5,BTC-25JUL25-115000-C,105591.94,sell,1.0,1.0,,,,,,1748987768.467
1126,370054742,1748998900083,3,0.035,0.03500995,43.5,BTC-25JUL25-115000-C,105585.0,buy,0.4,0.4,,,,,,1748998900.083
1127,370056425,1749000857977,0,0.0355,0.03529153,43.7,BTC-25JUL25-115000-C,105661.87,sell,2.0,2.0,,,,,,1749000857.977
1128,370056571,1749001056272,2,0.035,0.03528799,43.37,BTC-25JUL25-115000-C,105629.61,sell,0.7,0.7,,,,,,1749001056.272
1129,370056572,1749001056272,3,0.035,0.03528799,43.37,BTC-25JUL25-115000-C,105629.61,sell,1.0,1.0,,,,,,1749001056.272
1130,370056573,1749001056275,3,0.035,0.03528799,43.37,BTC-25JUL25-115000-C,105629.61,sell,1.0,1.0,,,,,,1749001056.275
1131,370056594,1749001090432,3,0.035,0.03525639,43.38,BTC-25JUL25-115000-C,105620.56,sell,0.2,0.2,,,,,,1749001090.432
1132,370056595,1749001090441,3,0.035,0.03525639,43.38,BTC-25JUL25-115000-C,105620.56,sell,0.1,0.1,,,,,,1749001090.441
1133,370056600,1749001095042,3,0.035,0.03522078,43.41,BTC-25JUL25-115000-C,105611.27,sell,0.1,0.1,,,,,,1749001095.042
1134,370079233,1749028995095,2,0.034,0.03394104,43.43,BTC-25JUL25-115000-C,105397.43,sell,0.2,0.2,,,,,,1749028995.095
1135,370079263,1749029063931,3,0.034,0.0340338,43.36,BTC-25JUL25-115000-C,105425.14,sell,0.3,0.3,,,,,,1749029063.931
1136,370087912,1749038137635,3,0.034,0.03422361,43.61,BTC-25JUL25-115000-C,105293.01,sell,0.1,0.1,,,,,,1749038137.635
1137,370093514,1749042040418,2,0.033,0.03295596,43.5,BTC-25JUL25-115000-C,105057.69,sell,0.1,0.1,,,,,,1749042040.418
1138,370103653,1749045748150,2,0.032,0.03186995,43.47,BTC-25JUL25-115000-C,104737.44,sell,0.1,0.1,,,,,,1749045748.15
1139,370103865,1749045758689,3,0.032,0.03176264,43.55,BTC-25JUL25-115000-C,104702.82,buy,0.1,0.1,,,,,,1749045758.689
1140,370105150,1749045842699,2,0.0315,0.03124828,43.6,BTC-25JUL25-115000-C,104528.92,sell,0.2,0.2,,,,,,1749045842.699
1141,370105418,1749045850380,3,0.0315,0.03112544,43.67,BTC-25JUL25-115000-C,104505.8,sell,0.1,0.1,,,,,,1749045850.38
1142,370105659,1749045877106,3,0.0315,0.03109635,43.75,BTC-25JUL25-115000-C,104472.47,sell,0.1,0.1,,,,,,1749045877.106
1143,370105777,1749045882670,3,0.0315,0.03104181,43.78,BTC-25JUL25-115000-C,104461.21,buy,0.1,0.1,,,,,,1749045882.67
1144,370106303,1749045934301,2,0.0313,0.03093558,43.71,BTC-25JUL25-115000-C,104417.42,buy,0.5,0.5,,,BTC-CCAL-26DEC25_25JUL25-115000,,370106301,1749045934.301
1145,370109050,1749046316044,2,0.031,0.0311368,43.37,BTC-25JUL25-115000-C,104474.19,sell,0.1,0.1,,,,,,1749046316.044
1146,370110275,1749046685035,0,0.0315,0.03167446,43.27,BTC-25JUL25-115000-C,104708.51,sell,0.1,0.1,,,,,,1749046685.035
1147,370110546,1749046794300,1,0.0315,0.03161688,43.3,BTC-25JUL25-115000-C,104698.65,sell,0.3,0.3,,,,,,1749046794.3
1148,370111670,1749046929597,1,0.0315,0.03136488,43.5,BTC-25JUL25-115000-C,104600.95,buy,0.2,0.2,,,,,,1749046929.597
1149,370111671,1749046929599,1,0.0315,0.03136488,43.5,BTC-25JUL25-115000-C,104600.95,sell,0.3,0.3,,,,,,1749046929.599
1150,370112639,1749047166642,0,0.0318,0.03159174,43.51,BTC-25JUL25-115000-C,104699.95,sell,0.5,0.5,,,BTC-CCAL-26DEC25_25JUL25-115000,,370112638,1749047166.642
1151,370116130,1749047517150,2,0.0315,0.03167163,43.19,BTC-25JUL25-115000-C,104741.57,sell,0.2,0.2,,,,,,1749047517.15
1152,370116153,1749047517313,3,0.0315,0.03167163,43.19,BTC-25JUL25-115000-C,104741.57,sell,0.1,0.1,,,,,,1749047517.313
1153,370116154,1749047517334,3,0.0315,0.03167163,43.19,BTC-25JUL25-115000-C,104741.57,sell,0.1,0.1,,,,,,1749047517.334
1154,370116276,1749047518645,3,0.0315,0.0316584,43.22,BTC-25JUL25-115000-C,104722.57,sell,0.6,0.6,,,,,,1749047518.645
1155,370117580,1749047680643,3,0.0315,0.03175153,43.09,BTC-25JUL25-115000-C,104786.56,sell,1.0,1.0,,,,,,1749047680.643
1156,370123613,1749048881133,0,0.032,0.03215994,43.19,BTC-25JUL25-115000-C,104909.98,sell,0.2,0.2,,,,,,1749048881.133
1157,370126908,1749049723657,0,0.0325,0.03266807,43.14,BTC-25JUL25-115000-C,105098.09,sell,1.0,1.0,,,,,,1749049723.657
1158,370126937,1749049737014,1,0.0325,0.03256953,43.19,BTC-25JUL25-115000-C,105090.11,sell,0.8,0.8,,,,,,1749049737.014
1159,370130863,1749052320577,0,0.033,0.03325777,42.83,BTC-25JUL25-115000-C,105450.3,sell,0.1,0.1,,,,,,1749052320.577
1160,370130864,1749052320577,1,0.033,0.03325777,42.83,BTC-25JUL25-115000-C,105450.3,sell,0.2,0.2,,,,,,1749052320.577
1161,370131655,1749052848862,2,0.0325,0.03304565,42.62,BTC-25JUL25-115000-C,105391.36,sell,0.3,0.3,,,,,,1749052848.862
1162,370132014,1749053288547,3,0.0325,0.03281727,42.7,BTC-25JUL25-115000-C,105360.48,sell,2.0,2.0,,,,,,1749053288.547
1163,370137636,1749060921596,2,0.0324,0.03202205,43.02,BTC-25JUL25-115000-C,105169.36,buy,0.1,0.1,,,BTC-CCAL-26DEC25_25JUL25-115000,,370137635,1749060921.596
1164,370154783,1749084930616,2,0.032,0.03184977,43.21,BTC-25JUL25-115000-C,104975.45,buy,0.2,0.2,,,,,,1749084930.616
1165,370161640,1749095485827,3,0.032,0.03217046,43.02,BTC-25JUL25-115000-C,105083.6,buy,0.1,0.1,,,,,,1749095485.827
1166,370164857,1749101431958,3,0.032,0.03202386,43.26,BTC-25JUL25-115000-C,104978.71,sell,0.4,0.4,,,,,,1749101431.958
1167,370177697,1749113133208,2,0.031,0.03103554,43.31,BTC-25JUL25-115000-C,104638.86,sell,0.3,0.3,,,,,,1749113133.208
1168,370180350,1749117167594,0,0.0317,0.03161698,43.29,BTC-25JUL25-115000-C,104925.86,sell,1000.0,1000.0,6.0,BLOCK-203219,,,,1749117167.594
1169,370180703,1749117487130,2,0.0315,0.03153621,43.17,BTC-25JUL25-115000-C,104917.98,buy,0.1,0.1,,,,,,1749117487.13
1170,370180724,1749117490381,3,0.0315,0.03154814,43.14,BTC-25JUL25-115000-C,104933.68,buy,0.1,0.1,,,,,,1749117490.381
1172,370196328,1749128441976,0,0.034,0.0334225,43.22,BTC-25JUL25-115000-C,105770.63,buy,0.4,0.4,,,,,,1749128441.976
1173,370196329,1749128441976,1,0.034,0.0334225,43.22,BTC-25JUL25-115000-C,105770.63,buy,0.4,0.4,,,,,,1749128441.976
1171,370196327,1749128441976,0,0.0335,0.0334225,42.85,BTC-25JUL25-115000-C,105770.63,buy,0.2,0.2,,,,,,1749128441.976
1174,370196330,1749128442522,1,0.034,0.03340943,43.22,BTC-25JUL25-115000-C,105769.79,buy,1.0,1.0,,,,,,1749128442.522
1175,370196331,1749128443522,1,0.034,0.03339748,43.22,BTC-25JUL25-115000-C,105769.32,buy,1.0,1.0,,,,,,1749128443.522
1176,370196332,1749128444521,1,0.034,0.03339705,43.22,BTC-25JUL25-115000-C,105767.98,buy,1.0,1.0,,,,,,1749128444.521
1177,370196333,1749128445523,1,0.034,0.03339481,43.22,BTC-25JUL25-115000-C,105768.13,buy,1.0,1.0,,,,,,1749128445.523
1178,370196334,1749128446527,1,0.034,0.03339359,43.22,BTC-25JUL25-115000-C,105769.75,buy,1.0,1.0,,,,,,1749128446.527
1179,370196337,1749128447522,1,0.034,0.03339063,43.22,BTC-25JUL25-115000-C,105770.87,buy,1.0,1.0,,,,,,1749128447.522
1180,370196338,1749128448523,1,0.034,0.03339138,43.22,BTC-25JUL25-115000-C,105771.02,buy,1.0,1.0,,,,,,1749128448.523
1181,370196345,1749128449521,2,0.0335,0.03339648,42.85,BTC-25JUL25-115000-C,105767.58,buy,1.0,1.0,,,,,,1749128449.521
1183,370196347,1749128450522,0,0.034,0.03339969,43.22,BTC-25JUL25-115000-C,105760.33,buy,0.4,0.4,,,,,,1749128450.522
1182,370196346,1749128450522,3,0.0335,0.03339969,42.86,BTC-25JUL25-115000-C,105760.33,buy,0.6,0.6,,,,,,1749128450.522
1184,370196349,1749128451521,1,0.034,0.03339031,43.24,BTC-25JUL25-115000-C,105764.41,buy,1.0,1.0,,,,,,1749128451.521
1185,370196350,1749128452525,1,0.034,0.03338978,43.23,BTC-25JUL25-115000-C,105764.29,buy,1.0,1.0,,,,,,1749128452.525
1186,370196351,1749128453527,1,0.034,0.0333697,43.23,BTC-25JUL25-115000-C,105764.32,buy,1.0,1.0,,,,,,1749128453.527
1188,370196356,1749128454522,1,0.034,0.03338217,43.23,BTC-25JUL25-115000-C,105764.9,buy,0.8,0.8,,,,,,1749128454.522
1187,370196355,1749128454522,1,0.034,0.03338217,43.23,BTC-25JUL25-115000-C,105764.9,buy,0.2,0.2,,,,,,1749128454.522
1189,370196357,1749128455522,1,0.034,0.03338206,43.23,BTC-25JUL25-115000-C,105765.42,buy,1.0,1.0,,,,,,1749128455.522
1190,370196358,1749128456522,1,0.034,0.03338302,43.23,BTC-25JUL25-115000-C,105765.44,buy,1.0,1.0,,,,,,1749128456.522
1191,370196359,1749128457524,1,0.034,0.0333852,43.23,BTC-25JUL25-115000-C,105761.37,buy,1.0,1.0,,,,,,1749128457.524
1192,370196360,1749128458522,1,0.034,0.0333872,43.23,BTC-25JUL25-115000-C,105758.72,buy,1.0,1.0,,,,,,1749128458.522
1193,370196361,1749128459522,1,0.034,0.03338725,43.24,BTC-25JUL25-115000-C,105754.32,buy,1.0,1.0,,,,,,1749128459.522
1194,370196363,1749128460523,1,0.034,0.03337591,43.25,BTC-25JUL25-115000-C,105752.52,buy,1.0,1.0,,,,,,1749128460.523
1195,370196364,1749128460955,1,0.034,0.03337591,43.25,BTC-25JUL25-115000-C,105752.52,buy,1.0,1.0,,,,,,1749128460.955
1196,370196370,1749128461513,1,0.034,0.03336816,43.24,BTC-25JUL25-115000-C,105756.58,buy,1.0,1.0,,,,,,1749128461.513
1197,370196371,1749128461528,1,0.034,0.03336816,43.24,BTC-25JUL25-115000-C,105756.58,buy,1.0,1.0,,,,,,1749128461.528
1198,370196372,1749128462514,1,0.034,0.03335566,43.24,BTC-25JUL25-115000-C,105756.29,buy,1.0,1.0,,,,,,1749128462.514
1199,370196373,1749128462522,1,0.034,0.03335566,43.24,BTC-25JUL25-115000-C,105756.29,buy,1.0,1.0,,,,,,1749128462.522
1200,370196374,1749128462791,2,0.0335,0.03335566,42.88,BTC-25JUL25-115000-C,105756.29,sell,3.0,3.0,,,,,,1749128462.791
1201,370196375,1749128463518,0,0.034,0.03335095,43.25,BTC-25JUL25-115000-C,105756.49,buy,1.0,1.0,,,,,,1749128463.518
1202,370196376,1749128463522,1,0.034,0.03335095,43.25,BTC-25JUL25-115000-C,105756.49,buy,1.0,1.0,,,,,,1749128463.522
1203,370196378,1749128464523,1,0.034,0.03336334,43.25,BTC-25JUL25-115000-C,105755.69,buy,1.0,1.0,,,,,,1749128464.523
1204,370196379,1749128464617,1,0.034,0.03336334,43.25,BTC-25JUL25-115000-C,105755.69,buy,1.0,1.0,,,,,,1749128464.617
1205,370196383,1749128465521,1,0.034,0.03336327,43.25,BTC-25JUL25-115000-C,105754.18,buy,1.0,1.0,,,,,,1749128465.521
1206,370196384,1749128465619,1,0.034,0.03336327,43.25,BTC-25JUL25-115000-C,105754.18,buy,1.0,1.0,,,,,,1749128465.619
1207,370196385,1749128466522,1,0.034,0.03336399,43.25,BTC-25JUL25-115000-C,105750.55,buy,1.0,1.0,,,,,,1749128466.522
1208,370196386,1749128466615,1,0.034,0.03336399,43.25,BTC-25JUL25-115000-C,105750.55,buy,1.0,1.0,,,,,,1749128466.615
1209,370196389,1749128467527,1,0.034,0.03336206,43.26,BTC-25JUL25-115000-C,105750.58,buy,1.0,1.0,,,,,,1749128467.527
1210,370196391,1749128467719,1,0.034,0.03336206,43.26,BTC-25JUL25-115000-C,105750.58,buy,1.0,1.0,,,,,,1749128467.719
1211,370196392,1749128468522,1,0.034,0.03335818,43.25,BTC-25JUL25-115000-C,105752.38,buy,1.0,1.0,,,,,,1749128468.522
1212,370196393,1749128468816,1,0.034,0.03335818,43.25,BTC-25JUL25-115000-C,105752.38,buy,1.0,1.0,,,,,,1749128468.816
1213,370196394,1749128469523,1,0.034,0.03334847,43.25,BTC-25JUL25-115000-C,105754.37,buy,1.0,1.0,,,,,,1749128469.523
1215,370196397,1749128469918,1,0.034,0.03334847,43.25,BTC-25JUL25-115000-C,105754.37,buy,0.8,0.8,,,,,,1749128469.918
1214,370196396,1749128469918,1,0.034,0.03334847,43.25,BTC-25JUL25-115000-C,105754.37,buy,0.2,0.2,,,,,,1749128469.918
1216,370196398,1749128470521,1,0.034,0.03334945,43.25,BTC-25JUL25-115000-C,105753.12,buy,1.0,1.0,,,,,,1749128470.521
1217,370196399,1749128470913,1,0.034,0.03334945,43.25,BTC-25JUL25-115000-C,105753.12,buy,1.0,1.0,,,,,,1749128470.913
1218,370196402,1749128472016,1,0.034,0.03335536,43.25,BTC-25JUL25-115000-C,105753.87,buy,1.0,1.0,,,,,,1749128472.016
1219,370196405,1749128473121,1,0.034,0.03336155,43.25,BTC-25JUL25-115000-C,105754.72,buy,1.0,1.0,,,,,,1749128473.121
1220,370196407,1749128474114,1,0.034,0.0333587,43.25,BTC-25JUL25-115000-C,105754.66,buy,1.0,1.0,,,,,,1749128474.114
1221,370196408,1749128475222,1,0.034,0.03336122,43.25,BTC-25JUL25-115000-C,105757.03,buy,1.0,1.0,,,,,,1749128475.222
1222,370196976,1749128703073,1,0.034,0.0336249,43.07,BTC-25JUL25-115000-C,105828.11,buy,0.5,0.5,,,,,,1749128703.073
1223,370200344,1749130308436,2,0.033,0.03273443,42.95,BTC-25JUL25-115000-C,105543.93,sell,0.2,0.2,,,,,,1749130308.436
1224,370200452,1749130380194,3,0.033,0.03295654,42.93,BTC-25JUL25-115000-C,105559.86,sell,0.5,0.5,,,,,,1749130380.194
1225,370200699,1749130518654,3,0.033,0.03288764,42.98,BTC-25JUL25-115000-C,105536.33,sell,0.2,0.2,,,,,,1749130518.654
1226,370211113,1749132593501,2,0.0295,0.0299369,42.94,BTC-25JUL25-115000-C,104311.27,sell,30.0,30.0,1.0,BLOCK-203285,,,,1749132593.501
1229,370211898,1749132726795,3,0.0295,0.02983609,43.01,BTC-25JUL25-115000-C,104308.11,sell,4.6,4.6,,,,,,1749132726.795
1227,370211896,1749132726795,3,0.0295,0.02983609,43.01,BTC-25JUL25-115000-C,104308.11,sell,0.1,0.1,,,,,,1749132726.795
1230,370211899,1749132726795,3,0.0295,0.02983609,43.01,BTC-25JUL25-115000-C,104308.11,sell,0.6,0.6,,,,,,1749132726.795
1228,370211897,1749132726795,3,0.0295,0.02983609,43.01,BTC-25JUL25-115000-C,104308.11,sell,5.0,5.0,,,,,,1749132726.795
1231,370211900,1749132726795,3,0.0295,0.02983609,43.01,BTC-25JUL25-115000-C,104308.11,sell,1.0,1.0,,,,,,1749132726.795
1232,370211901,1749132726800,3,0.0295,0.02983609,43.01,BTC-25JUL25-115000-C,104308.11,buy,3.7,3.7,,,,,,1749132726.8
1233,370217780,1749134165358,2,0.029,0.02897286,43.11,BTC-25JUL25-115000-C,104072.74,sell,0.2,0.2,,,,,,1749134165.358
1234,370217782,1749134165491,3,0.029,0.02897286,43.11,BTC-25JUL25-115000-C,104072.74,sell,0.1,0.1,,,,,,1749134165.491
1235,370220884,1749135023775,0,0.0305,0.03042399,43.08,BTC-25JUL25-115000-C,104642.67,sell,0.6,0.6,,,,,,1749135023.775
1236,370220892,1749135025374,1,0.0305,0.03046676,43.09,BTC-25JUL25-115000-C,104637.15,sell,0.1,0.1,,,,,,1749135025.374
1237,370222593,1749135762877,1,0.0305,0.03050496,43.02,BTC-25JUL25-115000-C,104657.76,buy,3.6,3.6,6.0,BLOCK-203316,,,,1749135762.877
1238,370223662,1749135998718,2,0.0304,0.03032924,43.21,BTC-25JUL25-115000-C,104513.48,buy,23.3,23.3,6.0,BLOCK-203317,,,,1749135998.718
1239,370224591,1749136200253,0,0.0305,0.03048104,43.25,BTC-25JUL25-115000-C,104518.92,buy,0.2,0.2,,,,,,1749136200.253
1240,370225366,1749136606411,2,0.03,0.03039029,43.01,BTC-25JUL25-115000-C,104456.11,sell,0.1,0.1,,,,,,1749136606.411
1241,370226136,1749136872427,0,0.0305,0.03057132,43.24,BTC-25JUL25-115000-C,104519.79,buy,0.2,0.2,,,,,,1749136872.427
1242,370238242,1749141727477,2,0.029,0.02915358,43.27,BTC-25JUL25-115000-C,103987.67,sell,0.1,0.1,,,,,,1749141727.477
1243,370240702,1749142407508,2,0.028,0.02798959,43.49,BTC-25JUL25-115000-C,103531.04,sell,0.7,0.7,,,,,,1749142407.508
1244,370240981,1749142440268,3,0.028,0.02790313,43.52,BTC-25JUL25-115000-C,103518.71,buy,0.3,0.3,,,,,,1749142440.268
1245,370240982,1749142440279,3,0.028,0.02790313,43.52,BTC-25JUL25-115000-C,103518.71,buy,0.1,0.1,,,,,,1749142440.279
1246,370240983,1749142440285,3,0.028,0.02790313,43.52,BTC-25JUL25-115000-C,103518.71,buy,0.5,0.5,,,,,,1749142440.285
1247,370240984,1749142440288,3,0.028,0.02790313,43.52,BTC-25JUL25-115000-C,103518.71,buy,0.1,0.1,,,,,,1749142440.288
1248,370241772,1749142665520,2,0.0278,0.02779119,43.51,BTC-25JUL25-115000-C,103436.71,buy,8.7,8.7,6.0,BLOCK-203354,,,,1749142665.52
1249,370241950,1749142698940,3,0.0278,0.02775733,43.55,BTC-25JUL25-115000-C,103423.34,buy,6.5,6.5,6.0,BLOCK-203355,,,,1749142698.94
1250,370242078,1749142733661,3,0.0278,0.02779293,43.52,BTC-25JUL25-115000-C,103429.15,buy,2.2,2.2,6.0,BLOCK-203356,,,,1749142733.661
1251,370243858,1749142886368,2,0.0274,0.02730262,43.6,BTC-25JUL25-115000-C,103247.77,buy,5.9,5.9,6.0,BLOCK-203359,,,,1749142886.368
1252,370248739,1749144523664,0,0.028,0.0280213,43.72,BTC-25JUL25-115000-C,103417.14,sell,0.4,0.4,,,,,,1749144523.664
1253,370269330,1749150361385,2,0.0255,0.02585682,42.96,BTC-25JUL25-115000-C,102847.85,sell,0.1,0.1,,,,,,1749150361.385
1254,370284237,1749152529849,2,0.025,0.02498483,43.6,BTC-25JUL25-115000-C,102323.71,sell,0.1,0.1,,,,,,1749152529.849
1255,370320425,1749158031133,2,0.022,0.02164591,44.39,BTC-25JUL25-115000-C,100679.64,buy,0.3,0.3,,,,,,1749158031.133
1256,370332832,1749161170052,0,0.023,0.02318448,44.02,BTC-25JUL25-115000-C,101286.9,sell,0.1,0.1,,,,,,1749161170.052
1257,370346724,1749169322949,2,0.0225,0.02293515,43.77,BTC-25JUL25-115000-C,101244.19,sell,0.6,0.6,,,,,,1749169322.949
1258,370346725,1749169322949,3,0.0225,0.02293515,43.77,BTC-25JUL25-115000-C,101244.19,sell,0.4,0.4,,,,,,1749169322.949
1259,370376807,1749192153349,0,0.026,0.02603193,43.18,BTC-25JUL25-115000-C,103080.64,sell,0.3,0.3,,,,,,1749192153.349
1260,370376826,1749192154970,1,0.026,0.02602793,43.19,BTC-25JUL25-115000-C,103079.49,sell,0.2,0.2,,,,,,1749192154.97
1261,370376827,1749192154976,1,0.026,0.02602793,43.19,BTC-25JUL25-115000-C,103079.49,sell,0.1,0.1,,,,,,1749192154.976
1262,370376846,1749192155180,1,0.026,0.02602174,43.2,BTC-25JUL25-115000-C,103075.55,sell,0.4,0.4,,,,,,1749192155.18
1263,370378419,1749193265684,0,0.0265,0.0265401,43.21,BTC-25JUL25-115000-C,103247.91,buy,0.2,0.2,,,,,,1749193265.684
1264,370399709,1749203353733,0,0.0275,0.02758715,43.12,BTC-25JUL25-115000-C,103691.23,buy,2.0,2.0,,,,,,1749203353.733
1265,370407488,1749211354586,0,0.029,0.02851425,43.56,BTC-25JUL25-115000-C,104084.87,buy,0.1,0.1,,,,,,1749211354.586
1266,370407490,1749211354811,1,0.029,0.02851425,43.56,BTC-25JUL25-115000-C,104084.87,buy,0.1,0.1,,,,,,1749211354.811
1268,370407493,1749211355052,1,0.029,0.02851425,43.56,BTC-25JUL25-115000-C,104084.87,buy,0.1,0.1,,,,,,1749211355.052
1267,370407492,1749211355052,1,0.029,0.02851425,43.56,BTC-25JUL25-115000-C,104084.87,buy,0.2,0.2,,,,,,1749211355.052
1269,370411674,1749213112085,2,0.0285,0.02870944,43.03,BTC-25JUL25-115000-C,104136.09,sell,0.1,0.1,,,,,,1749213112.085
1270,370416745,1749215628248,2,0.028,0.02820515,42.77,BTC-25JUL25-115000-C,104079.78,buy,0.1,0.1,,,,,,1749215628.248
1271,370423741,1749218900982,0,0.0285,0.02841442,42.81,BTC-25JUL25-115000-C,104273.54,sell,0.8,0.8,,,,,,1749218900.982
1272,370425801,1749220070504,1,0.0285,0.02913966,42.19,BTC-25JUL25-115000-C,104566.07,sell,0.1,0.1,,,,,,1749220070.504
1273,370427476,1749220776233,1,0.0285,0.0290748,42.21,BTC-25JUL25-115000-C,104569.56,sell,0.2,0.2,,,,,,1749220776.233
1274,370428145,1749220873027,0,0.0298,0.02986659,42.58,BTC-25JUL25-115000-C,104860.54,buy,0.6,0.6,,,BTC-CCAL-26SEP25_25JUL25-115000,,370428144,1749220873.027
1275,370428933,1749221048234,0,0.03,0.02979233,42.78,BTC-25JUL25-115000-C,104847.77,buy,0.6,0.6,,,,,,1749221048.234
1276,370428934,1749221048234,1,0.03,0.02979233,42.78,BTC-25JUL25-115000-C,104847.77,buy,0.4,0.4,,,,,,1749221048.234
1277,370430853,1749221561844,2,0.0295,0.02973228,42.42,BTC-25JUL25-115000-C,104846.59,sell,0.3,0.3,,,,,,1749221561.844
1280,370430856,1749221561935,3,0.0295,0.02973228,42.42,BTC-25JUL25-115000-C,104846.59,sell,1.4,1.4,,,,,,1749221561.935
1279,370430855,1749221561935,3,0.0295,0.02973228,42.42,BTC-25JUL25-115000-C,104846.59,sell,0.1,0.1,,,,,,1749221561.935
1278,370430854,1749221561935,3,0.0295,0.02973228,42.42,BTC-25JUL25-115000-C,104846.59,sell,0.5,0.5,,,,,,1749221561.935
1281,370430857,1749221561935,2,0.029,0.02973228,42.04,BTC-25JUL25-115000-C,104846.59,sell,8.0,8.0,,,,,,1749221561.935
1282,370430865,1749221562021,3,0.029,0.02973228,42.04,BTC-25JUL25-115000-C,104846.59,sell,1.0,1.0,,,,,,1749221562.021
1283,370430866,1749221562120,3,0.029,0.02973228,42.04,BTC-25JUL25-115000-C,104846.59,sell,0.4,0.4,,,,,,1749221562.12
1284,370430867,1749221562213,3,0.029,0.02973228,42.04,BTC-25JUL25-115000-C,104846.59,sell,0.1,0.1,,,,,,1749221562.213
1287,370430870,1749221562310,3,0.029,0.02973228,42.04,BTC-25JUL25-115000-C,104846.59,sell,0.5,0.5,,,,,,1749221562.31
1285,370430868,1749221562310,3,0.029,0.02973228,42.04,BTC-25JUL25-115000-C,104846.59,sell,1.2,1.2,,,,,,1749221562.31
1286,370430869,1749221562310,3,0.029,0.02973228,42.04,BTC-25JUL25-115000-C,104846.59,sell,0.4,0.4,,,,,,1749221562.31
1288,370430871,1749221562400,3,0.029,0.02973228,42.04,BTC-25JUL25-115000-C,104846.59,sell,0.1,0.1,,,,,,1749221562.4
1289,370430872,1749221562490,3,0.029,0.02973228,42.04,BTC-25JUL25-115000-C,104846.59,sell,4.5,4.5,,,,,,1749221562.49
1290,370430873,1749221562582,3,0.029,0.02973228,42.04,BTC-25JUL25-115000-C,104846.59,sell,0.4,0.4,,,,,,1749221562.582
1292,370430875,1749221562690,3,0.029,0.02973228,42.04,BTC-25JUL25-115000-C,104846.59,sell,2.3,2.3,,,,,,1749221562.69
1291,370430874,1749221562690,3,0.029,0.02973228,42.04,BTC-25JUL25-115000-C,104846.59,sell,0.2,0.2,,,,,,1749221562.69
1293,370430876,1749221562784,3,0.029,0.02970915,42.05,BTC-25JUL25-115000-C,104845.08,sell,0.8,0.8,,,,,,1749221562.784
1294,370430879,1749221562878,3,0.029,0.02970915,42.05,BTC-25JUL25-115000-C,104845.08,sell,0.2,0.2,,,,,,1749221562.878
1295,370430881,1749221562993,3,0.029,0.02970915,42.05,BTC-25JUL25-115000-C,104845.08,sell,0.4,0.4,,,,,,1749221562.993
1296,370430882,1749221563098,3,0.029,0.02970915,42.05,BTC-25JUL25-115000-C,104845.08,sell,1.2,1.2,,,,,,1749221563.098
1297,370430884,1749221563207,3,0.029,0.02970915,42.05,BTC-25JUL25-115000-C,104845.08,sell,0.2,0.2,,,,,,1749221563.207
1298,370430886,1749221563327,3,0.029,0.02970915,42.05,BTC-25JUL25-115000-C,104845.08,sell,31.5,31.5,,,,,,1749221563.327
1299,370430909,1749221563455,3,0.029,0.02970915,42.05,BTC-25JUL25-115000-C,104845.08,sell,0.2,0.2,,,,,,1749221563.455
1300,370430910,1749221563601,3,0.029,0.02970915,42.05,BTC-25JUL25-115000-C,104845.08,sell,1.3,1.3,,,,,,1749221563.601
1301,370430916,1749221563866,3,0.029,0.02970198,42.05,BTC-25JUL25-115000-C,104845.41,sell,1.7,1.7,,,,,,1749221563.866
1302,370430917,1749221563982,3,0.029,0.02970198,42.05,BTC-25JUL25-115000-C,104845.41,sell,0.2,0.2,,,,,,1749221563.982
1303,370437402,1749223219630,0,0.0295,0.02959093,42.14,BTC-25JUL25-115000-C,104981.65,buy,2.5,2.5,,,BTC-CCAL-26SEP25_25JUL25-115000,,370437401,1749223219.63
1304,370438659,1749223706173,2,0.0291,0.02926749,42.1,BTC-25JUL25-115000-C,104856.37,buy,1.9,1.9,,,BTC-CCAL-26SEP25_25JUL25-115000,,370438658,1749223706.173
1305,370438921,1749223877182,0,0.0295,0.02955097,42.18,BTC-25JUL25-115000-C,104960.72,buy,0.1,0.1,,,,,,1749223877.182
1306,370439027,1749223922944,1,0.0295,0.02977325,42.01,BTC-25JUL25-115000-C,105032.24,sell,0.1,0.1,,,,,,1749223922.944
1307,370439672,1749224215918,2,0.029,0.0292075,42.08,BTC-25JUL25-115000-C,104833.88,sell,0.1,0.1,,,,,,1749224215.918
1308,370439673,1749224215918,3,0.029,0.0292075,42.08,BTC-25JUL25-115000-C,104833.88,sell,0.9,0.9,,,,,,1749224215.918
1309,370439767,1749224285258,3,0.029,0.02933722,41.98,BTC-25JUL25-115000-C,104862.18,sell,0.1,0.1,,,,,,1749224285.258
1310,370440368,1749224546795,2,0.0285,0.02906865,41.82,BTC-25JUL25-115000-C,104757.44,sell,0.1,0.1,,,,,,1749224546.795
1311,370440398,1749224558412,0,0.0295,0.02899096,42.65,BTC-25JUL25-115000-C,104739.32,buy,0.3,0.3,,,,,,1749224558.412
1312,370440399,1749224558967,1,0.0295,0.02898606,42.65,BTC-25JUL25-115000-C,104738.63,buy,0.2,0.2,,,,,,1749224558.967
1313,370440400,1749224559971,1,0.0295,0.02898606,42.65,BTC-25JUL25-115000-C,104737.96,buy,0.3,0.3,,,,,,1749224559.971
1315,370440402,1749224561070,1,0.0295,0.02897671,42.65,BTC-25JUL25-115000-C,104739.34,buy,0.4,0.4,,,,,,1749224561.07
1316,370440403,1749224561070,1,0.0295,0.02897671,42.65,BTC-25JUL25-115000-C,104739.34,buy,0.2,0.2,,,,,,1749224561.07
1314,370440401,1749224561070,1,0.0295,0.02897671,42.65,BTC-25JUL25-115000-C,104739.34,buy,0.2,0.2,,,,,,1749224561.07
1317,370440405,1749224562170,1,0.0295,0.02897876,42.65,BTC-25JUL25-115000-C,104738.59,buy,0.7,0.7,,,,,,1749224562.17
1318,370440406,1749224563270,1,0.0295,0.028978,42.65,BTC-25JUL25-115000-C,104738.04,buy,0.8,0.8,,,,,,1749224563.27
1319,370440407,1749224563876,2,0.029,0.02897578,42.27,BTC-25JUL25-115000-C,104737.74,sell,5.0,5.0,,,,,,1749224563.876
1320,370440408,1749224564371,0,0.0295,0.02897578,42.65,BTC-25JUL25-115000-C,104737.74,buy,0.1,0.1,,,,,,1749224564.371
1321,370440409,1749224565471,1,0.0295,0.02897434,42.65,BTC-25JUL25-115000-C,104737.65,buy,0.7,0.7,,,,,,1749224565.471
1322,370440410,1749224566569,1,0.0295,0.02897185,42.65,BTC-25JUL25-115000-C,104737.5,buy,0.9,0.9,,,,,,1749224566.569
1323,370440411,1749224567572,1,0.0295,0.02897077,42.65,BTC-25JUL25-115000-C,104738.06,buy,0.9,0.9,,,,,,1749224567.572
1324,370440412,1749224568575,1,0.0295,0.02897042,42.65,BTC-25JUL25-115000-C,104737.71,buy,0.7,0.7,,,,,,1749224568.575
1325,370440413,1749224569672,1,0.0295,0.02897199,42.65,BTC-25JUL25-115000-C,104737.85,buy,0.4,0.4,,,,,,1749224569.672
1326,370440414,1749224570770,1,0.0295,0.02897136,42.65,BTC-25JUL25-115000-C,104737.77,buy,0.2,0.2,,,,,,1749224570.77
1327,370440415,1749224571866,1,0.0295,0.02897179,42.65,BTC-25JUL25-115000-C,104736.8,buy,0.2,0.2,,,,,,1749224571.866
1328,370440416,1749224572970,1,0.0295,0.02897185,42.66,BTC-25JUL25-115000-C,104736.33,buy,0.5,0.5,,,,,,1749224572.97
1329,370440418,1749224574068,1,0.0295,0.02897095,42.66,BTC-25JUL25-115000-C,104733.64,buy,0.8,0.8,,,,,,1749224574.068
1330,370440419,1749224575075,1,0.0295,0.02896889,42.66,BTC-25JUL25-115000-C,104733.43,buy,0.5,0.5,,,,,,1749224575.075
1331,370440422,1749224576067,1,0.0295,0.02896831,42.66,BTC-25JUL25-115000-C,104732.69,buy,0.2,0.2,,,,,,1749224576.067
1332,370440424,1749224577169,1,0.0295,0.02896173,42.66,BTC-25JUL25-115000-C,104731.38,buy,0.2,0.2,,,,,,1749224577.169
1333,370440425,1749224578269,1,0.0295,0.02896174,42.66,BTC-25JUL25-115000-C,104732.4,buy,0.4,0.4,,,,,,1749224578.269
1334,370440426,1749224579369,1,0.0295,0.02895735,42.66,BTC-25JUL25-115000-C,104736.05,buy,0.4,0.4,,,,,,1749224579.369
1335,370440464,1749224580378,1,0.0295,0.02896126,42.66,BTC-25JUL25-115000-C,104736.0,buy,0.1,0.1,,,,,,1749224580.378
1336,370440471,1749224581472,1,0.0295,0.02897179,42.65,BTC-25JUL25-115000-C,104738.49,buy,1.0,1.0,,,,,,1749224581.472
1337,370440472,1749224582571,1,0.0295,0.02897905,42.63,BTC-25JUL25-115000-C,104745.98,buy,0.5,0.5,,,,,,1749224582.571
1338,370440484,1749224583567,1,0.0295,0.0289807,42.62,BTC-25JUL25-115000-C,104752.83,buy,0.6,0.6,,,,,,1749224583.567
1339,370440495,1749224584668,1,0.0295,0.02900151,42.62,BTC-25JUL25-115000-C,104753.19,buy,0.3,0.3,,,,,,1749224584.668
1340,370440498,1749224585667,1,0.0295,0.02902336,42.61,BTC-25JUL25-115000-C,104755.98,buy,0.3,0.3,,,,,,1749224585.667
1341,370440500,1749224586673,1,0.0295,0.02902646,42.59,BTC-25JUL25-115000-C,104763.25,buy,0.7,0.7,,,,,,1749224586.673
1342,370440502,1749224587775,1,0.0295,0.02903614,42.59,BTC-25JUL25-115000-C,104764.36,buy,0.1,0.1,,,,,,1749224587.775
1343,370440503,1749224588873,1,0.0295,0.02905738,42.6,BTC-25JUL25-115000-C,104759.68,buy,1.0,1.0,,,,,,1749224588.873
1345,370440505,1749224589970,1,0.0295,0.02905088,42.6,BTC-25JUL25-115000-C,104759.84,buy,0.1,0.1,,,,,,1749224589.97
1344,370440504,1749224589970,1,0.0295,0.02905088,42.6,BTC-25JUL25-115000-C,104759.84,buy,0.5,0.5,,,,,,1749224589.97
1346,370440551,1749224591069,1,0.0295,0.0290498,42.6,BTC-25JUL25-115000-C,104759.4,buy,0.2,0.2,,,,,,1749224591.069
1347,370440553,1749224592172,0,0.03,0.02905176,42.98,BTC-25JUL25-115000-C,104759.68,buy,0.6,0.6,,,,,,1749224592.172
1348,370440585,1749224593272,2,0.0295,0.0290523,42.6,BTC-25JUL25-115000-C,104758.38,buy,0.8,0.8,,,,,,1749224593.272
1349,370440619,1749224594273,3,0.0295,0.02905476,42.61,BTC-25JUL25-115000-C,104754.38,buy,0.6,0.6,,,,,,1749224594.273
1350,370440628,1749224595266,3,0.0295,0.02905024,42.63,BTC-25JUL25-115000-C,104747.08,buy,0.6,0.6,,,,,,1749224595.266
1351,370440633,1749224596368,3,0.0295,0.02903896,42.63,BTC-25JUL25-115000-C,104747.37,buy,0.7,0.7,,,,,,1749224596.368
1352,370440634,1749224597469,0,0.03,0.02901958,43.01,BTC-25JUL25-115000-C,104748.56,buy,0.7,0.7,,,,,,1749224597.469
1353,370440639,1749224598116,2,0.0295,0.02902106,42.62,BTC-25JUL25-115000-C,104748.56,sell,50.0,50.0,,,,,,1749224598.116
1354,370440641,1749224598465,0,0.03,0.02902106,43.01,BTC-25JUL25-115000-C,104748.56,buy,0.4,0.4,,,,,,1749224598.465
1355,370440744,1749224629151,2,0.0295,0.02913428,42.57,BTC-25JUL25-115000-C,104769.53,sell,25.0,25.0,,,,,,1749224629.151
1356,370440793,1749224649831,2,0.029,0.02913035,42.21,BTC-25JUL25-115000-C,104763.44,sell,1.0,1.0,,,,,,1749224649.831
1357,370441077,1749224763527,0,0.03,0.02960548,42.63,BTC-25JUL25-115000-C,104912.08,buy,0.4,0.4,,,,,,1749224763.527
1362,370441082,1749224763527,1,0.03,0.02960548,42.63,BTC-25JUL25-115000-C,104912.08,buy,0.8,0.8,,,,,,1749224763.527
1361,370441081,1749224763527,1,0.03,0.02960548,42.63,BTC-25JUL25-115000-C,104912.08,buy,5.0,5.0,,,,,,1749224763.527
1358,370441078,1749224763527,1,0.03,0.02960548,42.63,BTC-25JUL25-115000-C,104912.08,buy,0.6,0.6,,,,,,1749224763.527
1359,370441079,1749224763527,1,0.03,0.02960548,42.63,BTC-25JUL25-115000-C,104912.08,buy,1.6,1.6,,,,,,1749224763.527
1360,370441080,1749224763527,1,0.03,0.02960548,42.63,BTC-25JUL25-115000-C,104912.08,buy,1.0,1.0,,,,,,1749224763.527
1363,370441083,1749224763530,1,0.03,0.02960548,42.63,BTC-25JUL25-115000-C,104912.08,sell,0.6,0.6,,,,,,1749224763.53
1364,370442256,1749225171248,1,0.03,0.03000591,42.4,BTC-25JUL25-115000-C,105029.13,buy,1.0,1.0,,,,,,1749225171.248
1366,370442289,1749225191889,1,0.03,0.03012407,42.31,BTC-25JUL25-115000-C,105069.4,sell,0.1,0.1,,,,,,1749225191.889
1365,370442288,1749225191889,1,0.03,0.03012407,42.31,BTC-25JUL25-115000-C,105069.4,sell,0.9,0.9,,,,,,1749225191.889
1367,370444080,1749226236266,1,0.03,0.03036178,42.23,BTC-25JUL25-115000-C,105111.36,sell,1.0,1.0,,,,,,1749226236.266
1368,370445216,1749226902776,0,0.0305,0.03066393,42.37,BTC-25JUL25-115000-C,105217.87,buy,0.4,0.4,,,,,,1749226902.776
1369,370445218,1749226904452,1,0.0305,0.03069806,42.35,BTC-25JUL25-115000-C,105224.16,buy,0.3,0.3,,,,,,1749226904.452
1370,370445219,1749226904456,1,0.0305,0.03069806,42.35,BTC-25JUL25-115000-C,105224.16,buy,0.3,0.3,,,,,,1749226904.456
1371,370445807,1749227134622,0,0.031,0.03091079,42.55,BTC-25JUL25-115000-C,105305.19,buy,0.3,0.3,,,,,,1749227134.622
1372,370445808,1749227134625,1,0.031,0.03091079,42.55,BTC-25JUL25-115000-C,105305.19,sell,0.1,0.1,,,,,,1749227134.625
1374,370446712,1749227517034,3,0.03,0.0302696,42.28,BTC-25JUL25-115000-C,105079.9,sell,0.4,0.4,,,,,,1749227517.034
1373,370446711,1749227517034,2,0.03,0.0302696,42.28,BTC-25JUL25-115000-C,105079.9,sell,0.6,0.6,,,,,,1749227517.034
1376,370446748,1749227547373,3,0.03,0.03025228,42.3,BTC-25JUL25-115000-C,105073.95,sell,0.1,0.1,,,,,,1749227547.373
1375,370446747,1749227547373,3,0.03,0.03025228,42.3,BTC-25JUL25-115000-C,105073.95,sell,0.2,0.2,,,,,,1749227547.373
1377,370446749,1749227547373,3,0.03,0.03025228,42.3,BTC-25JUL25-115000-C,105073.95,sell,0.7,0.7,,,,,,1749227547.373
1379,370446774,1749227564912,3,0.03,0.0302695,42.28,BTC-25JUL25-115000-C,105074.09,sell,0.1,0.1,,,,,,1749227564.912
1378,370446773,1749227564912,3,0.03,0.0302695,42.28,BTC-25JUL25-115000-C,105074.09,sell,0.9,0.9,,,,,,1749227564.912
1380,370453273,1749233285194,2,0.0295,0.029557,42.32,BTC-25JUL25-115000-C,104897.23,sell,0.3,0.3,,,,,,1749233285.194
1381,370460103,1749240383137,2,0.0275,0.0278946,42.11,BTC-25JUL25-115000-C,104293.24,sell,0.3,0.3,,,,,,1749240383.137
1383,370460105,1749240383140,3,0.0275,0.0278946,42.11,BTC-25JUL25-115000-C,104293.24,buy,11.9,11.9,,,,,,1749240383.14
1382,370460104,1749240383140,3,0.0275,0.0278946,42.11,BTC-25JUL25-115000-C,104293.24,buy,10.3,10.3,,,,,,1749240383.14
1384,370460119,1749240383209,3,0.0275,0.0278946,42.11,BTC-25JUL25-115000-C,104293.24,buy,0.2,0.2,,,,,,1749240383.209
1385,370460120,1749240383212,3,0.0275,0.0278946,42.11,BTC-25JUL25-115000-C,104293.24,buy,0.1,0.1,,,,,,1749240383.212
1386,370460220,1749240474353,3,0.0275,0.02761371,42.07,BTC-25JUL25-115000-C,104309.07,buy,1.0,1.0,,,,,,1749240474.353
1387,370460276,1749240493133,3,0.0275,0.02773044,41.99,BTC-25JUL25-115000-C,104340.33,sell,0.9,0.9,,,,,,1749240493.133
1388,370460277,1749240493133,3,0.0275,0.02773044,41.99,BTC-25JUL25-115000-C,104340.33,sell,4.0,4.0,,,,,,1749240493.133
1389,370460278,1749240493135,3,0.0275,0.02773044,41.99,BTC-25JUL25-115000-C,104340.33,buy,10.1,10.1,,,,,,1749240493.135
1390,370460358,1749240539020,2,0.0272,0.0275863,41.85,BTC-25JUL25-115000-C,104298.6,sell,25.0,25.0,1.0,BLOCK-203782,,,,1749240539.02
1391,370460581,1749240585620,2,0.0271,0.02763844,41.7,BTC-25JUL25-115000-C,104326.2,sell,25.0,25.0,1.0,BLOCK-203784,,,,1749240585.62
1393,370460755,1749240642854,1,0.0275,0.02786307,41.83,BTC-25JUL25-115000-C,104405.21,sell,0.9,0.9,,,,,,1749240642.854
1392,370460754,1749240642854,0,0.0275,0.02786307,41.83,BTC-25JUL25-115000-C,104405.21,sell,0.1,0.1,,,,,,1749240642.854
1394,370460765,1749240668895,1,0.0275,0.02783707,41.82,BTC-25JUL25-115000-C,104418.65,buy,9.8,9.8,,,,,,1749240668.895
1395,370460777,1749240674550,1,0.0275,0.02783627,41.81,BTC-25JUL25-115000-C,104420.54,buy,5.2,5.2,,,,,,1749240674.55
1396,370460832,1749240740837,1,0.0275,0.02780686,41.78,BTC-25JUL25-115000-C,104440.67,buy,0.6,0.6,,,,,,1749240740.837
1397,370460974,1749240849273,1,0.0275,0.02768242,41.86,BTC-25JUL25-115000-C,104408.69,sell,15.0,15.0,,,,,,1749240849.273
1398,370460975,1749240849730,1,0.0275,0.02768242,41.86,BTC-25JUL25-115000-C,104408.69,sell,3.4,3.4,,,,,,1749240849.73
1399,370461111,1749240985508,2,0.0273,0.02780743,41.55,BTC-25JUL25-115000-C,104471.54,sell,25.0,25.0,1.0,BLOCK-203785,,,,1749240985.508
1401,370461326,1749241291129,1,0.0275,0.02766862,41.78,BTC-25JUL25-115000-C,104450.99,sell,0.8,0.8,,,,,,1749241291.129
1400,370461325,1749241291129,0,0.0275,0.02766862,41.78,BTC-25JUL25-115000-C,104450.99,sell,0.1,0.1,,,,,,1749241291.129
1402,370461327,1749241291129,1,0.0275,0.02766862,41.78,BTC-25JUL25-115000-C,104450.99,sell,0.9,0.9,,,,,,1749241291.129
1403,370461329,1749241297928,1,0.0275,0.02765603,41.79,BTC-25JUL25-115000-C,104449.35,buy,13.0,13.0,,,,,,1749241297.928
1404,370461351,1749241299024,1,0.0275,0.02765559,41.79,BTC-25JUL25-115000-C,104449.34,buy,0.2,0.2,,,,,,1749241299.024
1405,370461352,1749241299468,1,0.0275,0.02765559,41.79,BTC-25JUL25-115000-C,104449.34,buy,15.0,15.0,,,,,,1749241299.468
1406,370461368,1749241335051,1,0.0275,0.02766028,41.77,BTC-25JUL25-115000-C,104456.03,sell,5.0,5.0,,,,,,1749241335.051
1407,370461418,1749241398123,1,0.0275,0.02769959,41.73,BTC-25JUL25-115000-C,104481.43,buy,9.2,9.2,,,,,,1749241398.123
1408,370461524,1749241541620,1,0.0275,0.0276182,41.77,BTC-25JUL25-115000-C,104458.48,sell,1.0,1.0,,,,,,1749241541.62
1409,370461525,1749241541620,1,0.0275,0.0276182,41.77,BTC-25JUL25-115000-C,104458.48,sell,0.6,0.6,,,,,,1749241541.62
1410,370461554,1749241580420,1,0.0275,0.02764267,41.75,BTC-25JUL25-115000-C,104463.93,sell,4.0,4.0,,,,,,1749241580.42
1411,370461555,1749241580430,1,0.0275,0.02764267,41.75,BTC-25JUL25-115000-C,104463.93,buy,0.2,0.2,,,,,,1749241580.43
1413,370471421,1749258289478,1,0.0275,0.02762254,41.85,BTC-25JUL25-115000-C,104464.69,sell,1.0,1.0,,,,,,1749258289.478
1412,370471420,1749258289478,1,0.0275,0.02762254,41.85,BTC-25JUL25-115000-C,104464.69,sell,1.0,1.0,,,,,,1749258289.478
1414,370471429,1749258309919,1,0.0275,0.02770363,41.78,BTC-25JUL25-115000-C,104492.16,sell,1.0,1.0,,,,,,1749258309.919
1415,370471506,1749258479793,1,0.0275,0.02778453,41.74,BTC-25JUL25-115000-C,104515.17,buy,1.0,1.0,,,,,,1749258479.793
1417,370471517,1749258500389,1,0.0275,0.02778348,41.74,BTC-25JUL25-115000-C,104514.5,sell,0.7,0.7,,,,,,1749258500.389
1416,370471516,1749258500389,1,0.0275,0.02778348,41.74,BTC-25JUL25-115000-C,104514.5,sell,0.3,0.3,,,,,,1749258500.389
1418,370489716,1749287794600,0,0.0295,0.02887901,42.59,BTC-25JUL25-115000-C,104961.38,buy,1.0,1.0,,,,,,1749287794.6
1419,370489717,1749287804147,2,0.029,0.02886939,42.21,BTC-25JUL25-115000-C,104957.97,buy,0.8,0.8,,,,,,1749287804.147
1420,370489723,1749287814142,3,0.029,0.02883804,42.24,BTC-25JUL25-115000-C,104945.2,buy,0.4,0.4,,,,,,1749287814.142
1422,370489751,1749287824242,0,0.0295,0.02881479,42.64,BTC-25JUL25-115000-C,104937.6,buy,0.3,0.3,,,,,,1749287824.242
1421,370489750,1749287824242,3,0.029,0.02881479,42.26,BTC-25JUL25-115000-C,104937.6,buy,0.2,0.2,,,,,,1749287824.242
1423,370489752,1749287825409,1,0.0295,0.02881272,42.65,BTC-25JUL25-115000-C,104937.67,buy,0.1,0.1,,,,,,1749287825.409
1424,370489761,1749287834337,1,0.0295,0.02881221,42.65,BTC-25JUL25-115000-C,104937.78,buy,0.2,0.2,,,,,,1749287834.337
1425,370489763,1749287839941,2,0.029,0.02881825,42.26,BTC-25JUL25-115000-C,104936.48,buy,0.8,0.8,,,,,,1749287839.941
1426,370489765,1749287844337,3,0.029,0.02881466,42.26,BTC-25JUL25-115000-C,104935.83,buy,0.5,0.5,,,,,,1749287844.337
1427,370489766,1749287854337,3,0.029,0.02881246,42.26,BTC-25JUL25-115000-C,104936.1,buy,0.2,0.2,,,,,,1749287854.337
1428,370489767,1749287855042,3,0.029,0.02881352,42.26,BTC-25JUL25-115000-C,104936.1,buy,1.0,1.0,,,,,,1749287855.042
1429,370489769,1749287864438,0,0.0295,0.02881371,42.65,BTC-25JUL25-115000-C,104936.01,buy,0.2,0.2,,,,,,1749287864.438
1430,370489771,1749287870138,1,0.0295,0.02881692,42.65,BTC-25JUL25-115000-C,104933.7,buy,0.4,0.4,,,,,,1749287870.138
1431,370489772,1749287874537,1,0.0295,0.02881891,42.65,BTC-25JUL25-115000-C,104933.8,buy,0.3,0.3,,,,,,1749287874.537
1432,370489781,1749287884639,1,0.0295,0.02882194,42.65,BTC-25JUL25-115000-C,104933.09,buy,1.0,1.0,,,,,,1749287884.639
1433,370489782,1749287885238,1,0.0295,0.02882194,42.65,BTC-25JUL25-115000-C,104933.09,buy,0.4,0.4,,,,,,1749287885.238
1434,370489808,1749287894737,1,0.0295,0.02878031,42.69,BTC-25JUL25-115000-C,104922.72,buy,0.4,0.4,,,,,,1749287894.737
1435,370489821,1749287900337,1,0.0295,0.0287717,42.7,BTC-25JUL25-115000-C,104915.89,buy,0.6,0.6,,,,,,1749287900.337
1436,370489823,1749287904737,1,0.0295,0.02877868,42.69,BTC-25JUL25-115000-C,104917.9,buy,0.2,0.2,,,,,,1749287904.737
1437,370489827,1749287914838,1,0.0295,0.02878807,42.69,BTC-25JUL25-115000-C,104917.47,buy,0.9,0.9,,,,,,1749287914.838
1438,370489831,1749287915437,1,0.0295,0.02878807,42.69,BTC-25JUL25-115000-C,104917.47,buy,0.6,0.6,,,,,,1749287915.437
1439,370489834,1749287924937,1,0.0295,0.0287916,42.69,BTC-25JUL25-115000-C,104914.19,buy,0.1,0.1,,,,,,1749287924.937
1440,370489835,1749287930537,1,0.0295,0.02878516,42.7,BTC-25JUL25-115000-C,104914.19,buy,0.8,0.8,,,,,,1749287930.537
1441,370489841,1749287934938,1,0.0295,0.02881091,42.68,BTC-25JUL25-115000-C,104919.84,buy,0.5,0.5,,,,,,1749287934.938
1443,370489843,1749287945036,0,0.0295,0.02880998,42.68,BTC-25JUL25-115000-C,104917.55,buy,0.3,0.3,,,,,,1749287945.036
1442,370489842,1749287945036,2,0.029,0.02880998,42.29,BTC-25JUL25-115000-C,104917.55,buy,0.3,0.3,,,,,,1749287945.036
1444,370489848,1749287945637,1,0.0295,0.02880998,42.68,BTC-25JUL25-115000-C,104917.55,buy,0.2,0.2,,,,,,1749287945.637
1445,370489849,1749287955037,1,0.0295,0.02882094,42.68,BTC-25JUL25-115000-C,104919.02,buy,0.5,0.5,,,,,,1749287955.037
1446,370489852,1749287960638,1,0.0295,0.02882441,42.67,BTC-25JUL25-115000-C,104918.95,buy,0.4,0.4,,,,,,1749287960.638
1447,370489853,1749287965038,1,0.0295,0.02882887,42.67,BTC-25JUL25-115000-C,104919.12,buy,0.8,0.8,,,,,,1749287965.038
1448,370489860,1749287975037,1,0.0295,0.02885421,42.65,BTC-25JUL25-115000-C,104927.72,buy,0.6,0.6,,,,,,1749287975.037
1449,370489861,1749287975637,1,0.0295,0.02885421,42.65,BTC-25JUL25-115000-C,104927.72,buy,1.0,1.0,,,,,,1749287975.637
1450,370489863,1749287985137,1,0.0295,0.02887127,42.64,BTC-25JUL25-115000-C,104930.49,buy,0.4,0.4,,,,,,1749287985.137
1451,370489864,1749287990737,1,0.0295,0.0288754,42.64,BTC-25JUL25-115000-C,104929.24,buy,0.8,0.8,,,,,,1749287990.737
1452,370489867,1749287995237,1,0.0295,0.02887831,42.64,BTC-25JUL25-115000-C,104929.24,buy,0.8,0.8,,,,,,1749287995.237
1453,370489885,1749288005338,2,0.029,0.02890482,42.23,BTC-25JUL25-115000-C,104938.03,buy,0.4,0.4,,,,,,1749288005.338
1454,370489886,1749288005338,0,0.0295,0.02890482,42.62,BTC-25JUL25-115000-C,104938.03,buy,0.2,0.2,,,,,,1749288005.338
1455,370489887,1749288005738,1,0.0295,0.02890482,42.62,BTC-25JUL25-115000-C,104938.03,buy,0.8,0.8,,,,,,1749288005.738
1456,370489895,1749288015437,1,0.0295,0.02891853,42.6,BTC-25JUL25-115000-C,104949.29,buy,0.9,0.9,,,,,,1749288015.437
1457,370489897,1749288020738,1,0.0295,0.02894414,42.59,BTC-25JUL25-115000-C,104947.94,buy,0.6,0.6,,,,,,1749288020.738
1458,370489898,1749288025540,1,0.0295,0.02894105,42.59,BTC-25JUL25-115000-C,104947.49,buy,0.8,0.8,,,,,,1749288025.54
1459,370489900,1749288035641,1,0.0295,0.02894152,42.59,BTC-25JUL25-115000-C,104948.24,buy,0.2,0.2,,,,,,1749288035.641
1460,370489901,1749288035837,1,0.0295,0.02894311,42.59,BTC-25JUL25-115000-C,104948.02,buy,0.3,0.3,,,,,,1749288035.837
1461,370489915,1749288045641,1,0.0295,0.02894471,42.59,BTC-25JUL25-115000-C,104950.07,buy,0.9,0.9,,,,,,1749288045.641
1462,370489916,1749288050937,1,0.0295,0.0289544,42.59,BTC-25JUL25-115000-C,104951.03,buy,0.2,0.2,,,,,,1749288050.937
1463,370489918,1749288055737,1,0.0295,0.02895327,42.59,BTC-25JUL25-115000-C,104951.82,buy,0.7,0.7,,,,,,1749288055.737
1464,370489920,1749288065937,1,0.0295,0.0289551,42.59,BTC-25JUL25-115000-C,104951.19,buy,0.7,0.7,,,,,,1749288065.937
1465,370489921,1749288081037,1,0.0295,0.028955,42.59,BTC-25JUL25-115000-C,104951.9,buy,0.6,0.6,,,,,,1749288081.037
1466,370489922,1749288096036,1,0.0295,0.02895505,42.58,BTC-25JUL25-115000-C,104955.81,buy,0.6,0.6,,,,,,1749288096.036
1467,370489956,1749288111038,1,0.0295,0.02897526,42.57,BTC-25JUL25-115000-C,104962.44,buy,0.9,0.9,,,,,,1749288111.038
1468,370489972,1749288126139,1,0.0295,0.02902748,42.53,BTC-25JUL25-115000-C,104976.53,buy,0.2,0.2,,,,,,1749288126.139
1469,370489974,1749288141237,1,0.0295,0.02902238,42.54,BTC-25JUL25-115000-C,104975.08,buy,0.4,0.4,,,,,,1749288141.237
1470,370489980,1749288156336,1,0.0295,0.02900136,42.55,BTC-25JUL25-115000-C,104967.15,buy,0.9,0.9,,,,,,1749288156.336
1472,370489985,1749288171338,1,0.0295,0.02902711,42.52,BTC-25JUL25-115000-C,104979.18,buy,0.2,0.2,,,,,,1749288171.338
1471,370489984,1749288171338,1,0.0295,0.02902711,42.52,BTC-25JUL25-115000-C,104979.18,buy,0.8,0.8,,,,,,1749288171.338
1473,370490007,1749288186441,1,0.0295,0.02907273,42.47,BTC-25JUL25-115000-C,105002.35,buy,0.2,0.2,,,,,,1749288186.441
1474,370490015,1749288200916,1,0.0295,0.02911323,42.47,BTC-25JUL25-115000-C,105004.16,buy,0.4,0.4,,,,,,1749288200.916
1475,370490016,1749288200916,1,0.0295,0.02911323,42.47,BTC-25JUL25-115000-C,105004.16,buy,1.6,1.6,,,,,,1749288200.916
1476,370490017,1749288200918,1,0.0295,0.02911323,42.47,BTC-25JUL25-115000-C,105004.16,sell,10.7,10.7,,,,,,1749288200.918
1477,370490018,1749288200927,1,0.0295,0.02911323,42.47,BTC-25JUL25-115000-C,105004.16,sell,17.3,17.3,,,,,,1749288200.927
1478,370490019,1749288201024,1,0.0295,0.02911323,42.47,BTC-25JUL25-115000-C,105004.16,sell,0.8,0.8,,,,,,1749288201.024
1479,370490020,1749288201437,0,0.03,0.02911323,42.85,BTC-25JUL25-115000-C,105004.16,buy,0.8,0.8,,,,,,1749288201.437
1480,370490029,1749288225457,2,0.0295,0.02910329,42.49,BTC-25JUL25-115000-C,104999.33,sell,20.0,20.0,,,,,,1749288225.457
1481,370490030,1749288225524,3,0.0295,0.02910329,42.49,BTC-25JUL25-115000-C,104999.33,sell,1.5,1.5,,,,,,1749288225.524
1482,370490097,1749288414697,0,0.03,0.02939168,42.89,BTC-25JUL25-115000-C,104993.87,buy,15.0,15.0,,,,,,1749288414.697
1483,370490741,1749290510218,2,0.029,0.02922847,42.29,BTC-25JUL25-115000-C,104918.28,sell,0.1,0.1,,,,,,1749290510.218
1484,370490753,1749290534551,3,0.029,0.02921247,42.3,BTC-25JUL25-115000-C,104916.56,sell,0.1,0.1,,,,,,1749290534.551
1485,370490832,1749290732988,0,0.03,0.02937734,42.97,BTC-25JUL25-115000-C,104961.06,buy,0.1,0.1,,,,,,1749290732.988
1488,370495448,1749298167811,1,0.0305,0.03011108,42.68,BTC-25JUL25-115000-C,105286.5,buy,8.0,8.0,,,,,,1749298167.811
1486,370495446,1749298167811,0,0.0305,0.03011108,42.68,BTC-25JUL25-115000-C,105286.5,buy,1.6,1.6,,,,,,1749298167.811
1487,370495447,1749298167811,1,0.0305,0.03011108,42.68,BTC-25JUL25-115000-C,105286.5,buy,0.4,0.4,,,,,,1749298167.811
1489,370495449,1749298182669,1,0.0305,0.03010502,42.69,BTC-25JUL25-115000-C,105285.35,buy,1.5,1.5,,,,,,1749298182.669
1493,370495503,1749298326898,1,0.031,0.03034143,43.05,BTC-25JUL25-115000-C,105299.21,buy,2.9,2.9,,,,,,1749298326.898
1492,370495502,1749298326898,1,0.031,0.03034143,43.05,BTC-25JUL25-115000-C,105299.21,buy,0.4,0.4,,,,,,1749298326.898
1491,370495501,1749298326898,1,0.031,0.03034143,43.05,BTC-25JUL25-115000-C,105299.21,buy,10.7,10.7,,,,,,1749298326.898
1490,370495500,1749298326898,0,0.031,0.03034143,43.05,BTC-25JUL25-115000-C,105299.21,buy,4.2,4.2,,,,,,1749298326.898
1494,370502079,1749304111431,1,0.031,0.03122646,42.21,BTC-25JUL25-115000-C,105713.1,sell,0.7,0.7,,,,,,1749304111.431
1495,370502832,1749304512872,1,0.031,0.03139376,42.01,BTC-25JUL25-115000-C,105796.2,sell,0.1,0.1,,,,,,1749304512.872
1497,370514205,1749321688972,1,0.031,0.03118075,42.48,BTC-25JUL25-115000-C,105676.8,sell,0.9,0.9,,,,,,1749321688.972
1496,370514204,1749321688972,1,0.031,0.03118075,42.48,BTC-25JUL25-115000-C,105676.8,sell,0.1,0.1,,,,,,1749321688.972
1501,370515766,1749324873331,1,0.032,0.03148066,42.84,BTC-25JUL25-115000-C,105861.39,buy,0.4,0.4,,,,,,1749324873.331
1498,370515763,1749324873331,0,0.032,0.03148066,42.84,BTC-25JUL25-115000-C,105861.39,buy,0.4,0.4,,,,,,1749324873.331
1500,370515765,1749324873331,1,0.032,0.03148066,42.84,BTC-25JUL25-115000-C,105861.39,buy,1.6,1.6,,,,,,1749324873.331
1499,370515764,1749324873331,1,0.032,0.03148066,42.84,BTC-25JUL25-115000-C,105861.39,buy,0.4,0.4,,,,,,1749324873.331
1502,370515767,1749324873333,1,0.032,0.03148066,42.84,BTC-25JUL25-115000-C,105861.39,sell,2.2,2.2,,,,,,1749324873.333
1503,370515769,1749324886550,1,0.032,0.03150282,42.83,BTC-25JUL25-115000-C,105863.11,sell,5.0,5.0,,,,,,1749324886.55
1504,370533933,1749372368104,2,0.0305,0.03062465,42.77,BTC-25JUL25-115000-C,105497.96,sell,1.0,1.0,,,,,,1749372368.104
1505,370533934,1749372368105,3,0.0305,0.03062465,42.77,BTC-25JUL25-115000-C,105497.96,buy,1.0,1.0,,,,,,1749372368.105
1506,370536623,1749374992177,2,0.03,0.0300247,42.98,BTC-25JUL25-115000-C,105213.54,sell,0.4,0.4,,,,,,1749374992.177
1507,370536624,1749374992177,3,0.03,0.0300247,42.98,BTC-25JUL25-115000-C,105213.54,sell,0.1,0.1,,,,,,1749374992.177
1508,370536639,1749375000227,3,0.03,0.03007992,42.95,BTC-25JUL25-115000-C,105228.23,buy,0.4,0.4,,,,,,1749375000.227
1509,370536646,1749375015265,3,0.03,0.03005788,42.97,BTC-25JUL25-115000-C,105218.37,buy,0.3,0.3,,,,,,1749375015.265
1510,370536661,1749375017963,3,0.03,0.0300483,42.94,BTC-25JUL25-115000-C,105230.15,buy,0.3,0.3,,,,,,1749375017.963
1511,370536662,1749375017968,3,0.03,0.0300483,42.94,BTC-25JUL25-115000-C,105230.15,buy,0.5,0.5,,,,,,1749375017.968
1512,370536663,1749375017969,3,0.03,0.0300483,42.94,BTC-25JUL25-115000-C,105230.15,buy,0.3,0.3,,,,,,1749375017.969
1513,370536691,1749375024723,3,0.03,0.03020386,42.85,BTC-25JUL25-115000-C,105269.19,buy,0.6,0.6,,,,,,1749375024.723
1514,370536692,1749375024751,3,0.03,0.03020386,42.85,BTC-25JUL25-115000-C,105269.19,buy,0.2,0.2,,,,,,1749375024.751
1515,370536693,1749375024757,3,0.03,0.03020386,42.85,BTC-25JUL25-115000-C,105269.19,buy,0.8,0.8,,,,,,1749375024.757
1516,370537019,1749375535750,2,0.0295,0.0299599,42.58,BTC-25JUL25-115000-C,105230.28,sell,0.1,0.1,,,,,,1749375535.75
1517,370545404,1749384753551,0,0.0305,0.03091144,42.23,BTC-25JUL25-115000-C,105725.38,sell,0.1,0.1,,,,,,1749384753.551
1518,370552866,1749390624835,0,0.031,0.03160772,42.11,BTC-25JUL25-115000-C,105959.54,sell,0.1,0.1,,,,,,1749390624.835
1520,370557316,1749395523359,1,0.032,0.0320694,42.61,BTC-25JUL25-115000-C,106078.24,buy,0.1,0.1,,,,,,1749395523.359
1519,370557315,1749395523359,0,0.032,0.0320694,42.61,BTC-25JUL25-115000-C,106078.24,buy,0.1,0.1,,,,,,1749395523.359
1521,370557317,1749395523359,1,0.032,0.0320694,42.61,BTC-25JUL25-115000-C,106078.24,buy,0.1,0.1,,,,,,1749395523.359
1522,370557318,1749395523361,1,0.032,0.0320694,42.61,BTC-25JUL25-115000-C,106078.24,buy,0.2,0.2,,,,,,1749395523.361
1523,370563844,1749403118776,0,0.033,0.0328835,42.88,BTC-25JUL25-115000-C,106307.33,buy,0.1,0.1,,,,,,1749403118.776
1524,370568778,1749413433538,0,0.034,0.03350953,43.63,BTC-25JUL25-115000-C,106348.72,buy,0.3,0.3,,,,,,1749413433.538
1525,370576067,1749423359325,2,0.032,0.03174207,43.38,BTC-25JUL25-115000-C,105816.32,buy,0.1,0.1,,,,,,1749423359.325
1526,370589162,1749439270420,2,0.03,0.03009512,42.78,BTC-25JUL25-115000-C,105462.65,sell,3.0,3.0,,,,,,1749439270.42
1527,370591565,1749444717570,2,0.0298,0.02994067,42.44,BTC-25JUL25-115000-C,105561.13,buy,25.0,25.0,2.0,BLOCK-203895,,,,1749444717.57
1528,370591571,1749444739285,0,0.03,0.02994595,42.6,BTC-25JUL25-115000-C,105562.17,buy,25.0,25.0,2.0,BLOCK-203896,,,,1749444739.285
1529,370605316,1749462218017,0,0.0325,0.03251405,42.42,BTC-25JUL25-115000-C,106542.28,buy,0.1,0.1,,,,,,1749462218.017
1530,370615886,1749464482063,0,0.035,0.03482292,42.51,BTC-25JUL25-115000-C,107350.29,sell,0.2,0.2,,,,,,1749464482.063
1535,370619200,1749465950633,1,0.035,0.03470042,42.67,BTC-25JUL25-115000-C,107276.72,buy,2.6,2.6,,,,,,1749465950.633
1534,370619199,1749465950633,1,0.035,0.03470042,42.67,BTC-25JUL25-115000-C,107276.72,buy,5.0,5.0,,,,,,1749465950.633
1531,370619196,1749465950633,1,0.035,0.03470042,42.67,BTC-25JUL25-115000-C,107276.72,buy,0.4,0.4,,,,,,1749465950.633
1532,370619197,1749465950633,1,0.035,0.03470042,42.67,BTC-25JUL25-115000-C,107276.72,buy,0.4,0.4,,,,,,1749465950.633
1533,370619198,1749465950633,1,0.035,0.03470042,42.67,BTC-25JUL25-115000-C,107276.72,buy,1.6,1.6,,,,,,1749465950.633
1536,370622113,1749467789346,0,0.0355,0.03544356,42.5,BTC-25JUL25-115000-C,107499.41,buy,0.1,0.1,,,,,,1749467789.346
1537,370622843,1749467876507,1,0.0355,0.03523122,42.65,BTC-25JUL25-115000-C,107455.89,buy,0.2,0.2,,,,,,1749467876.507
1538,370622890,1749467895989,1,0.0355,0.03543613,42.54,BTC-25JUL25-115000-C,107486.4,sell,0.3,0.3,,,,,,1749467895.989
1539,370622891,1749467895990,1,0.0355,0.03543613,42.54,BTC-25JUL25-115000-C,107486.4,buy,0.2,0.2,,,,,,1749467895.99
1540,370628515,1749470062095,0,0.0362,0.03597079,42.72,BTC-25JUL25-115000-C,107652.23,buy,0.1,0.1,,,BTC-CS-25JUL25-115000_120000,,370628514,1749470062.095
1541,370628519,1749470062109,1,0.0362,0.03597079,42.72,BTC-25JUL25-115000-C,107652.23,sell,0.1,0.1,,,BTC-CS-25JUL25-115000_120000,,370628517,1749470062.109
1542,370628594,1749470142897,1,0.0362,0.03601919,42.69,BTC-25JUL25-115000-C,107670.31,sell,0.2,0.2,,,BTC-CS-25JUL25-115000_120000,,370628593,1749470142.897
1543,370630827,1749471116965,2,0.036,0.03592893,42.65,BTC-25JUL25-115000-C,107631.27,sell,0.3,0.3,,,,,,1749471116.965
1544,370632268,1749472086339,2,0.0355,0.03596003,42.27,BTC-25JUL25-115000-C,107621.17,sell,10.0,10.0,,,,,,1749472086.339
1545,370632581,1749472487882,0,0.036,0.03616777,42.39,BTC-25JUL25-115000-C,107735.29,buy,5.0,5.0,,,,,,1749472487.882
1548,370632641,1749472568097,3,0.0355,0.03611858,42.07,BTC-25JUL25-115000-C,107717.27,sell,1.6,1.6,,,,,,1749472568.097
1546,370632639,1749472568097,2,0.0355,0.03611858,42.07,BTC-25JUL25-115000-C,107717.27,sell,0.6,0.6,,,,,,1749472568.097
1549,370632642,1749472568097,3,0.0355,0.03611858,42.07,BTC-25JUL25-115000-C,107717.27,sell,1.6,1.6,,,,,,1749472568.097
1550,370632643,1749472568097,3,0.0355,0.03611858,42.07,BTC-25JUL25-115000-C,107717.27,sell,1.1,1.1,,,,,,1749472568.097
1547,370632640,1749472568097,3,0.0355,0.03611858,42.07,BTC-25JUL25-115000-C,107717.27,sell,0.1,0.1,,,,,,1749472568.097
1551,370633100,1749472810818,0,0.036,0.03631442,42.15,BTC-25JUL25-115000-C,107826.75,buy,10.0,10.0,,,,,,1749472810.818
1552,370635014,1749473530334,1,0.036,0.0359982,42.28,BTC-25JUL25-115000-C,107783.45,sell,0.5,0.5,,,,,,1749473530.334
1553,370635015,1749473530334,1,0.036,0.0359982,42.28,BTC-25JUL25-115000-C,107783.45,sell,0.8,0.8,,,,,,1749473530.334
1554,370635016,1749473530334,2,0.0355,0.0359982,41.9,BTC-25JUL25-115000-C,107783.45,sell,8.7,8.7,,,,,,1749473530.334
1555,370635265,1749473770962,0,0.036,0.03599429,42.3,BTC-25JUL25-115000-C,107780.22,buy,10.0,10.0,,,,,,1749473770.962
1560,370636114,1749474372193,3,0.0355,0.03620722,41.81,BTC-25JUL25-115000-C,107837.55,sell,0.6,0.6,,,,,,1749474372.193
1561,370636115,1749474372193,3,0.0355,0.03620722,41.81,BTC-25JUL25-115000-C,107837.55,sell,6.3,6.3,,,,,,1749474372.193
1559,370636113,1749474372193,2,0.0355,0.03620722,41.81,BTC-25JUL25-115000-C,107837.55,sell,1.6,1.6,,,,,,1749474372.193
1557,370636111,1749474372193,1,0.036,0.03620722,42.18,BTC-25JUL25-115000-C,107837.55,sell,0.7,0.7,,,,,,1749474372.193
1556,370636110,1749474372193,1,0.036,0.03620722,42.18,BTC-25JUL25-115000-C,107837.55,sell,0.1,0.1,,,,,,1749474372.193
1558,370636112,1749474372193,1,0.036,0.03620722,42.18,BTC-25JUL25-115000-C,107837.55,sell,0.7,0.7,,,,,,1749474372.193
1563,370636653,1749474853324,3,0.0355,0.03573615,42.15,BTC-25JUL25-115000-C,107695.32,sell,0.8,0.8,,,,,,1749474853.324
1566,370636656,1749474853324,3,0.035,0.03573615,41.78,BTC-25JUL25-115000-C,107695.32,sell,6.9,6.9,,,,,,1749474853.324
1564,370636654,1749474853324,3,0.0355,0.03573615,42.15,BTC-25JUL25-115000-C,107695.32,sell,1.6,1.6,,,,,,1749474853.324
1562,370636652,1749474853324,3,0.0355,0.03573615,42.15,BTC-25JUL25-115000-C,107695.32,sell,0.1,0.1,,,,,,1749474853.324
1565,370636655,1749474853324,2,0.035,0.03573615,41.78,BTC-25JUL25-115000-C,107695.32,sell,0.6,0.6,,,,,,1749474853.324
1567,370636722,1749474973802,0,0.0355,0.03576188,42.09,BTC-25JUL25-115000-C,107717.64,buy,10.0,10.0,,,,,,1749474973.802
1568,370638090,1749475938483,1,0.0355,0.03543488,42.37,BTC-25JUL25-115000-C,107585.72,buy,0.3,0.3,,,,,,1749475938.483
1569,370647452,1749478470730,2,0.035,0.0351089,42.09,BTC-25JUL25-115000-C,107528.96,buy,0.4,0.4,,,,,,1749478470.73
1570,370648135,1749478698714,0,0.0355,0.03505805,42.6,BTC-25JUL25-115000-C,107473.41,buy,0.4,0.4,,,,,,1749478698.714
1572,370648137,1749478698714,1,0.0355,0.03505805,42.6,BTC-25JUL25-115000-C,107473.41,buy,2.4,2.4,,,,,,1749478698.714
1571,370648136,1749478698714,1,0.0355,0.03505805,42.6,BTC-25JUL25-115000-C,107473.41,buy,4.0,4.0,,,,,,1749478698.714
1573,370648138,1749478698717,1,0.0355,0.03505805,42.6,BTC-25JUL25-115000-C,107473.41,sell,1.0,1.0,,,,,,1749478698.717
1574,370648139,1749478698719,1,0.0355,0.03506775,42.6,BTC-25JUL25-115000-C,107472.85,sell,3.2,3.2,,,,,,1749478698.719
1575,370648140,1749478698723,1,0.0355,0.03506775,42.6,BTC-25JUL25-115000-C,107472.85,sell,8.6,8.6,,,,,,1749478698.723
1576,370648264,1749478743211,1,0.0355,0.03511952,42.58,BTC-25JUL25-115000-C,107473.47,buy,1.6,1.6,,,,,,1749478743.211
1577,370648265,1749478743221,1,0.0355,0.03511952,42.58,BTC-25JUL25-115000-C,107473.47,sell,8.4,8.4,,,,,,1749478743.221
1578,370681416,1749492765819,0,0.0375,0.03757625,41.88,BTC-25JUL25-115000-C,108471.59,buy,0.3,0.3,,,,,,1749492765.819
1579,370681468,1749492851849,1,0.0375,0.03772623,41.73,BTC-25JUL25-115000-C,108527.0,buy,0.2,0.2,,,,,,1749492851.849
1580,370686310,1749496865364,0,0.038,0.03801073,41.89,BTC-25JUL25-115000-C,108616.2,buy,0.5,0.5,,,,,,1749496865.364
1581,370688316,1749497319052,0,0.0385,0.03848868,41.95,BTC-25JUL25-115000-C,108757.3,sell,0.1,0.1,,,,,,1749497319.052
1582,370689465,1749497999411,2,0.038,0.0380299,41.93,BTC-25JUL25-115000-C,108623.99,sell,0.1,0.1,,,,,,1749497999.411
1583,370690326,1749498539705,0,0.0381,0.03788571,42.13,BTC-25JUL25-115000-C,108580.64,buy,25.0,25.0,2.0,BLOCK-204107,BTC-CDIAG-25JUL25_12JUN25-115000_110000,,,1749498539.705
1584,370690420,1749498573847,0,0.0384,0.03818694,42.12,BTC-25JUL25-115000-C,108654.06,buy,25.0,25.0,2.0,BLOCK-204109,BTC-CDIAG-25JUL25_11JUN25-115000_110000,,,1749498573.847
1585,370690425,1749498579644,2,0.038,0.03816208,41.85,BTC-25JUL25-115000-C,108645.47,sell,0.5,0.5,,,,,,1749498579.644
1586,370690624,1749498672388,0,0.0385,0.03820155,42.18,BTC-25JUL25-115000-C,108666.59,buy,25.0,25.0,1.0,BLOCK-204110,,,,1749498672.388
1587,370690687,1749498719766,1,0.0385,0.03812293,42.24,BTC-25JUL25-115000-C,108646.69,buy,50.0,50.0,1.0,BLOCK-204112,,,,1749498719.766
1588,370692769,1749499866922,1,0.0385,0.03854854,42.09,BTC-25JUL25-115000-C,108701.55,sell,0.1,0.1,,,,,,1749499866.922
1589,370692788,1749499878941,1,0.0385,0.03848097,42.11,BTC-25JUL25-115000-C,108696.22,sell,0.1,0.1,,,,,,1749499878.941
1590,370692789,1749499878959,1,0.0385,0.03848097,42.11,BTC-25JUL25-115000-C,108696.22,sell,0.1,0.1,,,,,,1749499878.959
1591,370692805,1749499895884,1,0.0385,0.03848609,42.11,BTC-25JUL25-115000-C,108697.18,sell,0.1,0.1,,,,,,1749499895.884
1592,370692807,1749499895909,1,0.0385,0.03848609,42.11,BTC-25JUL25-115000-C,108697.18,sell,0.1,0.1,,,,,,1749499895.909
1593,370692812,1749499908896,1,0.0385,0.03847992,42.12,BTC-25JUL25-115000-C,108697.13,sell,0.1,0.1,,,,,,1749499908.896
1594,370692813,1749499908916,1,0.0385,0.03847992,42.12,BTC-25JUL25-115000-C,108697.13,sell,0.1,0.1,,,,,,1749499908.916
1595,370692828,1749499923615,1,0.0385,0.03847711,42.12,BTC-25JUL25-115000-C,108697.52,sell,0.1,0.1,,,,,,1749499923.615
1596,370692830,1749499923630,1,0.0385,0.03847711,42.12,BTC-25JUL25-115000-C,108697.52,sell,0.1,0.1,,,,,,1749499923.63
1597,370696507,1749502196983,1,0.0385,0.03857405,42.11,BTC-25JUL25-115000-C,108698.19,sell,0.5,0.5,,,,,,1749502196.983
1598,370731390,1749510344961,0,0.0445,0.04427443,42.91,BTC-25JUL25-115000-C,110139.9,buy,1.0,1.0,,,,,,1749510344.961
1599,370731391,1749510344964,1,0.0445,0.04427443,42.91,BTC-25JUL25-115000-C,110139.9,sell,4.0,4.0,,,,,,1749510344.964
1600,370736467,1749513571816,0,0.045,0.04473317,42.82,BTC-25JUL25-115000-C,110294.01,buy,1.0,1.0,,,,,,1749513571.816
1601,370739320,1749515418181,2,0.044,0.04451215,42.17,BTC-25JUL25-115000-C,110275.19,sell,2.0,2.0,,,,,,1749515418.181
1602,370751443,1749525085544,2,0.0415,0.04146474,42.38,BTC-25JUL25-115000-C,109496.03,buy,12.5,12.5,2.0,BLOCK-204247,BTC-CDIAG-25JUL25_11JUN25-115000_110000,,,1749525085.544
1603,370751450,1749525091035,3,0.0415,0.04144873,42.41,BTC-25JUL25-115000-C,109487.4,buy,12.5,12.5,2.0,BLOCK-204248,BTC-CDIAG-25JUL25_11JUN25-115000_110000,,,1749525091.035
1604,370751471,1749525116684,3,0.0415,0.04144081,42.4,BTC-25JUL25-115000-C,109489.69,sell,0.5,0.5,,,,,,1749525116.684
1605,370751986,1749525571683,3,0.0415,0.04148849,42.43,BTC-25JUL25-115000-C,109481.58,sell,0.5,0.5,,,,,,1749525571.683
1606,370753479,1749526430033,3,0.0415,0.04137719,42.49,BTC-25JUL25-115000-C,109458.97,buy,0.3,0.3,,,,,,1749526430.033
1607,370753480,1749526430036,3,0.0415,0.04137719,42.49,BTC-25JUL25-115000-C,109458.97,sell,0.1,0.1,,,,,,1749526430.036
1608,370753624,1749526828495,3,0.0415,0.04154995,42.4,BTC-25JUL25-115000-C,109475.14,sell,0.5,0.5,,,,,,1749526828.495
1609,370753855,1749527200294,3,0.0415,0.04161399,42.33,BTC-25JUL25-115000-C,109501.3,sell,0.6,0.6,,,,,,1749527200.294
1610,370757306,1749532270575,0,0.042,0.04161245,42.64,BTC-25JUL25-115000-C,109547.36,buy,0.3,0.3,,,,,,1749532270.575
1611,370759415,1749533747209,2,0.041,0.04065385,42.63,BTC-25JUL25-115000-C,109255.3,buy,0.2,0.2,,,,,,1749533747.209
1612,370759481,1749533797196,3,0.041,0.04074743,42.56,BTC-25JUL25-115000-C,109282.32,buy,0.2,0.2,,,,,,1749533797.196
1613,370759597,1749533976397,3,0.041,0.04092357,42.43,BTC-25JUL25-115000-C,109327.8,sell,0.1,0.1,,,,,,1749533976.397
1614,370759598,1749533976400,3,0.041,0.04092357,42.43,BTC-25JUL25-115000-C,109327.8,sell,0.1,0.1,,,,,,1749533976.4
1615,370760066,1749534728958,3,0.041,0.04089708,42.41,BTC-25JUL25-115000-C,109362.34,sell,0.2,0.2,,,,,,1749534728.958
1616,370760446,1749535355081,2,0.0405,0.04046578,42.27,BTC-25JUL25-115000-C,109262.26,buy,0.2,0.2,,,,,,1749535355.081
1617,370760462,1749535374687,3,0.0405,0.04042762,42.29,BTC-25JUL25-115000-C,109260.75,buy,0.2,0.2,,,,,,1749535374.687
1618,370806885,1749565150150,3,0.0405,0.04038256,42.81,BTC-25JUL25-115000-C,109053.38,buy,0.2,0.2,,,,,,1749565150.15
1619,370818724,1749569586148,2,0.0385,0.03864165,42.38,BTC-25JUL25-115000-C,108646.93,sell,0.2,0.2,,,,,,1749569586.148
1622,370829237,1749577253748,3,0.0385,0.03891155,42.14,BTC-25JUL25-115000-C,108768.37,sell,7.5,7.5,,,,,,1749577253.748
1620,370829235,1749577253748,3,0.0385,0.03891155,42.14,BTC-25JUL25-115000-C,108768.37,sell,1.6,1.6,,,,,,1749577253.748
1621,370829236,1749577253748,3,0.0385,0.03891155,42.14,BTC-25JUL25-115000-C,108768.37,sell,0.9,0.9,,,,,,1749577253.748
1628,370829563,1749577567307,1,0.039,0.03875115,42.59,BTC-25JUL25-115000-C,108734.05,buy,5.0,5.0,,,,,,1749577567.307
1623,370829558,1749577567307,0,0.039,0.03875115,42.59,BTC-25JUL25-115000-C,108734.05,buy,0.4,0.4,,,,,,1749577567.307
1625,370829560,1749577567307,1,0.039,0.03875115,42.59,BTC-25JUL25-115000-C,108734.05,buy,0.6,0.6,,,,,,1749577567.307
1624,370829559,1749577567307,1,0.039,0.03875115,42.59,BTC-25JUL25-115000-C,108734.05,buy,0.4,0.4,,,,,,1749577567.307
1626,370829561,1749577567307,1,0.039,0.03875115,42.59,BTC-25JUL25-115000-C,108734.05,buy,0.3,0.3,,,,,,1749577567.307
1627,370829562,1749577567307,1,0.039,0.03875115,42.59,BTC-25JUL25-115000-C,108734.05,buy,5.0,5.0,,,,,,1749577567.307
1630,370829565,1749577567307,1,0.039,0.03875115,42.59,BTC-25JUL25-115000-C,108734.05,buy,7.3,7.3,,,,,,1749577567.307
1629,370829564,1749577567307,1,0.039,0.03875115,42.59,BTC-25JUL25-115000-C,108734.05,buy,1.0,1.0,,,,,,1749577567.307
1631,370829717,1749577663645,1,0.039,0.03889398,42.49,BTC-25JUL25-115000-C,108774.51,sell,10.0,10.0,,,,,,1749577663.645
1632,370829854,1749577815475,1,0.039,0.03887712,42.55,BTC-25JUL25-115000-C,108759.24,sell,10.0,10.0,,,,,,1749577815.475
1633,370829868,1749577848208,1,0.039,0.03883403,42.57,BTC-25JUL25-115000-C,108752.2,sell,3.0,3.0,,,,,,1749577848.208
1634,370829869,1749577848214,1,0.039,0.03883403,42.57,BTC-25JUL25-115000-C,108752.2,sell,2.0,2.0,,,,,,1749577848.214
1635,370829870,1749577859100,1,0.039,0.03884362,42.57,BTC-25JUL25-115000-C,108751.93,buy,0.3,0.3,,,,,,1749577859.1
1636,370829871,1749577859103,1,0.039,0.03884362,42.57,BTC-25JUL25-115000-C,108751.93,sell,4.7,4.7,,,,,,1749577859.103
1637,370840894,1749583599647,0,0.043,0.04278765,42.55,BTC-25JUL25-115000-C,109945.14,buy,0.1,0.1,,,,,,1749583599.647
1639,370844770,1749584380881,1,0.044,0.04421317,42.29,BTC-25JUL25-115000-C,110345.16,sell,0.6,0.6,,,,,,1749584380.881
1638,370844769,1749584380881,0,0.044,0.04421317,42.29,BTC-25JUL25-115000-C,110345.16,sell,0.7,0.7,,,,,,1749584380.881
1640,370845475,1749584580780,2,0.0435,0.04340843,42.49,BTC-25JUL25-115000-C,110150.8,buy,0.8,0.8,,,,,,1749584580.78
1641,370845476,1749584580780,3,0.0435,0.04340843,42.49,BTC-25JUL25-115000-C,110150.8,buy,2.2,2.2,,,,,,1749584580.78
1642,370857735,1749590924101,2,0.0415,0.04147191,42.04,BTC-25JUL25-115000-C,109803.02,buy,0.3,0.3,,,,,,1749590924.101
1643,370859445,1749592591204,0,0.042,0.04180143,42.27,BTC-25JUL25-115000-C,109849.38,buy,1.0,1.0,,,,,,1749592591.204
1644,370859446,1749592591213,1,0.042,0.04180143,42.27,BTC-25JUL25-115000-C,109849.38,sell,0.1,0.1,,,,,,1749592591.213
1645,370859447,1749592591525,1,0.042,0.04180226,42.27,BTC-25JUL25-115000-C,109851.66,sell,0.1,0.1,,,,,,1749592591.525
1646,370859449,1749592595044,1,0.042,0.04181974,42.26,BTC-25JUL25-115000-C,109854.69,sell,0.1,0.1,,,,,,1749592595.044
1647,370861988,1749595577094,1,0.042,0.04179222,42.48,BTC-25JUL25-115000-C,109765.49,sell,0.2,0.2,,,,,,1749595577.094
1648,370869321,1749602632391,0,0.0425,0.04235872,42.39,BTC-25JUL25-115000-C,109918.69,sell,0.6,0.6,,,,,,1749602632.391
1650,370875056,1749613316389,3,0.0415,0.04142925,42.28,BTC-25JUL25-115000-C,109721.59,sell,0.5,0.5,,,,,,1749613316.389
1649,370875055,1749613316389,2,0.0415,0.04142925,42.28,BTC-25JUL25-115000-C,109721.59,sell,0.6,0.6,,,,,,1749613316.389
1651,370876690,1749616140120,3,0.0415,0.041313,42.42,BTC-25JUL25-115000-C,109646.23,buy,4.0,4.0,,,,,,1749616140.12
1652,370904632,1749645156631,2,0.041,0.04135537,42.0,BTC-25JUL25-115000-C,109791.61,sell,0.3,0.3,,,,,,1749645156.631
1653,370911484,1749648751405,2,0.04,0.04022657,42.07,BTC-25JUL25-115000-C,109450.85,sell,0.1,0.1,,,,,,1749648751.405
1654,370911485,1749648751423,3,0.04,0.04022657,42.07,BTC-25JUL25-115000-C,109450.85,sell,0.1,0.1,,,,,,1749648751.423
1655,370911486,1749648751454,3,0.04,0.04022657,42.07,BTC-25JUL25-115000-C,109450.85,sell,0.1,0.1,,,,,,1749648751.454
1657,370917776,1749651384625,1,0.0425,0.04235876,42.3,BTC-25JUL25-115000-C,110071.33,buy,0.6,0.6,,,,,,1749651384.625
1656,370917775,1749651384625,0,0.0425,0.04235876,42.3,BTC-25JUL25-115000-C,110071.33,buy,0.8,0.8,,,,,,1749651384.625
1658,370917777,1749651384628,1,0.0425,0.04235876,42.3,BTC-25JUL25-115000-C,110071.33,sell,9.9,9.9,,,,,,1749651384.628
1659,370917778,1749651384632,1,0.0425,0.04235876,42.3,BTC-25JUL25-115000-C,110071.33,sell,0.1,0.1,,,,,,1749651384.632
1660,370922813,1749652699403,1,0.0425,0.04244118,42.28,BTC-25JUL25-115000-C,110095.47,sell,0.6,0.6,,,,,,1749652699.403
1661,370924746,1749653713892,1,0.0425,0.04197622,42.61,BTC-25JUL25-115000-C,109951.76,buy,0.1,0.1,,,,,,1749653713.892
1662,370929445,1749656552413,2,0.041,0.04101226,42.08,BTC-25JUL25-115000-C,109735.91,sell,0.1,0.1,,,,,,1749656552.413
1663,370929446,1749656552421,3,0.041,0.04101226,42.08,BTC-25JUL25-115000-C,109735.91,sell,0.3,0.3,,,,,,1749656552.421
1664,370930256,1749657436241,3,0.041,0.04086811,42.14,BTC-25JUL25-115000-C,109715.33,sell,0.1,0.1,,,,,,1749657436.241
1665,370963843,1749677561008,2,0.036,0.03639757,41.26,BTC-25JUL25-115000-C,108629.87,sell,10.0,10.0,,,,,,1749677561.008
1666,370963844,1749677561008,3,0.036,0.03639757,41.26,BTC-25JUL25-115000-C,108629.87,sell,0.6,0.6,,,,,,1749677561.008
1667,370964449,1749677675035,3,0.036,0.03619252,41.24,BTC-25JUL25-115000-C,108637.53,buy,10.2,10.2,,,,,,1749677675.035
1668,370964628,1749677722720,3,0.036,0.03641357,41.1,BTC-25JUL25-115000-C,108682.45,buy,5.0,5.0,,,,,,1749677722.72
1671,370966227,1749678379719,3,0.0355,0.03589797,40.9,BTC-25JUL25-115000-C,108633.16,sell,10.2,10.2,,,,,,1749678379.719
1673,370966229,1749678379719,3,0.0355,0.03589797,40.9,BTC-25JUL25-115000-C,108633.16,sell,3.6,3.6,,,,,,1749678379.719
1672,370966228,1749678379719,3,0.0355,0.03589797,40.9,BTC-25JUL25-115000-C,108633.16,sell,14.6,14.6,,,,,,1749678379.719
1670,370966226,1749678379719,3,0.0355,0.03589797,40.9,BTC-25JUL25-115000-C,108633.16,sell,0.6,0.6,,,,,,1749678379.719
1669,370966225,1749678379719,2,0.0355,0.03589797,40.9,BTC-25JUL25-115000-C,108633.16,sell,1.1,1.1,,,,,,1749678379.719
1674,370966230,1749678379728,3,0.0355,0.03589797,40.9,BTC-25JUL25-115000-C,108633.16,buy,2.9,2.9,,,,,,1749678379.728
1678,370966558,1749678456513,3,0.035,0.03579557,40.5,BTC-25JUL25-115000-C,108658.83,sell,10.0,10.0,,,,,,1749678456.513
1676,370966556,1749678456513,3,0.035,0.03579557,40.5,BTC-25JUL25-115000-C,108658.83,sell,14.6,14.6,,,,,,1749678456.513
1681,370966561,1749678456513,3,0.035,0.03579557,40.5,BTC-25JUL25-115000-C,108658.83,sell,18.2,18.2,,,,,,1749678456.513
1675,370966555,1749678456513,2,0.035,0.03579557,40.5,BTC-25JUL25-115000-C,108658.83,sell,3.0,3.0,,,,,,1749678456.513
1680,370966560,1749678456513,3,0.035,0.03579557,40.5,BTC-25JUL25-115000-C,108658.83,sell,5.0,5.0,,,,,,1749678456.513
1679,370966559,1749678456513,3,0.035,0.03579557,40.5,BTC-25JUL25-115000-C,108658.83,sell,6.0,6.0,,,,,,1749678456.513
1677,370966557,1749678456513,3,0.035,0.03579557,40.5,BTC-25JUL25-115000-C,108658.83,sell,10.2,10.2,,,,,,1749678456.513
1682,370966954,1749678509777,3,0.035,0.03562506,40.55,BTC-25JUL25-115000-C,108662.5,sell,0.5,0.5,,,,,,1749678509.777
1683,370966955,1749678509777,3,0.035,0.03562506,40.55,BTC-25JUL25-115000-C,108662.5,sell,0.6,0.6,,,,,,1749678509.777
1684,370966956,1749678509780,3,0.035,0.03562506,40.55,BTC-25JUL25-115000-C,108662.5,buy,10.2,10.2,,,,,,1749678509.78
1685,370966958,1749678509790,3,0.035,0.03562506,40.55,BTC-25JUL25-115000-C,108662.5,buy,0.1,0.1,,,,,,1749678509.79
1686,370966996,1749678522274,3,0.035,0.03552324,40.55,BTC-25JUL25-115000-C,108665.06,buy,5.0,5.0,,,,,,1749678522.274
1687,370967254,1749678585795,3,0.035,0.03546588,40.54,BTC-25JUL25-115000-C,108667.62,buy,2.9,2.9,,,,,,1749678585.795
1688,370967256,1749678585799,3,0.035,0.03546588,40.54,BTC-25JUL25-115000-C,108667.62,buy,0.2,0.2,,,,,,1749678585.799
1689,370967258,1749678588933,2,0.0345,0.03547851,40.15,BTC-25JUL25-115000-C,108676.02,sell,25.0,25.0,,,,,,1749678588.933
1695,370967264,1749678588933,3,0.0345,0.03547851,40.15,BTC-25JUL25-115000-C,108676.02,sell,10.0,10.0,,,,,,1749678588.933
1691,370967260,1749678588933,3,0.0345,0.03547851,40.15,BTC-25JUL25-115000-C,108676.02,sell,1.9,1.9,,,,,,1749678588.933
1690,370967259,1749678588933,3,0.0345,0.03547851,40.15,BTC-25JUL25-115000-C,108676.02,sell,10.2,10.2,,,,,,1749678588.933
1696,370967265,1749678588933,3,0.0345,0.03547851,40.15,BTC-25JUL25-115000-C,108676.02,sell,5.0,5.0,,,,,,1749678588.933
1693,370967262,1749678588933,3,0.0345,0.03547851,40.15,BTC-25JUL25-115000-C,108676.02,sell,6.0,6.0,,,,,,1749678588.933
1698,370967267,1749678588933,3,0.0345,0.03547851,40.15,BTC-25JUL25-115000-C,108676.02,sell,0.6,0.6,,,,,,1749678588.933
1697,370967266,1749678588933,3,0.0345,0.03547851,40.15,BTC-25JUL25-115000-C,108676.02,sell,5.0,5.0,,,,,,1749678588.933
1692,370967261,1749678588933,3,0.0345,0.03547851,40.15,BTC-25JUL25-115000-C,108676.02,sell,6.0,6.0,,,,,,1749678588.933
1694,370967263,1749678588933,3,0.0345,0.03547851,40.15,BTC-25JUL25-115000-C,108676.02,sell,14.6,14.6,,,,,,1749678588.933
1699,370967268,1749678588938,3,0.0345,0.03547851,40.15,BTC-25JUL25-115000-C,108676.02,buy,17.0,17.0,,,,,,1749678588.938
1700,370967269,1749678588939,3,0.0345,0.03547851,40.15,BTC-25JUL25-115000-C,108676.02,buy,1.7,1.7,,,,,,1749678588.939
1701,370967270,1749678588939,3,0.0345,0.03547851,40.15,BTC-25JUL25-115000-C,108676.02,buy,17.0,17.0,,,,,,1749678588.939
1702,370967271,1749678588942,3,0.0345,0.03547851,40.15,BTC-25JUL25-115000-C,108676.02,buy,13.0,13.0,,,,,,1749678588.942
1703,370967272,1749678588943,3,0.0345,0.03547851,40.15,BTC-25JUL25-115000-C,108676.02,buy,1.7,1.7,,,,,,1749678588.943
1706,370967275,1749678588945,3,0.0345,0.03547851,40.15,BTC-25JUL25-115000-C,108676.02,buy,19.1,19.1,,,,,,1749678588.945
1705,370967274,1749678588945,3,0.0345,0.03547851,40.15,BTC-25JUL25-115000-C,108676.02,buy,10.3,10.3,,,,,,1749678588.945
1704,370967273,1749678588945,3,0.0345,0.03547851,40.15,BTC-25JUL25-115000-C,108676.02,buy,2.9,2.9,,,,,,1749678588.945
1707,370967502,1749678644110,0,0.035,0.03513813,40.56,BTC-25JUL25-115000-C,108672.25,buy,1.6,1.6,,,,,,1749678644.11
1708,370967503,1749678644110,0,0.0355,0.03513813,40.94,BTC-25JUL25-115000-C,108672.25,buy,0.7,0.7,,,,,,1749678644.11
1709,370984193,1749693631642,2,0.034,0.0339754,40.36,BTC-25JUL25-115000-C,108518.07,buy,3.0,3.0,5.0,BLOCK-204751,,6064.0,,1749693631.642
1710,370988877,1749698355414,2,0.033,0.03313968,40.33,BTC-25JUL25-115000-C,108231.19,sell,0.5,0.5,,,,,,1749698355.414
1713,370998953,1749702362047,3,0.031,0.03134818,40.32,BTC-25JUL25-115000-C,107581.04,sell,1.0,1.0,,,,,,1749702362.047
1714,370998954,1749702362047,3,0.031,0.03134818,40.32,BTC-25JUL25-115000-C,107581.04,sell,1.6,1.6,,,,,,1749702362.047
1711,370998951,1749702362047,2,0.031,0.03134818,40.32,BTC-25JUL25-115000-C,107581.04,sell,0.7,0.7,,,,,,1749702362.047
1712,370998952,1749702362047,3,0.031,0.03134818,40.32,BTC-25JUL25-115000-C,107581.04,sell,0.2,0.2,,,,,,1749702362.047
1715,370998955,1749702362047,3,0.031,0.03134818,40.32,BTC-25JUL25-115000-C,107581.04,sell,6.5,6.5,,,,,,1749702362.047
1716,371000741,1749705166177,0,0.0315,0.03155501,40.39,BTC-25JUL25-115000-C,107721.09,buy,0.1,0.1,,,,,,1749705166.177
1717,371086713,1749754172092,2,0.03,0.0305413,40.21,BTC-25JUL25-115000-C,107347.07,sell,0.1,0.1,,,,,,1749754172.092
1718,371087788,1749754561254,0,0.0305,0.03105302,40.11,BTC-25JUL25-115000-C,107554.71,sell,1.0,1.0,,,,,,1749754561.254
1719,371087797,1749754585957,1,0.0305,0.03102107,40.13,BTC-25JUL25-115000-C,107547.62,sell,10.0,10.0,,,,,,1749754585.957
1722,371087800,1749754586444,1,0.0305,0.03102107,40.13,BTC-25JUL25-115000-C,107547.62,sell,1.4,1.4,,,,,,1749754586.444
1720,371087798,1749754586444,1,0.0305,0.03102107,40.13,BTC-25JUL25-115000-C,107547.62,sell,1.6,1.6,,,,,,1749754586.444
1721,371087799,1749754586444,1,0.0305,0.03102107,40.13,BTC-25JUL25-115000-C,107547.62,sell,0.6,0.6,,,,,,1749754586.444
1723,371087801,1749754586444,1,0.0305,0.03102107,40.13,BTC-25JUL25-115000-C,107547.62,sell,0.7,0.7,,,,,,1749754586.444
1724,371087802,1749754586446,1,0.0305,0.03102107,40.13,BTC-25JUL25-115000-C,107547.62,buy,4.6,4.6,,,,,,1749754586.446
1725,371087803,1749754586447,1,0.0305,0.03102107,40.13,BTC-25JUL25-115000-C,107547.62,buy,1.1,1.1,,,,,,1749754586.447
1728,371087807,1749754588754,1,0.0305,0.03101461,40.13,BTC-25JUL25-115000-C,107548.04,sell,4.8,4.8,,,,,,1749754588.754
1727,371087806,1749754588754,1,0.0305,0.03101461,40.13,BTC-25JUL25-115000-C,107548.04,sell,0.8,0.8,,,,,,1749754588.754
1726,371087805,1749754588754,1,0.0305,0.03101461,40.13,BTC-25JUL25-115000-C,107548.04,sell,4.4,4.4,,,,,,1749754588.754
1729,371087809,1749754589871,1,0.0305,0.03101381,40.13,BTC-25JUL25-115000-C,107547.93,buy,2.9,2.9,,,,,,1749754589.871
1730,371087818,1749754592686,1,0.0305,0.03101546,40.12,BTC-25JUL25-115000-C,107552.69,buy,1.1,1.1,,,,,,1749754592.686
1731,371087853,1749754628967,1,0.0305,0.03094029,40.09,BTC-25JUL25-115000-C,107572.96,buy,6.0,6.0,,,,,,1749754628.967
1732,371087862,1749754629335,1,0.0305,0.03094029,40.09,BTC-25JUL25-115000-C,107572.96,buy,9.7,9.7,,,,,,1749754629.335
1733,371087863,1749754629451,1,0.0305,0.03094029,40.09,BTC-25JUL25-115000-C,107572.96,buy,0.3,0.3,,,,,,1749754629.451
1734,371088552,1749755103585,1,0.0305,0.03076284,40.02,BTC-25JUL25-115000-C,107601.61,sell,3.0,3.0,,,,,,1749755103.585
1735,371093860,1749757957317,2,0.0285,0.02853777,40.0,BTC-25JUL25-115000-C,106968.6,sell,0.1,0.1,,,,,,1749757957.317
1736,371096121,1749758343448,2,0.028,0.0279401,40.14,BTC-25JUL25-115000-C,106744.16,sell,0.7,0.7,,,,,,1749758343.448
1737,371101915,1749759869089,3,0.028,0.02807238,40.2,BTC-25JUL25-115000-C,106741.48,buy,0.1,0.1,,,,,,1749759869.089
1738,371108244,1749761127527,2,0.0265,0.02640845,40.47,BTC-25JUL25-115000-C,106112.63,sell,0.5,0.5,,,,,,1749761127.527
1739,371121179,1749763600090,0,0.027,0.02715445,40.31,BTC-25JUL25-115000-C,106375.04,buy,1.0,1.0,,,,,,1749763600.09
1741,371152087,1749772359222,3,0.026,0.02569212,40.45,BTC-25JUL25-115000-C,105971.39,buy,8.0,8.0,,,,,,1749772359.222
1740,371152086,1749772359222,2,0.026,0.02569212,40.45,BTC-25JUL25-115000-C,105971.39,buy,2.0,2.0,,,,,,1749772359.222
1742,371156697,1749772915833,2,0.024,0.02384551,40.34,BTC-25JUL25-115000-C,105277.0,buy,0.1,0.1,,,,,,1749772915.833
1743,371156738,1749772919600,3,0.024,0.02395638,40.25,BTC-25JUL25-115000-C,105297.56,buy,0.2,0.2,,,,,,1749772919.6
1745,371177717,1749774185396,3,0.0225,0.02253859,41.0,BTC-25JUL25-115000-C,104351.6,sell,0.6,0.6,,,,,,1749774185.396
1744,371177716,1749774185396,2,0.0225,0.02253859,41.0,BTC-25JUL25-115000-C,104351.6,sell,0.6,0.6,,,,,,1749774185.396
1746,371177718,1749774185396,3,0.0225,0.02253859,41.0,BTC-25JUL25-115000-C,104351.6,sell,1.6,1.6,,,,,,1749774185.396
1747,371177719,1749774185403,3,0.0225,0.02253859,41.0,BTC-25JUL25-115000-C,104351.6,buy,5.6,5.6,,,,,,1749774185.403
1748,371177720,1749774185607,3,0.0225,0.02253859,41.0,BTC-25JUL25-115000-C,104351.6,buy,0.1,0.1,,,,,,1749774185.607
1749,371177721,1749774185623,3,0.0225,0.02253859,41.0,BTC-25JUL25-115000-C,104351.6,buy,0.1,0.1,,,,,,1749774185.623
1750,371177755,1749774194154,3,0.0225,0.02246551,41.13,BTC-25JUL25-115000-C,104306.36,buy,7.9,7.9,,,,,,1749774194.154
1751,371177756,1749774194241,3,0.0225,0.02246551,41.13,BTC-25JUL25-115000-C,104306.36,buy,0.9,0.9,,,,,,1749774194.241
1752,371177786,1749774195251,3,0.0225,0.02246507,41.04,BTC-25JUL25-115000-C,104329.96,buy,1.4,1.4,,,,,,1749774195.251
1753,371177787,1749774195343,3,0.0225,0.02246507,41.04,BTC-25JUL25-115000-C,104329.96,buy,0.1,0.1,,,,,,1749774195.343
1754,371177796,1749774197106,3,0.0225,0.02256355,40.98,BTC-25JUL25-115000-C,104359.28,buy,6.1,6.1,,,,,,1749774197.106
1755,371182638,1749774530554,2,0.022,0.02181992,41.52,BTC-25JUL25-115000-C,103907.65,sell,1.1,1.1,,,,,,1749774530.554
1756,371183263,1749774601422,3,0.022,0.02174603,41.76,BTC-25JUL25-115000-C,103806.12,sell,0.9,0.9,,,,,,1749774601.422
1757,371183284,1749774604053,3,0.022,0.02162165,41.8,BTC-25JUL25-115000-C,103786.78,sell,0.9,0.9,,,,,,1749774604.053
1758,371183301,1749774605230,3,0.022,0.02157479,41.84,BTC-25JUL25-115000-C,103769.59,sell,0.7,0.7,,,,,,1749774605.23
1759,371183305,1749774605490,3,0.022,0.02157479,41.84,BTC-25JUL25-115000-C,103769.59,sell,0.1,0.1,,,,,,1749774605.49
1760,371183306,1749774605507,3,0.022,0.02157479,41.84,BTC-25JUL25-115000-C,103769.59,sell,2.1,2.1,,,,,,1749774605.507
1761,371183309,1749774605522,3,0.022,0.02157479,41.84,BTC-25JUL25-115000-C,103769.59,sell,0.1,0.1,,,,,,1749774605.522
1762,371183310,1749774605531,3,0.022,0.02157479,41.84,BTC-25JUL25-115000-C,103769.59,sell,0.1,0.1,,,,,,1749774605.531
1763,371183311,1749774605539,3,0.022,0.02157479,41.84,BTC-25JUL25-115000-C,103769.59,sell,0.1,0.1,,,,,,1749774605.539
1764,371183312,1749774605549,3,0.022,0.02157479,41.84,BTC-25JUL25-115000-C,103769.59,sell,0.1,0.1,,,,,,1749774605.549
1765,371183313,1749774605560,3,0.022,0.02157479,41.84,BTC-25JUL25-115000-C,103769.59,sell,0.4,0.4,,,,,,1749774605.56
1766,371183314,1749774605569,3,0.022,0.02157479,41.84,BTC-25JUL25-115000-C,103769.59,sell,0.1,0.1,,,,,,1749774605.569
1767,371183317,1749774605959,3,0.022,0.02157479,41.84,BTC-25JUL25-115000-C,103769.59,sell,0.1,0.1,,,,,,1749774605.959
1768,371183323,1749774606228,3,0.022,0.02155915,41.9,BTC-25JUL25-115000-C,103741.76,sell,0.8,0.8,,,,,,1749774606.228
1769,371184743,1749774767345,3,0.022,0.02186696,41.95,BTC-25JUL25-115000-C,103723.17,sell,0.6,0.6,,,,,,1749774767.345
1770,371184751,1749774767364,3,0.022,0.02186696,41.95,BTC-25JUL25-115000-C,103723.17,sell,0.3,0.3,,,,,,1749774767.364
1771,371184759,1749774767380,3,0.022,0.02186696,41.95,BTC-25JUL25-115000-C,103723.17,sell,0.3,0.3,,,,,,1749774767.38
1772,371184764,1749774767413,3,0.022,0.02186696,41.95,BTC-25JUL25-115000-C,103723.17,sell,1.2,1.2,,,,,,1749774767.413
1773,371192092,1749775202669,3,0.022,0.02209049,41.85,BTC-25JUL25-115000-C,103754.6,sell,10.0,10.0,,,,,,1749775202.669
1774,371193930,1749775429096,0,0.0225,0.02306587,41.4,BTC-25JUL25-115000-C,104177.29,sell,0.2,0.2,,,,,,1749775429.096
1775,371199701,1749776434316,2,0.022,0.0221421,41.86,BTC-25JUL25-115000-C,103759.77,sell,0.1,0.1,,,,,,1749776434.316
1776,371210609,1749777008924,2,0.021,0.02078594,42.41,BTC-25JUL25-115000-C,103147.09,sell,0.1,0.1,,,,,,1749777008.924
1777,371211226,1749777035178,2,0.02,0.02024972,41.98,BTC-25JUL25-115000-C,102924.8,sell,0.1,0.1,,,,,,1749777035.178
1778,371212220,1749777085043,0,0.0205,0.02036143,42.48,BTC-25JUL25-115000-C,102905.28,sell,0.8,0.8,,,,,,1749777085.043
1779,371212221,1749777085055,1,0.0205,0.02036143,42.48,BTC-25JUL25-115000-C,102905.28,sell,0.3,0.3,,,,,,1749777085.055
1780,371212269,1749777089024,1,0.0205,0.02027846,42.56,BTC-25JUL25-115000-C,102871.52,sell,0.3,0.3,,,,,,1749777089.024
1781,371212287,1749777089079,1,0.0205,0.02027846,42.56,BTC-25JUL25-115000-C,102871.52,sell,11.4,11.4,,,,,,1749777089.079
1782,371212291,1749777089139,1,0.0205,0.02027846,42.56,BTC-25JUL25-115000-C,102871.52,sell,0.9,0.9,,,,,,1749777089.139
1783,371212322,1749777089315,1,0.0205,0.02027846,42.56,BTC-25JUL25-115000-C,102871.52,sell,0.7,0.7,,,,,,1749777089.315
1784,371212328,1749777089405,1,0.0205,0.02027846,42.56,BTC-25JUL25-115000-C,102871.52,sell,0.2,0.2,,,,,,1749777089.405
1785,371212329,1749777089406,1,0.0205,0.02027846,42.56,BTC-25JUL25-115000-C,102871.52,sell,1.6,1.6,,,,,,1749777089.406
1786,371212347,1749777090330,1,0.0205,0.02024818,42.56,BTC-25JUL25-115000-C,102866.9,sell,0.1,0.1,,,,,,1749777090.33
1787,371212351,1749777090502,1,0.0205,0.02024818,42.56,BTC-25JUL25-115000-C,102866.9,sell,2.0,2.0,,,,,,1749777090.502
1788,371212352,1749777090516,1,0.0205,0.02024818,42.56,BTC-25JUL25-115000-C,102866.9,sell,0.2,0.2,,,,,,1749777090.516
1789,371212386,1749777093804,1,0.0205,0.02017212,42.71,BTC-25JUL25-115000-C,102803.11,sell,1.5,1.5,,,,,,1749777093.804
1790,371215996,1749777344747,0,0.021,0.02099949,42.47,BTC-25JUL25-115000-C,103120.23,sell,0.6,0.6,,,,,,1749777344.747
1791,371219173,1749777659554,0,0.0215,0.02163187,42.35,BTC-25JUL25-115000-C,103396.95,sell,0.3,0.3,,,,,,1749777659.554
1792,371219174,1749777659558,1,0.0215,0.02163187,42.35,BTC-25JUL25-115000-C,103396.95,buy,0.7,0.7,,,,,,1749777659.558
1793,371220893,1749777853773,0,0.022,0.02184413,42.63,BTC-25JUL25-115000-C,103462.07,buy,0.3,0.3,,,,,,1749777853.773
1794,371221114,1749777877817,1,0.022,0.02179493,42.68,BTC-25JUL25-115000-C,103440.91,sell,0.3,0.3,,,,,,1749777877.817
1795,371221161,1749777883451,1,0.022,0.02174208,42.76,BTC-25JUL25-115000-C,103416.65,sell,0.4,0.4,,,,,,1749777883.451
1796,371221162,1749777883463,1,0.022,0.02174208,42.76,BTC-25JUL25-115000-C,103416.65,sell,0.3,0.3,,,,,,1749777883.463
1797,371221446,1749777900826,1,0.022,0.0217537,42.77,BTC-25JUL25-115000-C,103414.4,sell,11.3,11.3,,,,,,1749777900.826
1798,371221466,1749777901924,1,0.022,0.0217537,42.79,BTC-25JUL25-115000-C,103407.77,sell,30.0,30.0,,,,,,1749777901.924
1799,371221571,1749777918295,1,0.022,0.02171002,42.84,BTC-25JUL25-115000-C,103379.26,sell,26.8,26.8,,,,,,1749777918.295
