trade_seq,trade_id,timestamp,tick_direction,price,mark_price,iv,instrument_name,index_price,direction,contracts,amount,block_trade_leg_count,block_trade_id,combo_trade_id,combo_id,block_rfq_id,unix_sec
661,369614712,1748659993575,0,0.02,0.02004754,47.05,BTC-25JUL25-90000-P,103324.97,buy,0.1,0.1,,,,,,1748659993.575
662,369673680,1748703105785,2,0.018,0.0183913,47.41,BTC-25JUL25-90000-P,104447.74,sell,0.1,0.1,,,,,,1748703105.785
663,369674571,1748703641354,0,0.0185,0.01811517,48.24,BTC-25JUL25-90000-P,104612.28,buy,0.1,0.1,,,,,,1748703641.354
664,369674572,1748703641354,1,0.0185,0.01811517,48.24,BTC-25JUL25-90000-P,104612.28,buy,9.9,9.9,,,,,,1748703641.354
665,369706721,1748739724015,1,0.0185,0.01874246,48.18,BTC-25JUL25-90000-P,104477.28,sell,0.3,0.3,,,,,,1748739724.015
666,369719854,1748758511029,1,0.0185,0.01830487,48.27,BTC-25JUL25-90000-P,104426.52,buy,17.5,17.5,,,,,,1748758511.029
667,369719855,1748758514106,1,0.0185,0.01830424,48.27,BTC-25JUL25-90000-P,104426.45,buy,2.5,2.5,,,,,,1748758514.106
668,369738290,1748783476982,0,0.019,0.01917212,48.31,BTC-25JUL25-90000-P,104182.46,sell,1.0,1.0,,,,,,1748783476.982
669,369738291,1748783476984,1,0.019,0.01917212,48.31,BTC-25JUL25-90000-P,104182.46,buy,1.0,1.0,,,,,,1748783476.984
671,369738297,1748783526182,1,0.019,0.01914354,48.33,BTC-25JUL25-90000-P,104202.01,sell,0.6,0.6,,,,,,1748783526.182
670,369738296,1748783526182,1,0.019,0.01914354,48.33,BTC-25JUL25-90000-P,104202.01,sell,1.0,1.0,,,,,,1748783526.182
672,369738635,1748783831929,2,0.0185,0.01875728,48.16,BTC-25JUL25-90000-P,104375.52,sell,1.4,1.4,,,,,,1748783831.929
673,369740822,1748786643003,3,0.0185,0.0188985,48.39,BTC-25JUL25-90000-P,104440.77,sell,0.4,0.4,,,,,,1748786643.003
674,369769475,1748803646136,2,0.0175,0.01772039,47.66,BTC-25JUL25-90000-P,104547.93,sell,0.5,0.5,,,,,,1748803646.136
675,369771934,1748804862721,2,0.0165,0.0168137,47.42,BTC-25JUL25-90000-P,104984.59,sell,0.3,0.3,,,,,,1748804862.721
676,369782412,1748815489427,2,0.0155,0.01551477,47.7,BTC-25JUL25-90000-P,105707.5,buy,0.1,0.1,,,,,,1748815489.427
677,369801321,1748832912039,3,0.0155,0.01588109,46.55,BTC-25JUL25-90000-P,105123.6,sell,0.4,0.4,,,,,,1748832912.039
678,369801851,1748833383738,0,0.016,0.01607019,46.89,BTC-25JUL25-90000-P,105009.03,buy,0.1,0.1,,,,,,1748833383.738
679,369805443,1748834727844,1,0.016,0.01637124,46.51,BTC-25JUL25-90000-P,104802.6,sell,0.1,0.1,,,,,,1748834727.844
680,369805444,1748834727844,1,0.016,0.01637124,46.51,BTC-25JUL25-90000-P,104802.6,sell,9.9,9.9,,,,,,1748834727.844
681,369810884,1748840542109,0,0.0166,0.01635926,47.17,BTC-25JUL25-90000-P,104808.99,buy,75.0,75.0,4.0,BLOCK-202618,,,5130.0,1748840542.109
682,369814843,1748846889942,2,0.0155,0.01558515,46.78,BTC-25JUL25-90000-P,105204.88,sell,1.0,1.0,,,,,,1748846889.942
683,369814844,1748846889944,3,0.0155,0.01558515,46.78,BTC-25JUL25-90000-P,105204.88,buy,4.0,4.0,,,,,,1748846889.944
684,369822402,1748852819615,2,0.015,0.01492796,47.14,BTC-25JUL25-90000-P,105699.54,sell,0.3,0.3,,,,,,1748852819.615
685,369822464,1748852823211,3,0.015,0.01484228,47.21,BTC-25JUL25-90000-P,105734.77,sell,0.3,0.3,,,,,,1748852823.211
686,369822466,1748852823229,3,0.015,0.01484228,47.21,BTC-25JUL25-90000-P,105734.77,sell,0.1,0.1,,,,,,1748852823.229
687,369822491,1748852824225,3,0.015,0.014825,47.23,BTC-25JUL25-90000-P,105748.36,sell,0.3,0.3,,,,,,1748852824.225
688,369825673,1748854395965,0,0.0155,0.01531206,47.07,BTC-25JUL25-90000-P,105351.77,buy,0.1,0.1,,,,,,1748854395.965
689,369825674,1748854395965,1,0.0155,0.01531206,47.07,BTC-25JUL25-90000-P,105351.77,buy,0.3,0.3,,,,,,1748854395.965
690,369825852,1748854611623,1,0.0155,0.01528948,47.15,BTC-25JUL25-90000-P,105386.77,buy,0.1,0.1,,,,,,1748854611.623
691,369832161,1748857458953,0,0.0165,0.01646824,46.91,BTC-25JUL25-90000-P,104660.84,buy,0.1,0.1,,,,,,1748857458.953
692,369833607,1748858169453,1,0.0165,0.01646378,46.86,BTC-25JUL25-90000-P,104598.42,buy,0.1,0.1,,,,,,1748858169.453
693,369847983,1748867283944,0,0.017,0.01727544,46.35,BTC-25JUL25-90000-P,104047.66,sell,1.0,1.0,,,,,,1748867283.944
694,369847984,1748867283944,1,0.017,0.01727544,46.35,BTC-25JUL25-90000-P,104047.66,sell,0.6,0.6,,,,,,1748867283.944
695,369849337,1748868313596,2,0.016,0.01640914,45.76,BTC-25JUL25-90000-P,104248.98,sell,0.3,0.3,,,,,,1748868313.596
696,369849628,1748868582670,3,0.016,0.01647692,45.7,BTC-25JUL25-90000-P,104230.42,sell,0.3,0.3,,,,,,1748868582.67
697,369851505,1748870525969,0,0.0165,0.01665966,45.8,BTC-25JUL25-90000-P,103975.78,buy,0.3,0.3,,,,,,1748870525.969
698,369851506,1748870525969,1,0.0165,0.01665966,45.8,BTC-25JUL25-90000-P,103975.78,buy,0.1,0.1,,,,,,1748870525.969
699,369863971,1748872459408,0,0.017,0.0170024,46.0,BTC-25JUL25-90000-P,103868.53,buy,0.3,0.3,,,,,,1748872459.408
700,369871384,1748873512585,2,0.0165,0.01695781,45.63,BTC-25JUL25-90000-P,103972.64,sell,3.3,3.3,,,,,,1748873512.585
701,369871385,1748873512585,3,0.0165,0.01695781,45.63,BTC-25JUL25-90000-P,103972.64,sell,11.1,11.1,,,,,,1748873512.585
702,369871386,1748873512585,3,0.0165,0.01695781,45.63,BTC-25JUL25-90000-P,103972.64,sell,0.6,0.6,,,,,,1748873512.585
703,369877402,1748874464469,3,0.0165,0.01605286,46.64,BTC-25JUL25-90000-P,104504.04,buy,0.1,0.1,,,,,,1748874464.469
704,369881918,1748876051334,0,0.017,0.01665736,46.44,BTC-25JUL25-90000-P,104084.48,buy,0.1,0.1,,,,,,1748876051.334
705,369883678,1748876437349,1,0.017,0.01647027,46.61,BTC-25JUL25-90000-P,104191.53,buy,0.1,0.1,,,,,,1748876437.349
706,369885998,1748876754746,1,0.017,0.01669328,46.37,BTC-25JUL25-90000-P,104055.6,buy,0.4,0.4,,,,,,1748876754.746
707,369885999,1748876754746,1,0.017,0.01669328,46.37,BTC-25JUL25-90000-P,104055.6,buy,0.1,0.1,,,,,,1748876754.746
708,369886759,1748877007458,1,0.017,0.01674335,46.27,BTC-25JUL25-90000-P,103995.18,buy,0.1,0.1,,,,,,1748877007.458
709,369888953,1748877521533,2,0.0165,0.0161319,46.44,BTC-25JUL25-90000-P,104370.16,buy,0.1,0.1,,,,,,1748877521.533
710,369888954,1748877521533,3,0.0165,0.0161319,46.44,BTC-25JUL25-90000-P,104370.16,buy,0.1,0.1,,,,,,1748877521.533
711,369898064,1748881324207,2,0.0155,0.01526687,45.36,BTC-25JUL25-90000-P,104339.51,buy,0.1,0.1,,,,,,1748881324.207
712,369898065,1748881324207,3,0.0155,0.01526687,45.36,BTC-25JUL25-90000-P,104339.51,buy,1.6,1.6,,,,,,1748881324.207
713,369898066,1748881324207,3,0.0155,0.01526687,45.36,BTC-25JUL25-90000-P,104339.51,buy,0.3,0.3,,,,,,1748881324.207
714,369907919,1748889188858,3,0.0155,0.01540532,45.77,BTC-25JUL25-90000-P,104584.95,buy,0.1,0.1,,,,,,1748889188.858
715,369914202,1748893279789,0,0.016,0.01594796,45.56,BTC-25JUL25-90000-P,104186.96,buy,0.1,0.1,,,,,,1748893279.789
716,369918620,1748895327263,2,0.0145,0.01481189,45.32,BTC-25JUL25-90000-P,104942.89,sell,0.1,0.1,,,,,,1748895327.263
717,369920293,1748896874609,3,0.0145,0.01491237,45.13,BTC-25JUL25-90000-P,104834.58,sell,0.3,0.3,,,,,,1748896874.609
718,369922860,1748899072079,3,0.0145,0.01445445,45.53,BTC-25JUL25-90000-P,105046.55,buy,0.3,0.3,,,,,,1748899072.079
719,369924880,1748900068988,0,0.015,0.01503728,45.42,BTC-25JUL25-90000-P,104714.83,buy,0.3,0.3,,,,,,1748900068.988
720,369933626,1748904398363,2,0.0135,0.01380251,45.51,BTC-25JUL25-90000-P,105628.51,sell,0.1,0.1,,,,,,1748904398.363
721,369933627,1748904398363,3,0.0135,0.01380251,45.51,BTC-25JUL25-90000-P,105628.51,sell,1.9,1.9,,,,,,1748904398.363
722,369940184,1748908909984,3,0.0135,0.01365407,45.91,BTC-25JUL25-90000-P,105842.05,sell,0.1,0.1,,,,,,1748908909.984
723,369941150,1748909553749,3,0.0135,0.01330884,46.35,BTC-25JUL25-90000-P,106063.1,buy,0.1,0.1,,,,,,1748909553.749
724,369953177,1748918442587,3,0.0135,0.01351539,46.45,BTC-25JUL25-90000-P,106101.79,buy,0.1,0.1,,,,,,1748918442.587
725,369958702,1748923148631,0,0.014,0.01416414,46.06,BTC-25JUL25-90000-P,105545.32,sell,0.1,0.1,,,,,,1748923148.631
726,369972516,1748938273980,0,0.0145,0.0148482,45.88,BTC-25JUL25-90000-P,105163.81,sell,0.1,0.1,,,,,,1748938273.98
727,369972742,1748938386723,1,0.0145,0.0149245,45.81,BTC-25JUL25-90000-P,105106.56,sell,0.1,0.1,,,,,,1748938386.723
728,369975677,1748939828136,1,0.0145,0.01501315,45.63,BTC-25JUL25-90000-P,104980.78,sell,0.1,0.1,,,,,,1748939828.136
729,369989978,1748952613994,2,0.014,0.01410492,45.69,BTC-25JUL25-90000-P,105322.31,sell,0.3,0.3,,,,,,1748952613.994
730,370015728,1748964835547,2,0.0125,0.01256646,46.25,BTC-25JUL25-90000-P,106694.81,buy,0.1,0.1,,,,,,1748964835.547
731,370016136,1748965021249,0,0.013,0.01251215,46.91,BTC-25JUL25-90000-P,106722.27,buy,0.1,0.1,,,,,,1748965021.249
732,370017655,1748965712704,1,0.013,0.01267909,46.71,BTC-25JUL25-90000-P,106615.13,buy,0.1,0.1,,,,,,1748965712.704
733,370018380,1748965867698,1,0.013,0.01274875,46.56,BTC-25JUL25-90000-P,106528.81,buy,0.1,0.1,,,,,,1748965867.698
734,370020713,1748967015374,1,0.013,0.01249761,46.63,BTC-25JUL25-90000-P,106525.1,buy,0.1,0.1,,,,,,1748967015.374
735,370020949,1748967170874,1,0.013,0.01253114,46.57,BTC-25JUL25-90000-P,106497.83,buy,0.1,0.1,,,,,,1748967170.874
736,370041484,1748986209374,1,0.013,0.01335283,45.21,BTC-25JUL25-90000-P,105712.71,sell,0.5,0.5,,,,,,1748986209.374
737,370050781,1748995747867,0,0.0135,0.01383461,45.59,BTC-25JUL25-90000-P,105569.27,sell,0.1,0.1,,,,,,1748995747.867
738,370056387,1749000676186,1,0.0135,0.01339814,45.88,BTC-25JUL25-90000-P,105692.12,buy,0.1,0.1,,,,,,1749000676.186
739,370056388,1749000676186,1,0.0135,0.01339814,45.88,BTC-25JUL25-90000-P,105692.12,buy,0.1,0.1,,,,,,1749000676.186
740,370056397,1749000693110,1,0.0135,0.01343472,45.85,BTC-25JUL25-90000-P,105680.6,buy,0.3,0.3,,,,,,1749000693.11
741,370069905,1749019971719,2,0.013,0.01346224,44.88,BTC-25JUL25-90000-P,105443.06,sell,1.0,1.0,,,,,,1749019971.719
742,370070021,1749020094073,0,0.0135,0.01351182,45.42,BTC-25JUL25-90000-P,105412.72,buy,0.1,0.1,,,,,,1749020094.073
743,370079458,1749029431731,1,0.0135,0.01337236,45.55,BTC-25JUL25-90000-P,105466.33,buy,0.1,0.1,,,,,,1749029431.731
744,370081303,1749031106810,2,0.013,0.01286762,45.72,BTC-25JUL25-90000-P,105886.39,buy,0.1,0.1,,,,,,1749031106.81
745,370081311,1749031113945,0,0.0135,0.01288483,46.31,BTC-25JUL25-90000-P,105882.67,buy,0.3,0.3,,,,,,1749031113.945
746,370087914,1749038137683,1,0.0135,0.01352209,45.34,BTC-25JUL25-90000-P,105293.01,buy,0.1,0.1,,,,,,1749038137.683
747,370096874,1749043708318,1,0.0135,0.01365964,44.76,BTC-25JUL25-90000-P,105057.28,sell,0.1,0.1,,,,,,1749043708.318
748,370096875,1749043708318,1,0.0135,0.01365964,44.76,BTC-25JUL25-90000-P,105057.28,sell,1.0,1.0,,,,,,1749043708.318
749,370100815,1749045494081,1,0.0135,0.01342297,44.46,BTC-25JUL25-90000-P,104837.98,sell,0.3,0.3,,,,,,1749045494.081
750,370100816,1749045494083,1,0.0135,0.01342297,44.46,BTC-25JUL25-90000-P,104837.98,buy,0.7,0.7,,,,,,1749045494.083
754,370113464,1749047384765,1,0.0135,0.01395124,44.11,BTC-25JUL25-90000-P,104691.35,sell,5.0,5.0,,,,,,1749047384.765
751,370113461,1749047384765,1,0.0135,0.01395124,44.11,BTC-25JUL25-90000-P,104691.35,sell,11.4,11.4,,,,,,1749047384.765
753,370113463,1749047384765,1,0.0135,0.01395124,44.11,BTC-25JUL25-90000-P,104691.35,sell,14.4,14.4,,,,,,1749047384.765
752,370113462,1749047384765,1,0.0135,0.01395124,44.11,BTC-25JUL25-90000-P,104691.35,sell,0.9,0.9,,,,,,1749047384.765
758,370113468,1749047384765,1,0.0135,0.01395124,44.11,BTC-25JUL25-90000-P,104691.35,sell,17.5,17.5,,,,,,1749047384.765
756,370113466,1749047384765,1,0.0135,0.01395124,44.11,BTC-25JUL25-90000-P,104691.35,sell,0.6,0.6,,,,,,1749047384.765
755,370113465,1749047384765,1,0.0135,0.01395124,44.11,BTC-25JUL25-90000-P,104691.35,sell,1.0,1.0,,,,,,1749047384.765
759,370113469,1749047384765,1,0.0135,0.01395124,44.11,BTC-25JUL25-90000-P,104691.35,sell,1.6,1.6,,,,,,1749047384.765
757,370113467,1749047384765,1,0.0135,0.01395124,44.11,BTC-25JUL25-90000-P,104691.35,sell,3.0,3.0,,,,,,1749047384.765
760,370113470,1749047384769,1,0.0135,0.01395124,44.11,BTC-25JUL25-90000-P,104691.35,buy,10.0,10.0,,,,,,1749047384.769
761,370113471,1749047384770,1,0.0135,0.01395124,44.11,BTC-25JUL25-90000-P,104691.35,buy,5.1,5.1,,,,,,1749047384.77
762,370113472,1749047384771,1,0.0135,0.01395124,44.11,BTC-25JUL25-90000-P,104691.35,buy,5.1,5.1,,,,,,1749047384.771
763,370113473,1749047384775,1,0.0135,0.01395124,44.11,BTC-25JUL25-90000-P,104691.35,buy,14.6,14.6,,,,,,1749047384.775
764,370113474,1749047384778,1,0.0135,0.01395124,44.11,BTC-25JUL25-90000-P,104691.35,buy,9.8,9.8,,,,,,1749047384.778
765,370116279,1749047524549,1,0.0135,0.01367362,44.18,BTC-25JUL25-90000-P,104719.89,buy,0.3,0.3,,,,,,1749047524.549
767,370126247,1749049582301,1,0.0135,0.01297954,44.88,BTC-25JUL25-90000-P,105086.67,buy,0.1,0.1,,,,,,1749049582.301
766,370126246,1749049582301,1,0.0135,0.01297954,44.88,BTC-25JUL25-90000-P,105086.67,buy,0.1,0.1,,,,,,1749049582.301
768,370126891,1749049721682,1,0.0135,0.01294612,44.93,BTC-25JUL25-90000-P,105107.22,buy,0.1,0.1,,,,,,1749049721.682
769,370128681,1749050797388,2,0.013,0.01268735,44.92,BTC-25JUL25-90000-P,105453.61,buy,0.1,0.1,,,,,,1749050797.388
770,370128682,1749050797388,3,0.013,0.01268735,44.92,BTC-25JUL25-90000-P,105453.61,buy,0.1,0.1,,,,,,1749050797.388
771,370130382,1749051957030,3,0.013,0.01253667,45.01,BTC-25JUL25-90000-P,105500.31,buy,0.1,0.1,,,,,,1749051957.03
772,370130599,1749052111453,3,0.013,0.01255985,44.96,BTC-25JUL25-90000-P,105482.36,buy,0.2,0.2,,,,,,1749052111.453
773,370132002,1749053276673,3,0.013,0.01262196,44.77,BTC-25JUL25-90000-P,105376.4,buy,0.1,0.1,,,,,,1749053276.673
774,370132327,1749053594839,3,0.013,0.01258924,44.75,BTC-25JUL25-90000-P,105364.34,buy,0.1,0.1,,,,,,1749053594.839
775,370145327,1749069095237,0,0.014,0.01343525,44.86,BTC-25JUL25-90000-P,104722.2,buy,0.1,0.1,,,,,,1749069095.237
776,370153556,1749083218613,2,0.013,0.01308761,44.0,BTC-25JUL25-90000-P,104834.45,sell,0.2,0.2,,,,,,1749083218.613
777,370154107,1749083876822,3,0.013,0.01302715,44.26,BTC-25JUL25-90000-P,104976.41,sell,1.2,1.2,,,,,,1749083876.822
778,370154108,1749083876824,3,0.013,0.01302715,44.26,BTC-25JUL25-90000-P,104976.41,buy,0.8,0.8,,,,,,1749083876.824
779,370170137,1749106376018,0,0.0135,0.01343541,44.1,BTC-25JUL25-90000-P,104485.99,buy,0.5,0.5,,,,,,1749106376.018
780,370170138,1749106376056,1,0.0135,0.01343541,44.1,BTC-25JUL25-90000-P,104485.99,sell,0.3,0.3,,,,,,1749106376.056
781,370170139,1749106376066,1,0.0135,0.01343541,44.1,BTC-25JUL25-90000-P,104485.99,sell,0.2,0.2,,,,,,1749106376.066
782,370170334,1749106669592,2,0.013,0.01344755,43.54,BTC-25JUL25-90000-P,104495.13,sell,5.0,5.0,,,,,,1749106669.592
783,370179650,1749116328693,3,0.013,0.0130132,44.0,BTC-25JUL25-90000-P,104774.86,buy,0.3,0.3,,,,,,1749116328.693
784,370214990,1749133284598,0,0.014,0.01402211,43.83,BTC-25JUL25-90000-P,103968.86,buy,0.2,0.2,,,,,,1749133284.598
785,370218124,1749134302008,2,0.0135,0.01358179,43.94,BTC-25JUL25-90000-P,104326.54,buy,1.0,1.0,,,,,,1749134302.008
786,370221522,1749135473819,3,0.0135,0.01333051,44.37,BTC-25JUL25-90000-P,104569.84,buy,0.1,0.1,,,,,,1749135473.819
787,370222806,1749135789027,3,0.0135,0.01320043,44.56,BTC-25JUL25-90000-P,104660.85,buy,0.1,0.1,,,,,,1749135789.027
788,370224577,1749136200177,3,0.0135,0.01342142,44.36,BTC-25JUL25-90000-P,104518.92,sell,0.1,0.1,,,,,,1749136200.177
789,370224808,1749136352043,0,0.014,0.0134539,44.95,BTC-25JUL25-90000-P,104540.63,buy,0.1,0.1,,,,,,1749136352.043
790,370225426,1749136668316,1,0.014,0.01353628,44.85,BTC-25JUL25-90000-P,104466.82,buy,0.2,0.2,,,,,,1749136668.316
791,370226003,1749136792157,1,0.014,0.01354547,44.85,BTC-25JUL25-90000-P,104477.34,buy,0.1,0.1,,,,,,1749136792.157
792,370228027,1749137297606,2,0.0135,0.0130195,45.03,BTC-25JUL25-90000-P,104891.4,buy,0.2,0.2,,,,,,1749137297.606
793,370228745,1749137804391,3,0.0135,0.01316429,44.84,BTC-25JUL25-90000-P,104791.27,buy,0.1,0.1,,,,,,1749137804.391
794,370229592,1749138457098,3,0.0135,0.01323244,44.59,BTC-25JUL25-90000-P,104644.94,buy,0.2,0.2,,,,,,1749138457.098
795,370230074,1749138719148,3,0.0135,0.01303757,44.84,BTC-25JUL25-90000-P,104784.52,buy,0.3,0.3,,,,,,1749138719.148
796,370230090,1749138735878,2,0.013,0.01307412,44.21,BTC-25JUL25-90000-P,104765.55,buy,0.3,0.3,,,,,,1749138735.878
797,370230232,1749138858610,0,0.0135,0.01316307,44.7,BTC-25JUL25-90000-P,104719.91,buy,0.1,0.1,,,,,,1749138858.61
798,370230827,1749139318694,1,0.0135,0.01329915,44.51,BTC-25JUL25-90000-P,104598.27,buy,0.3,0.3,,,,,,1749139318.694
799,370233154,1749140429250,0,0.014,0.01421063,44.01,BTC-25JUL25-90000-P,104003.96,buy,0.3,0.3,,,,,,1749140429.25
800,370239658,1749142322282,0,0.0145,0.0144832,44.04,BTC-25JUL25-90000-P,103742.01,buy,0.3,0.3,,,,,,1749142322.282
801,370241904,1749142674163,0,0.015,0.01499876,44.02,BTC-25JUL25-90000-P,103433.42,buy,0.3,0.3,,,,,,1749142674.163
802,370241905,1749142674163,1,0.015,0.01499876,44.02,BTC-25JUL25-90000-P,103433.42,buy,0.1,0.1,,,,,,1749142674.163
803,370241906,1749142674163,1,0.015,0.01499876,44.02,BTC-25JUL25-90000-P,103433.42,buy,0.2,0.2,,,,,,1749142674.163
804,370245508,1749143108549,0,0.0155,0.01503829,44.5,BTC-25JUL25-90000-P,103404.34,buy,0.3,0.3,,,,,,1749143108.549
810,370245514,1749143108549,1,0.0155,0.01503829,44.5,BTC-25JUL25-90000-P,103404.34,buy,1.9,1.9,,,,,,1749143108.549
806,370245510,1749143108549,1,0.0155,0.01503829,44.5,BTC-25JUL25-90000-P,103404.34,buy,5.0,5.0,,,,,,1749143108.549
805,370245509,1749143108549,1,0.0155,0.01503829,44.5,BTC-25JUL25-90000-P,103404.34,buy,1.6,1.6,,,,,,1749143108.549
808,370245512,1749143108549,1,0.0155,0.01503829,44.5,BTC-25JUL25-90000-P,103404.34,buy,1.0,1.0,,,,,,1749143108.549
807,370245511,1749143108549,1,0.0155,0.01503829,44.5,BTC-25JUL25-90000-P,103404.34,buy,0.1,0.1,,,,,,1749143108.549
809,370245513,1749143108549,1,0.0155,0.01503829,44.5,BTC-25JUL25-90000-P,103404.34,buy,0.1,0.1,,,,,,1749143108.549
811,370256655,1749147205954,1,0.0155,0.01561767,43.73,BTC-25JUL25-90000-P,103013.14,buy,0.2,0.2,,,,,,1749147205.954
812,370257658,1749147212852,0,0.016,0.01627013,43.79,BTC-25JUL25-90000-P,102771.93,buy,1.0,1.0,,,,,,1749147212.852
813,370257659,1749147212852,1,0.016,0.01627013,43.79,BTC-25JUL25-90000-P,102771.93,buy,0.3,0.3,,,,,,1749147212.852
817,370263127,1749147751106,3,0.015,0.01531123,43.41,BTC-25JUL25-90000-P,103126.47,sell,13.6,13.6,,,,,,1749147751.106
815,370263125,1749147751106,3,0.015,0.01531123,43.41,BTC-25JUL25-90000-P,103126.47,sell,1.6,1.6,,,,,,1749147751.106
814,370263124,1749147751106,2,0.015,0.01531123,43.41,BTC-25JUL25-90000-P,103126.47,sell,4.4,4.4,,,,,,1749147751.106
816,370263126,1749147751106,3,0.015,0.01531123,43.41,BTC-25JUL25-90000-P,103126.47,sell,1.5,1.5,,,,,,1749147751.106
818,370263128,1749147751109,3,0.015,0.01531123,43.41,BTC-25JUL25-90000-P,103126.47,buy,8.5,8.5,,,,,,1749147751.109
819,370263129,1749147751110,3,0.015,0.01531123,43.41,BTC-25JUL25-90000-P,103126.47,buy,7.9,7.9,,,,,,1749147751.11
820,370272479,1749151039998,0,0.0165,0.01650069,43.52,BTC-25JUL25-90000-P,102348.8,buy,0.3,0.3,,,,,,1749151039.998
821,370273432,1749151070897,0,0.017,0.01703542,43.45,BTC-25JUL25-90000-P,102063.08,buy,0.3,0.3,,,,,,1749151070.897
822,370274651,1749151107243,0,0.0175,0.01726508,43.57,BTC-25JUL25-90000-P,101864.25,buy,0.3,0.3,,,,,,1749151107.243
823,370288792,1749153569191,1,0.0175,0.01754246,43.65,BTC-25JUL25-90000-P,101881.09,sell,0.2,0.2,,,,,,1749153569.191
824,370288793,1749153575350,1,0.0175,0.01754171,43.64,BTC-25JUL25-90000-P,101883.35,sell,1.2,1.2,,,,,,1749153575.35
825,370288826,1749153578033,1,0.0175,0.01754933,43.65,BTC-25JUL25-90000-P,101887.13,sell,1.0,1.0,,,,,,1749153578.033
826,370302171,1749155193449,0,0.018,0.01851444,43.42,BTC-25JUL25-90000-P,101497.59,sell,0.2,0.2,,,,,,1749155193.449
827,370309480,1749156686971,0,0.0195,0.01981857,43.77,BTC-25JUL25-90000-P,100949.81,sell,3.0,3.0,,,,,,1749156686.971
828,370310070,1749156776964,0,0.02,0.01975277,44.31,BTC-25JUL25-90000-P,100976.42,buy,0.1,0.1,,,,,,1749156776.964
829,370310078,1749156778513,1,0.02,0.01976918,44.3,BTC-25JUL25-90000-P,100973.02,buy,0.2,0.2,,,,,,1749156778.513
830,370310172,1749156783977,1,0.02,0.01980448,44.31,BTC-25JUL25-90000-P,100977.57,sell,1.2,1.2,,,,,,1749156783.977
831,370344651,1749168492449,2,0.0185,0.01841956,43.85,BTC-25JUL25-90000-P,101461.85,buy,0.1,0.1,,,,,,1749168492.449
832,370344664,1749168493340,3,0.0185,0.01842029,43.84,BTC-25JUL25-90000-P,101459.46,buy,0.3,0.3,,,,,,1749168493.34
833,370344672,1749168494326,3,0.0185,0.01842029,43.84,BTC-25JUL25-90000-P,101452.52,buy,0.1,0.1,,,,,,1749168494.326
834,370345390,1749168849046,3,0.0185,0.01845785,43.73,BTC-25JUL25-90000-P,101398.61,buy,0.2,0.2,,,,,,1749168849.046
835,370345392,1749168849078,3,0.0185,0.01845785,43.73,BTC-25JUL25-90000-P,101398.61,buy,0.1,0.1,,,,,,1749168849.078
836,370345393,1749168849088,3,0.0185,0.01845785,43.73,BTC-25JUL25-90000-P,101398.61,buy,1.3,1.3,,,,,,1749168849.088
837,370346167,1749169138880,0,0.019,0.01854417,44.26,BTC-25JUL25-90000-P,101406.18,buy,0.5,0.5,,,,,,1749169138.88
838,370357074,1749178551047,2,0.0165,0.01713431,43.15,BTC-25JUL25-90000-P,102119.74,sell,5.0,5.0,,,,,,1749178551.047
839,370361842,1749181287417,2,0.0155,0.01616345,42.8,BTC-25JUL25-90000-P,102494.91,sell,0.1,0.1,,,,,,1749181287.417
840,370413083,1749213549294,2,0.014,0.01364987,44.17,BTC-25JUL25-90000-P,103972.88,buy,0.1,0.1,,,,,,1749213549.294
841,370414832,1749214056872,2,0.0135,0.0135301,43.63,BTC-25JUL25-90000-P,103977.7,sell,0.2,0.2,,,,,,1749214056.872
842,370416966,1749215912249,2,0.0132,0.01333615,43.29,BTC-25JUL25-90000-P,103979.47,sell,6.0,6.0,,,370416963,BTC-PBUT-25JUL25-80000_90000_100000,,1749215912.249
843,370418062,1749216940631,2,0.013,0.01321988,43.12,BTC-25JUL25-90000-P,104016.63,sell,0.1,0.1,,,,,,1749216940.631
844,370423716,1749218896094,2,0.0125,0.01276238,43.0,BTC-25JUL25-90000-P,104270.03,sell,0.3,0.3,,,,,,1749218896.094
845,370426139,1749220133338,3,0.0125,0.01224446,43.66,BTC-25JUL25-90000-P,104608.8,buy,0.1,0.1,,,,,,1749220133.338
846,370428022,1749220838861,3,0.0125,0.01193801,44.06,BTC-25JUL25-90000-P,104840.72,buy,0.1,0.1,,,,,,1749220838.861
847,370428023,1749220838861,3,0.0125,0.01193801,44.06,BTC-25JUL25-90000-P,104840.72,buy,0.1,0.1,,,,,,1749220838.861
848,370429491,1749221155622,3,0.0125,0.01193333,44.09,BTC-25JUL25-90000-P,104868.25,buy,0.1,0.1,,,,,,1749221155.622
849,370429835,1749221185892,2,0.012,0.01184488,43.65,BTC-25JUL25-90000-P,104966.33,buy,0.1,0.1,,,,,,1749221185.892
850,370432176,1749222120905,3,0.012,0.01193616,43.53,BTC-25JUL25-90000-P,104910.23,buy,0.1,0.1,,,,,,1749222120.905
851,370432595,1749222247323,3,0.012,0.01186097,43.6,BTC-25JUL25-90000-P,104948.45,buy,0.3,0.3,,,,,,1749222247.323
852,370434717,1749222827935,3,0.012,0.01184298,43.72,BTC-25JUL25-90000-P,105005.0,sell,0.2,0.2,,,,,,1749222827.935
853,370436978,1749223106471,3,0.012,0.0117493,43.89,BTC-25JUL25-90000-P,105106.73,buy,0.1,0.1,,,,,,1749223106.471
854,370438089,1749223476501,3,0.012,0.01183897,43.74,BTC-25JUL25-90000-P,105007.21,buy,0.1,0.1,,,,,,1749223476.501
855,370438090,1749223476501,3,0.012,0.01183897,43.74,BTC-25JUL25-90000-P,105007.21,buy,0.1,0.1,,,,,,1749223476.501
856,370438811,1749223802025,3,0.012,0.01195974,43.58,BTC-25JUL25-90000-P,104928.23,sell,0.1,0.1,,,,,,1749223802.025
857,370439774,1749224294478,0,0.0125,0.01204115,44.1,BTC-25JUL25-90000-P,104862.65,buy,0.1,0.1,,,,,,1749224294.478
858,370440740,1749224624409,1,0.0125,0.01208811,43.95,BTC-25JUL25-90000-P,104776.79,buy,0.1,0.1,,,,,,1749224624.409
859,370458529,1749238766040,1,0.0125,0.01265538,43.15,BTC-25JUL25-90000-P,104297.61,buy,0.1,0.1,,,,,,1749238766.04
860,370458844,1749239326669,1,0.0125,0.01258693,43.11,BTC-25JUL25-90000-P,104278.4,buy,0.1,0.1,,,,,,1749239326.669
861,370458872,1749239334855,1,0.0125,0.01259758,43.09,BTC-25JUL25-90000-P,104271.82,buy,0.1,0.1,,,,,,1749239334.855
862,370460502,1749240574404,1,0.0125,0.01244475,43.18,BTC-25JUL25-90000-P,104305.71,buy,0.1,0.1,,,,,,1749240574.404
863,370460503,1749240574411,1,0.0125,0.01244475,43.18,BTC-25JUL25-90000-P,104305.71,sell,0.4,0.4,,,,,,1749240574.411
864,370468415,1749255368364,1,0.0125,0.01267137,42.85,BTC-25JUL25-90000-P,104087.68,buy,0.3,0.3,,,,,,1749255368.364
865,370470433,1749257120227,2,0.012,0.01234502,42.83,BTC-25JUL25-90000-P,104420.63,sell,0.6,0.6,,,,,,1749257120.227
866,370470434,1749257120227,3,0.012,0.01234502,42.83,BTC-25JUL25-90000-P,104420.63,sell,1.6,1.6,,,,,,1749257120.227
867,370470435,1749257120227,3,0.012,0.01234502,42.83,BTC-25JUL25-90000-P,104420.63,sell,1.8,1.8,,,,,,1749257120.227
868,370478618,1749273392214,2,0.0115,0.01197557,43.08,BTC-25JUL25-90000-P,104894.49,sell,0.1,0.1,,,,,,1749273392.214
869,370478848,1749274274074,3,0.0115,0.01185493,43.08,BTC-25JUL25-90000-P,104888.61,sell,0.1,0.1,,,,,,1749274274.074
870,370478854,1749274373339,3,0.0115,0.01185208,43.06,BTC-25JUL25-90000-P,104882.07,sell,0.6,0.6,,,,,,1749274373.339
871,370480441,1749277362673,3,0.0115,0.01171959,43.2,BTC-25JUL25-90000-P,104942.14,sell,0.1,0.1,,,,,,1749277362.673
872,370480860,1749278543453,3,0.0115,0.01169551,43.25,BTC-25JUL25-90000-P,104955.22,sell,0.5,0.5,,,,,,1749278543.453
873,370486398,1749282747222,3,0.0115,0.01167777,43.21,BTC-25JUL25-90000-P,104939.51,sell,0.2,0.2,,,,,,1749282747.222
874,370494975,1749297319887,3,0.0115,0.01149349,43.66,BTC-25JUL25-90000-P,105145.35,buy,1.1,1.1,,,,,,1749297319.887
875,370502000,1749304073838,3,0.0115,0.01092869,44.75,BTC-25JUL25-90000-P,105741.19,buy,0.5,0.5,,,,,,1749304073.838
876,370507056,1749309380025,3,0.0115,0.01158054,44.12,BTC-25JUL25-90000-P,105385.38,buy,0.4,0.4,,,,,,1749309380.025
877,370508567,1749312506059,2,0.011,0.01108424,44.04,BTC-25JUL25-90000-P,105703.0,buy,0.5,0.5,,,,,,1749312506.059
878,370513756,1749321031427,3,0.011,0.01097925,44.15,BTC-25JUL25-90000-P,105776.23,buy,1.0,1.0,,,,,,1749321031.427
879,370520933,1749336591150,3,0.011,0.01092985,44.51,BTC-25JUL25-90000-P,105917.32,buy,0.2,0.2,,,,,,1749336591.15
880,370540721,1749380589126,3,0.011,0.01088791,44.08,BTC-25JUL25-90000-P,105559.49,sell,0.2,0.2,,,,,,1749380589.126
881,370544662,1749383788464,2,0.0105,0.01072014,43.77,BTC-25JUL25-90000-P,105708.92,sell,0.2,0.2,,,,,,1749383788.464
882,370555506,1749393010084,3,0.0105,0.01053634,43.93,BTC-25JUL25-90000-P,105757.89,buy,0.1,0.1,,,,,,1749393010.084
883,370586449,1749434088434,3,0.0105,0.01102501,43.83,BTC-25JUL25-90000-P,105588.16,sell,0.1,0.1,,,,,,1749434088.434
884,370590171,1749441049115,3,0.0105,0.01062308,43.98,BTC-25JUL25-90000-P,105661.94,buy,1.0,1.0,,,,,,1749441049.115
885,370597486,1749456141521,3,0.0105,0.01050367,44.0,BTC-25JUL25-90000-P,105653.7,sell,1.0,1.0,,,,,,1749456141.521
886,370615609,1749464405424,2,0.0095,0.00895561,45.63,BTC-25JUL25-90000-P,107404.42,buy,0.4,0.4,,,,,,1749464405.424
887,370625251,1749468988199,2,0.009,0.00891342,45.22,BTC-25JUL25-90000-P,107566.86,sell,0.1,0.1,,,,,,1749468988.199
888,370683730,1749494803856,2,0.008,0.00805039,45.16,BTC-25JUL25-90000-P,108412.96,buy,0.1,0.1,,,,,,1749494803.856
889,370683736,1749494807857,3,0.008,0.00806118,45.13,BTC-25JUL25-90000-P,108398.14,buy,0.1,0.1,,,,,,1749494807.857
890,370683745,1749494820376,3,0.008,0.00806227,45.13,BTC-25JUL25-90000-P,108400.88,buy,0.1,0.1,,,,,,1749494820.376
891,370683749,1749494834885,3,0.008,0.00806305,45.13,BTC-25JUL25-90000-P,108400.49,buy,0.1,0.1,,,,,,1749494834.885
892,370683751,1749494838169,3,0.008,0.00806296,45.13,BTC-25JUL25-90000-P,108400.5,buy,0.1,0.1,,,,,,1749494838.169
893,370683764,1749494852244,3,0.008,0.0080667,45.12,BTC-25JUL25-90000-P,108392.5,buy,0.1,0.1,,,,,,1749494852.244
894,370683771,1749494858261,3,0.008,0.00806865,45.11,BTC-25JUL25-90000-P,108392.66,buy,0.1,0.1,,,,,,1749494858.261
895,370683790,1749494871467,3,0.008,0.00807972,45.09,BTC-25JUL25-90000-P,108382.06,buy,0.1,0.1,,,,,,1749494871.467
896,370683795,1749494875844,3,0.008,0.00808043,45.09,BTC-25JUL25-90000-P,108382.58,buy,0.1,0.1,,,,,,1749494875.844
897,370683801,1749494886399,3,0.008,0.00806884,45.09,BTC-25JUL25-90000-P,108382.66,buy,0.1,0.1,,,,,,1749494886.399
898,370683832,1749494900766,3,0.008,0.00809468,45.06,BTC-25JUL25-90000-P,108364.57,buy,0.1,0.1,,,,,,1749494900.766
899,370683835,1749494912191,3,0.008,0.0080887,45.07,BTC-25JUL25-90000-P,108367.27,buy,0.1,0.1,,,,,,1749494912.191
900,370683862,1749494925397,3,0.008,0.00807834,45.08,BTC-25JUL25-90000-P,108374.52,buy,0.1,0.1,,,,,,1749494925.397
901,370683864,1749494929137,3,0.008,0.00807909,45.07,BTC-25JUL25-90000-P,108368.99,buy,0.1,0.1,,,,,,1749494929.137
902,370683883,1749494941678,3,0.008,0.00807779,45.08,BTC-25JUL25-90000-P,108369.65,buy,0.1,0.1,,,,,,1749494941.678
903,370696780,1749502620853,3,0.008,0.00795992,45.76,BTC-25JUL25-90000-P,108757.33,buy,0.1,0.1,,,,,,1749502620.853
904,370696781,1749502620859,3,0.008,0.00795992,45.76,BTC-25JUL25-90000-P,108757.33,sell,0.3,0.3,,,,,,1749502620.859
905,370696782,1749502620867,3,0.008,0.00795992,45.76,BTC-25JUL25-90000-P,108757.33,sell,0.3,0.3,,,,,,1749502620.867
906,370696855,1749502763415,3,0.008,0.00791345,45.78,BTC-25JUL25-90000-P,108765.68,buy,0.2,0.2,,,,,,1749502763.415
908,370722460,1749507076287,3,0.0075,0.00724829,46.68,BTC-25JUL25-90000-P,109873.18,buy,0.6,0.6,,,,,,1749507076.287
907,370722459,1749507076287,2,0.0075,0.00724829,46.68,BTC-25JUL25-90000-P,109873.18,buy,0.1,0.1,,,,,,1749507076.287
909,370722461,1749507076287,3,0.0075,0.00724829,46.68,BTC-25JUL25-90000-P,109873.18,buy,0.3,0.3,,,,,,1749507076.287
910,370731088,1749510179133,3,0.0075,0.00699439,47.4,BTC-25JUL25-90000-P,110282.1,buy,0.1,0.1,,,,,,1749510179.133
911,370731379,1749510324896,3,0.0075,0.00717575,47.14,BTC-25JUL25-90000-P,110141.8,buy,0.2,0.2,,,,,,1749510324.896
912,370740307,1749515888680,3,0.0075,0.00699086,47.46,BTC-25JUL25-90000-P,110296.85,buy,0.5,0.5,,,,,,1749515888.68
913,370743577,1749518796218,3,0.0075,0.00719695,46.91,BTC-25JUL25-90000-P,109940.36,buy,0.1,0.1,,,,,,1749518796.218
914,370745435,1749521040863,3,0.0075,0.00742758,46.55,BTC-25JUL25-90000-P,109717.24,buy,0.1,0.1,,,,,,1749521040.863
915,370760409,1749535322774,0,0.008,0.0075269,46.89,BTC-25JUL25-90000-P,109313.03,buy,0.2,0.2,,,,,,1749535322.774
916,370760450,1749535359432,1,0.008,0.00758004,46.8,BTC-25JUL25-90000-P,109261.5,buy,0.1,0.1,,,,,,1749535359.432
917,370762199,1749536012965,1,0.008,0.00747327,46.92,BTC-25JUL25-90000-P,109333.25,buy,0.1,0.1,,,,,,1749536012.965
918,370762237,1749536031451,1,0.008,0.00750614,46.87,BTC-25JUL25-90000-P,109296.56,buy,0.1,0.1,,,,,,1749536031.451
919,370765231,1749538448314,2,0.0075,0.00747805,46.4,BTC-25JUL25-90000-P,109573.82,buy,0.1,0.1,,,,,,1749538448.314
920,370765329,1749538510137,3,0.0075,0.00749271,46.38,BTC-25JUL25-90000-P,109561.18,sell,0.1,0.1,,,,,,1749538510.137
921,370765340,1749538530487,3,0.0075,0.0074832,46.4,BTC-25JUL25-90000-P,109567.17,sell,0.1,0.1,,,,,,1749538530.487
922,370765437,1749538645320,3,0.0075,0.00748753,46.4,BTC-25JUL25-90000-P,109566.09,sell,0.1,0.1,,,,,,1749538645.32
923,370765460,1749538675856,3,0.0075,0.00749051,46.39,BTC-25JUL25-90000-P,109563.31,sell,0.1,0.1,,,,,,1749538675.856
924,370765466,1749538698702,3,0.0075,0.00748864,46.4,BTC-25JUL25-90000-P,109566.44,sell,0.1,0.1,,,,,,1749538698.702
925,370765686,1749538864185,3,0.0075,0.00753165,46.32,BTC-25JUL25-90000-P,109502.47,sell,0.1,0.1,,,,,,1749538864.185
927,370772024,1749542196783,1,0.008,0.00747106,46.91,BTC-25JUL25-90000-P,109276.41,buy,0.4,0.4,,,,,,1749542196.783
926,370772023,1749542196783,0,0.008,0.00747106,46.91,BTC-25JUL25-90000-P,109276.41,buy,0.1,0.1,,,,,,1749542196.783
928,370806569,1749565004186,1,0.008,0.00787625,46.64,BTC-25JUL25-90000-P,109012.08,sell,1.5,1.5,,,,,,1749565004.186
929,370806570,1749565004190,1,0.008,0.00787625,46.64,BTC-25JUL25-90000-P,109012.08,sell,1.6,1.6,,,,,,1749565004.19
930,370806571,1749565004193,1,0.008,0.00787625,46.64,BTC-25JUL25-90000-P,109012.08,sell,0.8,0.8,,,,,,1749565004.193
931,370806572,1749565004195,1,0.008,0.00787625,46.64,BTC-25JUL25-90000-P,109012.08,sell,0.4,0.4,,,,,,1749565004.195
932,370807807,1749565498377,1,0.008,0.00789228,46.85,BTC-25JUL25-90000-P,109113.37,sell,0.7,0.7,,,,,,1749565498.377
933,370808230,1749565681124,1,0.008,0.00807605,46.52,BTC-25JUL25-90000-P,108930.74,buy,0.2,0.2,,,,,,1749565681.124
934,370808250,1749565681147,1,0.008,0.00807605,46.52,BTC-25JUL25-90000-P,108930.74,buy,0.1,0.1,,,,,,1749565681.147
935,370815788,1749568149674,1,0.008,0.00799247,46.43,BTC-25JUL25-90000-P,108877.31,sell,0.3,0.3,,,,,,1749568149.674
936,370821358,1749570511356,1,0.008,0.00809333,46.38,BTC-25JUL25-90000-P,108827.63,sell,0.1,0.1,,,,,,1749570511.356
937,370821363,1749570511516,1,0.008,0.00809333,46.38,BTC-25JUL25-90000-P,108827.63,sell,0.1,0.1,,,,,,1749570511.516
938,370821578,1749570751178,1,0.008,0.00810448,46.46,BTC-25JUL25-90000-P,108858.79,sell,9.8,9.8,,,,,,1749570751.178
939,370874823,1749612599291,2,0.0075,0.00720842,47.27,BTC-25JUL25-90000-P,109789.27,buy,0.1,0.1,,,,,,1749612599.291
940,370878931,1749621150852,3,0.0075,0.00721776,46.98,BTC-25JUL25-90000-P,109556.6,buy,0.1,0.1,,,,,,1749621150.852
941,370878943,1749621167061,3,0.0075,0.00721926,46.97,BTC-25JUL25-90000-P,109553.74,buy,0.1,0.1,,,,,,1749621167.061
942,370878947,1749621183678,3,0.0075,0.00722362,46.97,BTC-25JUL25-90000-P,109551.53,buy,0.1,0.1,,,,,,1749621183.678
943,370878954,1749621201336,3,0.0075,0.00722748,46.97,BTC-25JUL25-90000-P,109548.88,buy,0.1,0.1,,,,,,1749621201.336
944,370878961,1749621218611,3,0.0075,0.0072313,46.96,BTC-25JUL25-90000-P,109545.06,buy,0.1,0.1,,,,,,1749621218.611
945,370878975,1749621239238,3,0.0075,0.00722922,46.96,BTC-25JUL25-90000-P,109550.13,buy,0.1,0.1,,,,,,1749621239.238
946,370878995,1749621256705,3,0.0075,0.00724182,46.94,BTC-25JUL25-90000-P,109541.01,buy,0.1,0.1,,,,,,1749621256.705
947,370879462,1749622139368,3,0.0075,0.00724003,46.99,BTC-25JUL25-90000-P,109555.5,buy,0.1,0.1,,,,,,1749622139.368
948,370879486,1749622157118,3,0.0075,0.00722479,47.02,BTC-25JUL25-90000-P,109575.71,buy,0.1,0.1,,,,,,1749622157.118
952,370890731,1749633701814,3,0.007,0.00721402,46.12,BTC-25JUL25-90000-P,109541.01,sell,1.6,1.6,,,,,,1749633701.814
949,370890728,1749633701814,2,0.007,0.00721402,46.12,BTC-25JUL25-90000-P,109541.01,sell,0.3,0.3,,,,,,1749633701.814
951,370890730,1749633701814,3,0.007,0.00721402,46.12,BTC-25JUL25-90000-P,109541.01,sell,2.0,2.0,,,,,,1749633701.814
950,370890729,1749633701814,3,0.007,0.00721402,46.12,BTC-25JUL25-90000-P,109541.01,sell,0.1,0.1,,,,,,1749633701.814
953,370895461,1749640626912,3,0.007,0.0074147,45.7,BTC-25JUL25-90000-P,109275.82,sell,0.5,0.5,,,,,,1749640626.912
954,370898093,1749643607419,0,0.0075,0.00736897,46.5,BTC-25JUL25-90000-P,109196.73,buy,1.0,1.0,,,,,,1749643607.419
955,370910627,1749648442604,2,0.007,0.00713057,46.69,BTC-25JUL25-90000-P,109857.32,sell,2.0,2.0,,,,,,1749648442.604
956,370910736,1749648531619,0,0.0075,0.00715658,47.56,BTC-25JUL25-90000-P,109853.89,buy,0.5,0.5,,,,,,1749648531.619
957,370918274,1749651500041,2,0.007,0.0067978,47.22,BTC-25JUL25-90000-P,110186.2,sell,0.1,0.1,,,,,,1749651500.041
958,370930760,1749658004525,0,0.0075,0.00711081,47.36,BTC-25JUL25-90000-P,109664.46,buy,0.1,0.1,,,,,,1749658004.525
959,370991327,1749698471735,0,0.008,0.00790987,45.42,BTC-25JUL25-90000-P,107904.02,buy,0.1,0.1,,,,,,1749698471.735
960,370991328,1749698471735,1,0.008,0.00790987,45.42,BTC-25JUL25-90000-P,107904.02,buy,0.4,0.4,,,,,,1749698471.735
961,370994994,1749700398877,1,0.008,0.00795801,45.38,BTC-25JUL25-90000-P,107877.4,buy,0.1,0.1,,,,,,1749700398.877
962,370995199,1749700696768,0,0.0085,0.00798326,46.17,BTC-25JUL25-90000-P,107865.16,buy,0.1,0.1,,,,,,1749700696.768
963,370999982,1749703719153,2,0.0078,0.00810872,44.83,BTC-25JUL25-90000-P,107713.39,sell,250.0,250.0,4.0,BLOCK-204777,,,6075.0,1749703719.153
964,371005984,1749711436102,0,0.008,0.00804075,45.6,BTC-25JUL25-90000-P,107926.33,sell,0.2,0.2,,,,,,1749711436.102
965,371009419,1749714170080,1,0.008,0.008144,45.01,BTC-25JUL25-90000-P,107577.54,sell,1.0,1.0,,,,,,1749714170.08
966,371009926,1749714404230,0,0.0085,0.00816542,45.76,BTC-25JUL25-90000-P,107558.76,buy,0.1,0.1,,,,,,1749714404.23
967,371013428,1749715734244,2,0.008,0.00825672,44.86,BTC-25JUL25-90000-P,107507.93,sell,0.2,0.2,,,,,,1749715734.244
968,371013535,1749715780662,0,0.0085,0.00823932,45.7,BTC-25JUL25-90000-P,107526.87,buy,0.1,0.1,,,,,,1749715780.662
969,371021036,1749722496335,2,0.008,0.00824811,45.02,BTC-25JUL25-90000-P,107544.08,sell,0.1,0.1,,,,,,1749722496.335
970,371022190,1749723369553,0,0.0083,0.00836982,45.28,BTC-25JUL25-90000-P,107399.55,buy,2.0,2.0,,,371022189,BTC-PS-25JUL25-98000_90000,,1749723369.553
971,371022467,1749723421125,0,0.0084,0.00844222,45.34,BTC-25JUL25-90000-P,107344.99,buy,1.0,1.0,,,371022466,BTC-PS-25JUL25-98000_90000,,1749723421.125
972,371022673,1749723459124,2,0.0083,0.00834479,45.34,BTC-25JUL25-90000-P,107428.06,buy,1.0,1.0,,,371022672,BTC-PS-25JUL25-98000_90000,,1749723459.124
973,371027721,1749725163364,0,0.0085,0.00846593,45.43,BTC-25JUL25-90000-P,107293.14,buy,0.1,0.1,,,,,,1749725163.364
974,371027722,1749725163374,1,0.0085,0.00846593,45.43,BTC-25JUL25-90000-P,107293.14,sell,0.1,0.1,,,,,,1749725163.374
975,371060365,1749740596950,2,0.008,0.00811704,45.43,BTC-25JUL25-90000-P,107723.6,sell,0.1,0.1,,,,,,1749740596.95
976,371060366,1749740596999,3,0.008,0.00811704,45.43,BTC-25JUL25-90000-P,107723.6,buy,1.2,1.2,,,,,,1749740596.999
977,371060367,1749740597006,3,0.008,0.00811704,45.43,BTC-25JUL25-90000-P,107723.6,buy,0.7,0.7,,,,,,1749740597.006
978,371112066,1749761566577,0,0.009,0.00886709,44.26,BTC-25JUL25-90000-P,106082.19,buy,0.1,0.1,,,,,,1749761566.577
979,371124252,1749764646698,2,0.0085,0.008793,43.63,BTC-25JUL25-90000-P,106132.04,sell,0.5,0.5,,,,,,1749764646.698
980,371147748,1749771341383,3,0.0085,0.00886036,43.33,BTC-25JUL25-90000-P,105968.83,sell,0.1,0.1,,,,,,1749771341.383
981,371162854,1749773021519,0,0.01,0.01011063,43.34,BTC-25JUL25-90000-P,104715.21,buy,0.1,0.1,,,,,,1749773021.519
982,371166862,1749773244809,1,0.01,0.01001367,43.42,BTC-25JUL25-90000-P,104737.21,buy,0.1,0.1,,,,,,1749773244.809
983,371177567,1749774170255,0,0.011,0.01061625,44.31,BTC-25JUL25-90000-P,104494.64,buy,0.1,0.1,,,,,,1749774170.255
984,371177568,1749774170255,1,0.011,0.01061625,44.31,BTC-25JUL25-90000-P,104494.64,buy,14.4,14.4,,,,,,1749774170.255
986,371183255,1749774600906,1,0.012,0.01188461,44.3,BTC-25JUL25-90000-P,103804.82,buy,0.1,0.1,,,,,,1749774600.906
985,371183254,1749774600906,0,0.012,0.01188461,44.3,BTC-25JUL25-90000-P,103804.82,buy,0.3,0.3,,,,,,1749774600.906
988,371184425,1749774725968,1,0.012,0.01202091,44.42,BTC-25JUL25-90000-P,103877.58,sell,0.4,0.4,,,,,,1749774725.968
987,371184424,1749774725968,1,0.012,0.01202091,44.42,BTC-25JUL25-90000-P,103877.58,sell,0.6,0.6,,,,,,1749774725.968
990,371185447,1749774785274,1,0.0125,0.01251408,44.42,BTC-25JUL25-90000-P,103561.6,buy,0.1,0.1,,,,,,1749774785.274
989,371185446,1749774785274,0,0.0125,0.01251408,44.42,BTC-25JUL25-90000-P,103561.6,buy,0.3,0.3,,,,,,1749774785.274
992,371189494,1749775021326,1,0.013,0.01289222,44.66,BTC-25JUL25-90000-P,103398.09,buy,0.1,0.1,,,,,,1749775021.326
991,371189493,1749775021326,0,0.013,0.01289222,44.66,BTC-25JUL25-90000-P,103398.09,buy,0.3,0.3,,,,,,1749775021.326
993,371195986,1749775850872,2,0.012,0.01230361,44.66,BTC-25JUL25-90000-P,104001.75,sell,0.3,0.3,,,,,,1749775850.872
994,371196546,1749775932166,0,0.0125,0.01248503,45.07,BTC-25JUL25-90000-P,103888.44,buy,0.3,0.3,,,,,,1749775932.166
995,371200034,1749776481055,0,0.013,0.01293426,45.26,BTC-25JUL25-90000-P,103648.98,buy,0.3,0.3,,,,,,1749776481.055
996,371200365,1749776509381,0,0.0135,0.0132771,45.48,BTC-25JUL25-90000-P,103455.97,buy,0.3,0.3,,,,,,1749776509.381
997,371200366,1749776509381,1,0.0135,0.0132771,45.48,BTC-25JUL25-90000-P,103455.97,buy,0.1,0.1,,,,,,1749776509.381
998,371200367,1749776509388,1,0.0135,0.0132771,45.48,BTC-25JUL25-90000-P,103455.97,sell,2.0,2.0,,,,,,1749776509.388
999,371200368,1749776509400,1,0.0135,0.0132771,45.48,BTC-25JUL25-90000-P,103455.97,sell,1.5,1.5,,,,,,1749776509.4
1000,371200386,1749776517006,1,0.0135,0.01331069,45.48,BTC-25JUL25-90000-P,103455.38,sell,0.3,0.3,,,,,,1749776517.006
1001,371201916,1749776694652,0,0.014,0.01380116,45.77,BTC-25JUL25-90000-P,103288.99,buy,0.3,0.3,,,,,,1749776694.652
1002,371203721,1749776724869,1,0.014,0.01375245,45.89,BTC-25JUL25-90000-P,103356.61,sell,1.5,1.5,,,,,,1749776724.869
1003,371210783,1749777011816,0,0.0145,0.01438151,45.81,BTC-25JUL25-90000-P,103083.37,buy,0.3,0.3,,,,,,1749777011.816
1004,371225783,1749778422028,1,0.0145,0.01429241,46.31,BTC-25JUL25-90000-P,103292.99,buy,0.1,0.1,,,,,,1749778422.028
1005,371226061,1749778428334,2,0.014,0.01412234,45.94,BTC-25JUL25-90000-P,103398.82,buy,0.3,0.3,,,,,,1749778428.334
1006,371230716,1749779235319,2,0.0135,0.01355154,46.16,BTC-25JUL25-90000-P,103811.53,sell,1.6,1.6,,,,,,1749779235.319
1007,371230717,1749779235321,3,0.0135,0.01355154,46.16,BTC-25JUL25-90000-P,103811.53,buy,0.4,0.4,,,,,,1749779235.321
1008,371235401,1749780442963,0,0.014,0.01388146,46.44,BTC-25JUL25-90000-P,103662.33,sell,0.1,0.1,,,,,,1749780442.963
1009,371235769,1749780599923,1,0.014,0.01384629,46.49,BTC-25JUL25-90000-P,103698.87,buy,0.1,0.1,,,,,,1749780599.923
1010,371238771,1749781432552,2,0.0135,0.01357878,46.27,BTC-25JUL25-90000-P,103880.64,buy,0.3,0.3,,,,,,1749781432.552
1011,371242856,1749782588154,0,0.014,0.01421867,45.67,BTC-25JUL25-90000-P,103288.13,buy,0.1,0.1,,,,,,1749782588.154
1012,371243398,1749782628041,1,0.014,0.01421249,45.6,BTC-25JUL25-90000-P,103228.14,buy,0.2,0.2,,,,,,1749782628.041
1013,371245169,1749782881766,2,0.0135,0.01357685,45.72,BTC-25JUL25-90000-P,103611.94,sell,0.7,0.7,,,,,,1749782881.766
1014,371251632,1749785158728,2,0.0125,0.01249267,45.82,BTC-25JUL25-90000-P,104279.06,buy,0.1,0.1,,,,,,1749785158.728
1015,371259119,1749787175789,2,0.012,0.01205602,45.45,BTC-25JUL25-90000-P,104429.46,sell,0.1,0.1,,,,,,1749787175.789
1016,371272246,1749792001115,2,0.0115,0.01143731,44.83,BTC-25JUL25-90000-P,104390.55,buy,0.1,0.1,,,,,,1749792001.115
1017,371272247,1749792001115,3,0.0115,0.01143731,44.83,BTC-25JUL25-90000-P,104390.55,buy,7.4,7.4,,,,,,1749792001.115
1018,371281809,1749797302767,0,0.012,0.01176421,44.83,BTC-25JUL25-90000-P,103994.23,buy,1.0,1.0,,,,,,1749797302.767
1019,371297911,1749801431402,2,0.01,0.0101665,43.99,BTC-25JUL25-90000-P,104962.72,sell,0.3,0.3,,,,,,1749801431.402
1020,371315451,1749805341857,0,0.0105,0.01064292,44.21,BTC-25JUL25-90000-P,104787.15,sell,0.1,0.1,,,,,,1749805341.857
1021,371315452,1749805343501,1,0.0105,0.01062677,44.22,BTC-25JUL25-90000-P,104786.82,sell,0.1,0.1,,,,,,1749805343.501
1022,371315508,1749805344674,1,0.0105,0.01062546,44.22,BTC-25JUL25-90000-P,104785.98,sell,0.1,0.1,,,,,,1749805344.674
1023,371315956,1749805371651,1,0.0105,0.01071083,44.09,BTC-25JUL25-90000-P,104728.07,sell,0.1,0.1,,,,,,1749805371.651
1024,371315975,1749805373332,1,0.0105,0.01072559,44.06,BTC-25JUL25-90000-P,104710.5,sell,0.1,0.1,,,,,,1749805373.332
1025,371316230,1749805445708,1,0.0105,0.01072274,44.1,BTC-25JUL25-90000-P,104724.53,sell,0.2,0.2,,,,,,1749805445.708
1026,371331171,1749811058783,0,0.0115,0.01105008,45.59,BTC-25JUL25-90000-P,104768.71,buy,0.1,0.1,,,,,,1749811058.783
1027,371332566,1749811551152,2,0.011,0.01097869,45.08,BTC-25JUL25-90000-P,104859.89,sell,0.1,0.1,,,,,,1749811551.152
1028,371335093,1749812985988,2,0.01,0.01035198,44.12,BTC-25JUL25-90000-P,105078.03,sell,0.3,0.3,,,,,,1749812985.988
1030,371335675,1749813351302,3,0.01,0.0105174,43.89,BTC-25JUL25-90000-P,104952.73,sell,0.4,0.4,,,,,,1749813351.302
1029,371335674,1749813351302,3,0.01,0.0105174,43.89,BTC-25JUL25-90000-P,104952.73,sell,0.2,0.2,,,,,,1749813351.302
1031,371335676,1749813351302,3,0.01,0.0105174,43.89,BTC-25JUL25-90000-P,104952.73,sell,0.3,0.3,,,,,,1749813351.302
1032,371337828,1749814778070,0,0.0105,0.01075923,44.16,BTC-25JUL25-90000-P,104724.15,sell,0.1,0.1,,,,,,1749814778.07
1033,371348532,1749820619297,2,0.01,0.01042434,43.93,BTC-25JUL25-90000-P,104928.08,sell,1.0,1.0,,,,,,1749820619.297
1034,371348766,1749820713477,0,0.011,0.01060382,45.05,BTC-25JUL25-90000-P,104793.75,buy,0.2,0.2,,,,,,1749820713.477
1035,371350774,1749821485741,2,0.0105,0.01033424,44.79,BTC-25JUL25-90000-P,105006.35,sell,0.1,0.1,,,,,,1749821485.741
1036,371354473,1749822563187,3,0.0105,0.01027346,44.92,BTC-25JUL25-90000-P,105080.25,buy,0.1,0.1,,,,,,1749822563.187
1037,371359670,1749823964551,0,0.0115,0.01105622,45.14,BTC-25JUL25-90000-P,104486.38,buy,0.2,0.2,,,,,,1749823964.551
1038,371364487,1749825013709,1,0.0115,0.01149583,44.52,BTC-25JUL25-90000-P,104169.18,buy,4.7,4.7,,,,,,1749825013.709
1040,371388447,1749833658962,3,0.01,0.00983399,45.34,BTC-25JUL25-90000-P,105671.54,buy,0.1,0.1,,,,,,1749833658.962
1039,371388446,1749833658962,2,0.01,0.00983399,45.34,BTC-25JUL25-90000-P,105671.54,buy,0.1,0.1,,,,,,1749833658.962
1041,371388448,1749833658962,3,0.01,0.00983399,45.34,BTC-25JUL25-90000-P,105671.54,buy,0.3,0.3,,,,,,1749833658.962
1042,371394995,1749836891329,0,0.0105,0.010608,44.66,BTC-25JUL25-90000-P,104977.13,buy,0.1,0.1,,,,,,1749836891.329
1043,371398455,1749838664395,0,0.011,0.01062461,45.46,BTC-25JUL25-90000-P,104991.5,buy,0.1,0.1,,,,,,1749838664.395
1044,371399503,1749839381292,1,0.011,0.01061929,45.56,BTC-25JUL25-90000-P,105045.1,buy,0.1,0.1,,,,,,1749839381.292
1045,371401586,1749840235706,0,0.0115,0.011005,45.79,BTC-25JUL25-90000-P,104822.84,buy,0.2,0.2,,,,,,1749840235.706
1047,371402557,1749840536796,3,0.011,0.01073594,45.52,BTC-25JUL25-90000-P,105042.89,buy,0.1,0.1,,,,,,1749840536.796
1046,371402556,1749840536796,2,0.011,0.01073594,45.52,BTC-25JUL25-90000-P,105042.89,buy,0.1,0.1,,,,,,1749840536.796
1048,371403847,1749841140667,3,0.011,0.01066942,45.72,BTC-25JUL25-90000-P,105136.63,buy,0.1,0.1,,,,,,1749841140.667
1049,371404716,1749841646387,3,0.011,0.01066035,45.86,BTC-25JUL25-90000-P,105205.33,buy,0.1,0.1,,,,,,1749841646.387
1050,371405152,1749841994262,3,0.011,0.01050165,46.1,BTC-25JUL25-90000-P,105338.9,buy,0.1,0.1,,,,,,1749841994.262
1051,371413390,1749848234838,2,0.01,0.01028232,45.04,BTC-25JUL25-90000-P,105468.95,sell,0.2,0.2,,,,,,1749848234.838
1052,371413422,1749848286007,3,0.01,0.01026547,45.06,BTC-25JUL25-90000-P,105477.43,sell,0.2,0.2,,,,,,1749848286.007
1053,371442216,1749866150777,2,0.0095,0.00968842,44.57,BTC-25JUL25-90000-P,105502.86,sell,0.1,0.1,,,,,,1749866150.777
1054,371452843,1749884554142,0,0.0105,0.01008175,45.41,BTC-25JUL25-90000-P,105144.47,buy,2.0,2.0,,,,,,1749884554.142
1055,371456163,1749886510260,1,0.0105,0.0103437,45.33,BTC-25JUL25-90000-P,105084.16,buy,0.1,0.1,,,,,,1749886510.26
1056,371456164,1749886510263,1,0.0105,0.0103437,45.33,BTC-25JUL25-90000-P,105084.16,sell,0.9,0.9,,,,,,1749886510.263
1057,371468399,1749901396882,2,0.01,0.01031758,44.58,BTC-25JUL25-90000-P,105046.24,sell,0.1,0.1,,,,,,1749901396.882
1059,371471993,1749908637479,3,0.01,0.0104455,44.57,BTC-25JUL25-90000-P,105038.42,sell,4.8,4.8,,,,,,1749908637.479
1058,371471992,1749908637479,3,0.01,0.0104455,44.57,BTC-25JUL25-90000-P,105038.42,sell,1.2,1.2,,,,,,1749908637.479
1061,371472003,1749908710569,3,0.01,0.01044082,44.57,BTC-25JUL25-90000-P,105040.51,sell,4.9,4.9,,,,,,1749908710.569
1060,371472002,1749908710569,3,0.01,0.01044082,44.57,BTC-25JUL25-90000-P,105040.51,sell,1.1,1.1,,,,,,1749908710.569
1064,371472069,1749908784283,3,0.01,0.01051313,44.46,BTC-25JUL25-90000-P,104982.34,sell,1.1,1.1,,,,,,1749908784.283
1063,371472068,1749908784283,3,0.01,0.01051313,44.46,BTC-25JUL25-90000-P,104982.34,sell,0.4,0.4,,,,,,1749908784.283
1065,371472070,1749908784283,3,0.01,0.01051313,44.46,BTC-25JUL25-90000-P,104982.34,sell,2.9,2.9,,,,,,1749908784.283
1062,371472067,1749908784283,3,0.01,0.01051313,44.46,BTC-25JUL25-90000-P,104982.34,sell,1.6,1.6,,,,,,1749908784.283
1066,371472102,1749908852663,3,0.01,0.0104936,44.47,BTC-25JUL25-90000-P,104991.82,sell,6.0,6.0,,,,,,1749908852.663
1069,371472107,1749908900472,3,0.01,0.01049611,44.46,BTC-25JUL25-90000-P,104984.1,sell,0.4,0.4,,,,,,1749908900.472
1070,371472108,1749908900472,3,0.01,0.01049611,44.46,BTC-25JUL25-90000-P,104984.1,sell,3.6,3.6,,,,,,1749908900.472
1068,371472106,1749908900472,3,0.01,0.01049611,44.46,BTC-25JUL25-90000-P,104984.1,sell,0.4,0.4,,,,,,1749908900.472
1067,371472105,1749908900472,3,0.01,0.01049611,44.46,BTC-25JUL25-90000-P,104984.1,sell,1.6,1.6,,,,,,1749908900.472
1072,371472118,1749908949875,3,0.01,0.01047607,44.49,BTC-25JUL25-90000-P,104997.15,sell,4.4,4.4,,,,,,1749908949.875
1071,371472117,1749908949875,3,0.01,0.01047607,44.49,BTC-25JUL25-90000-P,104997.15,sell,1.6,1.6,,,,,,1749908949.875
1073,371475102,1749915808013,0,0.0105,0.01045917,44.78,BTC-25JUL25-90000-P,104747.08,buy,0.1,0.1,,,,,,1749915808.013
1074,371475205,1749915824283,1,0.0105,0.0105084,44.76,BTC-25JUL25-90000-P,104736.99,sell,0.1,0.1,,,,,,1749915824.283
1075,371475234,1749915840936,1,0.0105,0.01052492,44.73,BTC-25JUL25-90000-P,104724.55,sell,0.1,0.1,,,,,,1749915840.936
1076,371475322,1749915858370,1,0.0105,0.01050414,44.78,BTC-25JUL25-90000-P,104737.38,sell,0.1,0.1,,,,,,1749915858.37
1077,371475411,1749915921838,1,0.0105,0.010464,44.8,BTC-25JUL25-90000-P,104746.61,sell,0.1,0.1,,,,,,1749915921.838
1078,371475422,1749915938073,1,0.0105,0.01049263,44.77,BTC-25JUL25-90000-P,104734.19,sell,0.1,0.1,,,,,,1749915938.073
1079,371475428,1749915954703,1,0.0105,0.01049865,44.77,BTC-25JUL25-90000-P,104733.63,sell,0.1,0.1,,,,,,1749915954.703
1080,371475438,1749915971916,1,0.0105,0.01047587,44.79,BTC-25JUL25-90000-P,104744.37,sell,0.1,0.1,,,,,,1749915971.916
1081,371475802,1749916105557,0,0.011,0.01040541,45.62,BTC-25JUL25-90000-P,104813.35,buy,0.1,0.1,,,,,,1749916105.557
1082,371475809,1749916142660,2,0.0105,0.01040442,44.94,BTC-25JUL25-90000-P,104827.47,buy,0.1,0.1,,,,,,1749916142.66
1083,371495965,1749936441437,2,0.01,0.01031386,44.97,BTC-25JUL25-90000-P,105184.51,sell,0.5,0.5,,,,,,1749936441.437
1084,371499601,1749938388578,3,0.01,0.01004373,45.42,BTC-25JUL25-90000-P,105377.66,buy,0.1,0.1,,,,,,1749938388.578
1085,371507394,1749960057423,3,0.01,0.00979773,45.92,BTC-25JUL25-90000-P,105543.47,buy,0.1,0.1,,,,,,1749960057.423
1086,371507395,1749960057423,3,0.01,0.00979773,45.92,BTC-25JUL25-90000-P,105543.47,buy,0.2,0.2,,,,,,1749960057.423
1087,371507423,1749960410117,3,0.01,0.0098134,45.91,BTC-25JUL25-90000-P,105538.57,buy,0.1,0.1,,,,,,1749960410.117
1088,371507424,1749960410117,3,0.01,0.0098134,45.91,BTC-25JUL25-90000-P,105538.57,buy,0.8,0.8,,,,,,1749960410.117
1090,371507426,1749960427812,1,0.0105,0.00982819,46.64,BTC-25JUL25-90000-P,105539.77,buy,0.6,0.6,,,,,,1749960427.812
1091,371507427,1749960427812,1,0.0105,0.00982819,46.64,BTC-25JUL25-90000-P,105539.77,buy,2.9,2.9,,,,,,1749960427.812
1089,371507425,1749960427812,0,0.0105,0.00982819,46.64,BTC-25JUL25-90000-P,105539.77,buy,0.6,0.6,,,,,,1749960427.812
1095,371509614,1749966493529,3,0.009,0.00938878,45.27,BTC-25JUL25-90000-P,106003.57,sell,0.9,0.9,,,,,,1749966493.529
1093,371509612,1749966493529,3,0.009,0.00938878,45.27,BTC-25JUL25-90000-P,106003.57,sell,0.1,0.1,,,,,,1749966493.529
1094,371509613,1749966493529,3,0.009,0.00938878,45.27,BTC-25JUL25-90000-P,106003.57,sell,4.6,4.6,,,,,,1749966493.529
1092,371509611,1749966493529,2,0.009,0.00938878,45.27,BTC-25JUL25-90000-P,106003.57,sell,0.4,0.4,,,,,,1749966493.529
1096,371509637,1749966561910,3,0.009,0.00940716,45.26,BTC-25JUL25-90000-P,106002.43,sell,0.7,0.7,,,,,,1749966561.91
1098,371509639,1749966561910,3,0.009,0.00940716,45.26,BTC-25JUL25-90000-P,106002.43,sell,0.4,0.4,,,,,,1749966561.91
1099,371509640,1749966561910,3,0.009,0.00940716,45.26,BTC-25JUL25-90000-P,106002.43,sell,1.6,1.6,,,,,,1749966561.91
1097,371509638,1749966561910,3,0.009,0.00940716,45.26,BTC-25JUL25-90000-P,106002.43,sell,3.3,3.3,,,,,,1749966561.91
1101,371509716,1749966632123,3,0.009,0.00939947,45.29,BTC-25JUL25-90000-P,106016.54,sell,1.6,1.6,,,,,,1749966632.123
1100,371509715,1749966632123,3,0.009,0.00939947,45.29,BTC-25JUL25-90000-P,106016.54,sell,0.4,0.4,,,,,,1749966632.123
1103,371509718,1749966632123,3,0.009,0.00939947,45.29,BTC-25JUL25-90000-P,106016.54,sell,1.4,1.4,,,,,,1749966632.123
1104,371509719,1749966632123,3,0.009,0.00939947,45.29,BTC-25JUL25-90000-P,106016.54,sell,2.2,2.2,,,,,,1749966632.123
1102,371509717,1749966632123,3,0.009,0.00939947,45.29,BTC-25JUL25-90000-P,106016.54,sell,0.4,0.4,,,,,,1749966632.123
1108,371509766,1749966685334,3,0.009,0.00942027,45.27,BTC-25JUL25-90000-P,106011.1,sell,3.6,3.6,,,,,,1749966685.334
1107,371509765,1749966685334,3,0.009,0.00942027,45.27,BTC-25JUL25-90000-P,106011.1,sell,0.4,0.4,,,,,,1749966685.334
1105,371509763,1749966685334,3,0.009,0.00942027,45.27,BTC-25JUL25-90000-P,106011.1,sell,1.6,1.6,,,,,,1749966685.334
1106,371509764,1749966685334,3,0.009,0.00942027,45.27,BTC-25JUL25-90000-P,106011.1,sell,0.4,0.4,,,,,,1749966685.334
1109,371509791,1749966729406,3,0.009,0.00942976,45.27,BTC-25JUL25-90000-P,106011.54,sell,1.2,1.2,,,,,,1749966729.406
1110,371509792,1749966729406,3,0.009,0.00942976,45.27,BTC-25JUL25-90000-P,106011.54,sell,1.6,1.6,,,,,,1749966729.406
1111,371509793,1749966729409,3,0.009,0.00942976,45.27,BTC-25JUL25-90000-P,106011.54,buy,3.2,3.2,,,,,,1749966729.409
1112,371509819,1749966782217,3,0.009,0.00942676,45.27,BTC-25JUL25-90000-P,106013.49,sell,1.6,1.6,,,,,,1749966782.217
1114,371509821,1749966782217,3,0.009,0.00942676,45.27,BTC-25JUL25-90000-P,106013.49,sell,0.4,0.4,,,,,,1749966782.217
1115,371509822,1749966782217,3,0.009,0.00942676,45.27,BTC-25JUL25-90000-P,106013.49,sell,1.5,1.5,,,,,,1749966782.217
1113,371509820,1749966782217,3,0.009,0.00942676,45.27,BTC-25JUL25-90000-P,106013.49,sell,2.5,2.5,,,,,,1749966782.217
1117,371512813,1749968559617,3,0.009,0.00965101,44.73,BTC-25JUL25-90000-P,105728.87,sell,0.4,0.4,,,,,,1749968559.617
1116,371512812,1749968559617,3,0.009,0.00965101,44.73,BTC-25JUL25-90000-P,105728.87,sell,0.4,0.4,,,,,,1749968559.617
1118,371512814,1749968559617,3,0.009,0.00965101,44.73,BTC-25JUL25-90000-P,105728.87,sell,9.2,9.2,,,,,,1749968559.617
1119,371514165,1749971010064,3,0.009,0.00950948,44.4,BTC-25JUL25-90000-P,105500.63,sell,0.3,0.3,,,,,,1749971010.064
1120,371515386,1749972201321,0,0.0095,0.00953229,44.98,BTC-25JUL25-90000-P,105417.66,buy,2.0,2.0,,,,,,1749972201.321
1121,371547979,1750018590136,0,0.011,0.01067939,46.66,BTC-25JUL25-90000-P,105047.2,buy,0.2,0.2,,,,,,1750018590.136
1122,371548322,1750019103018,2,0.0105,0.01074121,45.9,BTC-25JUL25-90000-P,105008.73,sell,0.5,0.5,,,,,,1750019103.018
1123,371548500,1750019367218,0,0.011,0.01078541,46.55,BTC-25JUL25-90000-P,104983.28,buy,0.1,0.1,,,,,,1750019367.218
1124,371548811,1750019787422,2,0.0105,0.01074656,45.87,BTC-25JUL25-90000-P,105002.2,sell,0.1,0.1,,,,,,1750019787.422
1125,371549992,1750020314516,0,0.0115,0.01107628,46.73,BTC-25JUL25-90000-P,104722.15,buy,0.3,0.3,,,,,,1750020314.516
1126,371550711,1750020504934,1,0.0115,0.01108366,46.69,BTC-25JUL25-90000-P,104708.92,buy,0.1,0.1,,,,,,1750020504.934
1127,371551964,1750021056009,1,0.0115,0.01102263,46.79,BTC-25JUL25-90000-P,104757.18,buy,0.1,0.1,,,,,,1750021056.009
1128,371552924,1750021601140,1,0.0115,0.01102819,46.76,BTC-25JUL25-90000-P,104738.47,buy,0.1,0.1,,,,,,1750021601.14
1130,371554099,1750021955352,1,0.0115,0.01130626,46.37,BTC-25JUL25-90000-P,104548.9,buy,0.2,0.2,,,,,,1750021955.352
1129,371554098,1750021955352,1,0.0115,0.01130626,46.37,BTC-25JUL25-90000-P,104548.9,buy,0.1,0.1,,,,,,1750021955.352
1131,371554679,1750022485185,2,0.011,0.01106551,45.91,BTC-25JUL25-90000-P,104664.25,buy,0.1,0.1,,,,,,1750022485.185
1132,371554690,1750022515819,0,0.0115,0.01106921,46.6,BTC-25JUL25-90000-P,104662.95,buy,0.1,0.1,,,,,,1750022515.819
1133,371554978,1750022675221,2,0.011,0.0108893,46.17,BTC-25JUL25-90000-P,104782.77,buy,0.1,0.1,,,,,,1750022675.221
1134,371555001,1750022705920,0,0.0115,0.01090735,46.86,BTC-25JUL25-90000-P,104780.08,buy,0.1,0.1,,,,,,1750022705.92
1135,371555287,1750022912987,1,0.0115,0.01090529,46.87,BTC-25JUL25-90000-P,104779.31,buy,0.4,0.4,,,,,,1750022912.987
1136,371555288,1750022912987,1,0.0115,0.01090529,46.87,BTC-25JUL25-90000-P,104779.31,buy,0.1,0.1,,,,,,1750022912.987
1137,371559974,1750025486633,2,0.0106,0.010705,46.3,BTC-25JUL25-90000-P,105121.6,buy,0.1,0.1,,,371559972,BTC-STRG-25JUL25-90000_122000,,1750025486.633
1138,371570145,1750036476265,2,0.01,0.01018005,45.63,BTC-25JUL25-90000-P,105142.62,buy,0.1,0.1,,,,,,1750036476.265
1139,371576253,1750043509706,2,0.0095,0.00931751,46.24,BTC-25JUL25-90000-P,105841.07,buy,0.1,0.1,,,,,,1750043509.706
1140,371576254,1750043509706,3,0.0095,0.00931751,46.24,BTC-25JUL25-90000-P,105841.07,buy,0.9,0.9,,,,,,1750043509.706
1141,371578550,1750047689818,2,0.009,0.0089409,45.9,BTC-25JUL25-90000-P,106040.31,sell,0.1,0.1,,,,,,1750047689.818
1142,371583022,1750050094159,2,0.0085,0.00839092,45.9,BTC-25JUL25-90000-P,106436.21,sell,0.1,0.1,,,,,,1750050094.159
1143,371588753,1750055368629,2,0.008,0.0080702,45.63,BTC-25JUL25-90000-P,106717.32,sell,0.1,0.1,,,,,,1750055368.629
1146,371588757,1750055372703,3,0.0075,0.00806906,44.78,BTC-25JUL25-90000-P,106717.25,sell,5.1,5.1,,,,,,1750055372.703
1144,371588755,1750055372703,2,0.0075,0.00806906,44.78,BTC-25JUL25-90000-P,106717.25,sell,0.4,0.4,,,,,,1750055372.703
1145,371588756,1750055372703,3,0.0075,0.00806906,44.78,BTC-25JUL25-90000-P,106717.25,sell,0.4,0.4,,,,,,1750055372.703
1147,371588895,1750055433365,3,0.0075,0.00809021,44.73,BTC-25JUL25-90000-P,106692.34,sell,6.0,6.0,,,,,,1750055433.365
1148,371588939,1750055487760,0,0.008,0.00812027,45.52,BTC-25JUL25-90000-P,106660.17,sell,0.3,0.3,,,,,,1750055487.76
1149,371588940,1750055491524,2,0.0075,0.00811774,44.67,BTC-25JUL25-90000-P,106661.08,sell,5.7,5.7,,,,,,1750055491.524
1150,371603550,1750066056706,2,0.007,0.0075291,44.47,BTC-25JUL25-90000-P,107005.0,sell,0.1,0.1,,,,,,1750066056.706
1151,371605390,1750068156707,3,0.007,0.00749406,44.4,BTC-25JUL25-90000-P,106948.88,sell,0.1,0.1,,,,,,1750068156.707
1152,371615367,1750076614257,0,0.0075,0.00751261,45.05,BTC-25JUL25-90000-P,106808.5,sell,0.2,0.2,,,,,,1750076614.257
1153,371615368,1750076614272,1,0.0075,0.00751261,45.05,BTC-25JUL25-90000-P,106808.5,buy,0.4,0.4,,,,,,1750076614.272
1154,371615369,1750076618321,2,0.007,0.00751271,44.17,BTC-25JUL25-90000-P,106806.63,sell,0.5,0.5,,,,,,1750076618.321
1155,371615370,1750076618321,3,0.007,0.00751271,44.17,BTC-25JUL25-90000-P,106806.63,sell,7.9,7.9,,,,,,1750076618.321
1156,371615480,1750076675718,0,0.0075,0.00755184,44.98,BTC-25JUL25-90000-P,106767.85,buy,9.0,9.0,,,,,,1750076675.718
1157,371615545,1750076729266,1,0.0075,0.00756138,44.95,BTC-25JUL25-90000-P,106754.24,sell,0.3,0.3,,,,,,1750076729.266
1158,371615546,1750076729272,1,0.0075,0.00756138,44.95,BTC-25JUL25-90000-P,106754.24,buy,0.6,0.6,,,,,,1750076729.272
1159,371615548,1750076733297,2,0.007,0.00756451,44.06,BTC-25JUL25-90000-P,106750.25,sell,8.1,8.1,,,,,,1750076733.297
1160,371648033,1750092064481,3,0.007,0.00703127,45.88,BTC-25JUL25-90000-P,107743.66,sell,0.1,0.1,,,,,,1750092064.481
1161,371648036,1750092064791,3,0.007,0.00703127,45.88,BTC-25JUL25-90000-P,107743.66,sell,0.2,0.2,,,,,,1750092064.791
1162,371648051,1750092064956,3,0.007,0.00703127,45.88,BTC-25JUL25-90000-P,107743.66,sell,0.1,0.1,,,,,,1750092064.956
1163,371648062,1750092065774,3,0.007,0.00703156,45.91,BTC-25JUL25-90000-P,107761.31,sell,0.1,0.1,,,,,,1750092065.774
1164,371648064,1750092065864,3,0.007,0.00703156,45.91,BTC-25JUL25-90000-P,107761.31,sell,0.1,0.1,,,,,,1750092065.864
1165,371661834,1750099300833,2,0.0065,0.00642176,45.61,BTC-25JUL25-90000-P,108127.78,buy,0.1,0.1,,,,,,1750099300.833
1166,371661835,1750099300836,3,0.0065,0.00642176,45.61,BTC-25JUL25-90000-P,108127.78,sell,0.9,0.9,,,,,,1750099300.836
1167,371729776,1750122202216,0,0.007,0.00741633,45.19,BTC-25JUL25-90000-P,107192.55,sell,0.5,0.5,,,,,,1750122202.216
1168,371734997,1750126780365,0,0.0075,0.00740759,45.49,BTC-25JUL25-90000-P,106849.43,buy,0.1,0.1,,,,,,1750126780.365
1169,371771821,1750153169834,0,0.008,0.00796388,45.16,BTC-25JUL25-90000-P,106163.01,buy,0.1,0.1,,,,,,1750153169.834
1170,371771822,1750153169837,1,0.008,0.00796388,45.16,BTC-25JUL25-90000-P,106163.01,sell,0.4,0.4,,,,,,1750153169.837
1171,371783606,1750160362964,0,0.0085,0.00838001,45.16,BTC-25JUL25-90000-P,105647.1,buy,0.1,0.1,,,,,,1750160362.964
1172,371783876,1750160471574,1,0.0085,0.00848701,45.0,BTC-25JUL25-90000-P,105573.11,sell,0.5,0.5,,,,,,1750160471.574
1173,371796050,1750165687072,1,0.0085,0.00847048,45.0,BTC-25JUL25-90000-P,105520.91,buy,0.1,0.1,,,,,,1750165687.072
1174,371797733,1750166656853,1,0.0085,0.00847119,45.1,BTC-25JUL25-90000-P,105582.26,buy,0.1,0.1,,,,,,1750166656.853
1175,371797831,1750166791986,1,0.0085,0.00848336,45.09,BTC-25JUL25-90000-P,105578.15,sell,0.3,0.3,,,,,,1750166791.986
1176,371803184,1750168628394,0,0.009,0.00858953,45.57,BTC-25JUL25-90000-P,105388.51,buy,50.0,50.0,2.0,BLOCK-205696,,BTC-RR-25JUL25-90000_125000,6446.0,1750168628.394
1177,371805022,1750169177662,1,0.009,0.00902857,44.84,BTC-25JUL25-90000-P,105036.98,sell,0.3,0.3,,,,,,1750169177.662
1178,371805023,1750169177664,1,0.009,0.00902857,44.84,BTC-25JUL25-90000-P,105036.98,sell,0.2,0.2,,,,,,1750169177.664
1179,371811163,1750171282796,1,0.009,0.00908744,44.81,BTC-25JUL25-90000-P,104988.61,sell,0.4,0.4,,,,,,1750171282.796
1180,371811166,1750171282801,1,0.009,0.00908744,44.81,BTC-25JUL25-90000-P,104988.61,sell,0.1,0.1,,,,,,1750171282.801
1181,371823181,1750174027943,0,0.01,0.00963177,45.21,BTC-25JUL25-90000-P,104393.85,buy,0.6,0.6,,,,,,1750174027.943
1182,371823182,1750174027943,1,0.01,0.00963177,45.21,BTC-25JUL25-90000-P,104393.85,buy,0.4,0.4,,,,,,1750174027.943
1183,371829448,1750175136156,2,0.0095,0.00948052,44.74,BTC-25JUL25-90000-P,104561.35,sell,0.1,0.1,,,,,,1750175136.156
1184,371829490,1750175145119,3,0.0095,0.00944466,44.8,BTC-25JUL25-90000-P,104593.04,sell,1.0,1.0,,,,,,1750175145.119
1185,371829511,1750175156746,3,0.0095,0.00947858,44.75,BTC-25JUL25-90000-P,104555.71,sell,0.2,0.2,,,,,,1750175156.746
1186,371842921,1750177812052,0,0.01,0.00993057,44.77,BTC-25JUL25-90000-P,104181.58,sell,0.1,0.1,,,,,,1750177812.052
1187,371844271,1750178145270,1,0.01,0.00984029,44.97,BTC-25JUL25-90000-P,104271.99,buy,0.1,0.1,,,,,,1750178145.27
1188,371845765,1750178625923,1,0.01,0.00972781,45.18,BTC-25JUL25-90000-P,104388.06,buy,0.1,0.1,,,,,,1750178625.923
1189,371846271,1750178688729,1,0.01,0.00998907,44.78,BTC-25JUL25-90000-P,104174.08,buy,0.2,0.2,,,,,,1750178688.729
1190,371849320,1750179004035,0,0.0105,0.01044656,44.8,BTC-25JUL25-90000-P,103823.03,sell,0.3,0.3,,,,,,1750179004.035
1191,371850905,1750179155807,0,0.011,0.01063106,45.3,BTC-25JUL25-90000-P,103712.24,buy,0.6,0.6,,,,,,1750179155.807
1192,371850906,1750179155807,1,0.011,0.01063106,45.3,BTC-25JUL25-90000-P,103712.24,buy,0.4,0.4,,,,,,1750179155.807
1193,371852634,1750179308147,1,0.011,0.01090347,45.0,BTC-25JUL25-90000-P,103581.54,sell,0.3,0.3,,,,,,1750179308.147
1194,371852635,1750179308159,1,0.011,0.01090347,45.0,BTC-25JUL25-90000-P,103581.54,sell,0.2,0.2,,,,,,1750179308.159
1195,371852757,1750179322526,1,0.011,0.01082588,45.11,BTC-25JUL25-90000-P,103630.18,buy,0.1,0.1,,,,,,1750179322.526
1196,371853850,1750179433939,0,0.0115,0.01097784,45.63,BTC-25JUL25-90000-P,103555.46,buy,0.2,0.2,,,,,,1750179433.939
1197,371859660,1750180039458,2,0.011,0.01135226,44.62,BTC-25JUL25-90000-P,103410.93,sell,1.8,1.8,,,,,,1750180039.458
1198,371859661,1750180039458,3,0.011,0.01135226,44.62,BTC-25JUL25-90000-P,103410.93,sell,18.2,18.2,,,,,,1750180039.458
1199,371860265,1750180101641,3,0.011,0.01103433,45.1,BTC-25JUL25-90000-P,103627.31,sell,0.3,0.3,,,,,,1750180101.641
1200,371860304,1750180111736,3,0.011,0.01101137,45.1,BTC-25JUL25-90000-P,103619.66,sell,0.3,0.3,,,,,,1750180111.736
1201,371860404,1750180131305,0,0.0115,0.01100207,45.81,BTC-25JUL25-90000-P,103643.38,buy,0.1,0.1,,,,,,1750180131.305
1202,371860405,1750180131305,1,0.0115,0.01100207,45.81,BTC-25JUL25-90000-P,103643.38,buy,0.2,0.2,,,,,,1750180131.305
1203,371862429,1750180432258,2,0.011,0.01103641,45.15,BTC-25JUL25-90000-P,103674.98,buy,0.5,0.5,,,,,,1750180432.258
1204,371863249,1750180603130,0,0.0115,0.0109897,45.91,BTC-25JUL25-90000-P,103698.83,buy,0.2,0.2,,,,,,1750180603.13
1205,371866969,1750181604894,2,0.011,0.01041642,46.26,BTC-25JUL25-90000-P,104183.24,buy,0.1,0.1,,,,,,1750181604.894
1206,371867732,1750181663847,2,0.01,0.01028014,44.95,BTC-25JUL25-90000-P,104249.01,sell,0.1,0.1,,,,,,1750181663.847
1207,371868498,1750181745201,0,0.011,0.01048062,46.1,BTC-25JUL25-90000-P,104109.78,buy,0.1,0.1,,,,,,1750181745.201
1208,371869052,1750181885136,1,0.011,0.01063835,45.87,BTC-25JUL25-90000-P,103975.23,buy,0.1,0.1,,,,,,1750181885.136
1209,371869907,1750182039957,1,0.011,0.01058515,45.98,BTC-25JUL25-90000-P,104020.78,buy,0.3,0.3,,,,,,1750182039.957
1210,371873793,1750183043097,2,0.0099,0.01055677,44.19,BTC-25JUL25-90000-P,103912.19,sell,1000.0,1000.0,4.0,BLOCK-205755,,,,1750183043.097
1212,371875914,1750183679844,1,0.011,0.01056894,45.74,BTC-25JUL25-90000-P,103900.08,buy,0.2,0.2,,,,,,1750183679.844
1211,371875913,1750183679844,0,0.011,0.01056894,45.74,BTC-25JUL25-90000-P,103900.08,buy,0.6,0.6,,,,,,1750183679.844
1213,371875915,1750183679844,1,0.011,0.01056894,45.74,BTC-25JUL25-90000-P,103900.08,buy,0.2,0.2,,,,,,1750183679.844
1214,371876816,1750183957767,2,0.0105,0.01046628,45.17,BTC-25JUL25-90000-P,103957.13,buy,0.1,0.1,,,,,,1750183957.767
1215,371879595,1750185532726,2,0.01,0.01035772,44.59,BTC-25JUL25-90000-P,104017.33,sell,0.3,0.3,,,,,,1750185532.726
1216,371896848,1750192005364,2,0.0095,0.0095245,44.91,BTC-25JUL25-90000-P,104576.26,sell,0.4,0.4,,,,,,1750192005.364
1217,371896849,1750192017048,3,0.0095,0.00950497,44.94,BTC-25JUL25-90000-P,104595.22,sell,0.5,0.5,,,,,,1750192017.048
1218,371899462,1750194292155,0,0.01,0.00951765,45.33,BTC-25JUL25-90000-P,104425.87,buy,5.0,5.0,,,,,,1750194292.155
1219,371915408,1750207281674,2,0.009,0.00916706,44.58,BTC-25JUL25-90000-P,104769.88,sell,0.1,0.1,,,,,,1750207281.674
1221,371927135,1750220583782,3,0.0085,0.00859179,44.84,BTC-25JUL25-90000-P,105259.06,sell,0.5,0.5,,,,,,1750220583.782
1220,371927134,1750220583782,2,0.0085,0.00859179,44.84,BTC-25JUL25-90000-P,105259.06,sell,0.2,0.2,,,,,,1750220583.782
1222,371930660,1750223938744,3,0.0085,0.00846634,45.2,BTC-25JUL25-90000-P,105450.24,buy,0.2,0.2,,,,,,1750223938.744
1223,371930808,1750224058318,3,0.0085,0.00849881,45.16,BTC-25JUL25-90000-P,105436.54,sell,0.1,0.1,,,,,,1750224058.318
1224,371930809,1750224058726,3,0.0085,0.00849881,45.16,BTC-25JUL25-90000-P,105436.54,sell,0.2,0.2,,,,,,1750224058.726
1225,371934892,1750228305317,3,0.0085,0.0086348,44.84,BTC-25JUL25-90000-P,105247.39,buy,0.3,0.3,,,,,,1750228305.317
1226,371938469,1750230670570,3,0.0085,0.00893779,44.04,BTC-25JUL25-90000-P,104818.84,sell,0.2,0.2,,,,,,1750230670.57
1227,371954568,1750240772385,0,0.009,0.00886347,44.64,BTC-25JUL25-90000-P,104701.52,buy,0.1,0.1,,,,,,1750240772.385
1228,371954574,1750240774176,1,0.009,0.00886351,44.64,BTC-25JUL25-90000-P,104701.71,sell,0.1,0.1,,,,,,1750240774.176
1229,371954575,1750240776468,1,0.009,0.00886424,44.64,BTC-25JUL25-90000-P,104702.5,buy,0.1,0.1,,,,,,1750240776.468
1230,371954576,1750240778668,1,0.009,0.00886453,44.64,BTC-25JUL25-90000-P,104703.47,buy,0.1,0.1,,,,,,1750240778.668
1231,371954577,1750240780351,1,0.009,0.00886376,44.64,BTC-25JUL25-90000-P,104706.75,buy,0.1,0.1,,,,,,1750240780.351
1232,371968051,1750248691182,1,0.009,0.00900474,44.93,BTC-25JUL25-90000-P,104840.87,sell,0.1,0.1,,,,,,1750248691.182
1233,372001525,1750257873238,2,0.008,0.00849753,43.86,BTC-25JUL25-90000-P,105113.57,sell,0.3,0.3,,,,,,1750257873.238
1234,372008362,1750260209566,0,0.0095,0.00894893,45.19,BTC-25JUL25-90000-P,104577.3,buy,0.1,0.1,,,,,,1750260209.566
1235,372034014,1750271396288,2,0.0085,0.00856044,43.17,BTC-25JUL25-90000-P,104251.98,sell,0.2,0.2,,,,,,1750271396.288
1236,372069652,1750283722750,2,0.008,0.00800294,43.98,BTC-25JUL25-90000-P,105116.94,sell,2.7,2.7,,,,,,1750283722.75
1237,372069941,1750283848675,3,0.008,0.00804525,43.89,BTC-25JUL25-90000-P,105073.41,buy,0.1,0.1,,,,,,1750283848.675
1238,372070342,1750284088203,3,0.008,0.00796802,43.98,BTC-25JUL25-90000-P,105124.15,buy,0.1,0.1,,,,,,1750284088.203
1239,372070343,1750284088209,3,0.008,0.00796802,43.98,BTC-25JUL25-90000-P,105124.15,sell,0.3,0.3,,,,,,1750284088.209
1240,372070344,1750284088212,3,0.008,0.00796802,43.98,BTC-25JUL25-90000-P,105124.15,sell,1.5,1.5,,,,,,1750284088.212
1241,372070345,1750284088215,3,0.008,0.00796802,43.98,BTC-25JUL25-90000-P,105124.15,sell,1.3,1.3,,,,,,1750284088.215
1242,372070346,1750284088217,3,0.008,0.00796802,43.98,BTC-25JUL25-90000-P,105124.15,sell,1.4,1.4,,,,,,1750284088.217
1243,372070347,1750284088219,3,0.008,0.00796802,43.98,BTC-25JUL25-90000-P,105124.15,sell,0.9,0.9,,,,,,1750284088.219
1245,372070371,1750284100450,1,0.0085,0.00795821,44.84,BTC-25JUL25-90000-P,105139.48,buy,2.1,2.1,,,,,,1750284100.45
1246,372070372,1750284100450,1,0.0085,0.00795821,44.84,BTC-25JUL25-90000-P,105139.48,buy,1.4,1.4,,,,,,1750284100.45
1244,372070370,1750284100450,0,0.0085,0.00795821,44.84,BTC-25JUL25-90000-P,105139.48,buy,1.0,1.0,,,,,,1750284100.45
1247,372071327,1750284515834,2,0.008,0.00803926,43.92,BTC-25JUL25-90000-P,105091.89,buy,0.1,0.1,,,,,,1750284515.834
1248,372071328,1750284515973,3,0.008,0.00803926,43.92,BTC-25JUL25-90000-P,105091.89,buy,0.1,0.1,,,,,,1750284515.973
1249,372073765,1750288273581,3,0.008,0.00806409,43.63,BTC-25JUL25-90000-P,104907.34,sell,0.3,0.3,,,,,,1750288273.581
1250,372079314,1750293010542,3,0.008,0.00797274,44.01,BTC-25JUL25-90000-P,105073.17,buy,0.2,0.2,,,,,,1750293010.542
1251,372081397,1750294748059,0,0.0085,0.00816838,44.63,BTC-25JUL25-90000-P,104994.0,buy,0.1,0.1,,,,,,1750294748.059
1252,372083617,1750295316293,0,0.009,0.00864127,44.66,BTC-25JUL25-90000-P,104608.52,buy,23.7,23.7,,,,,,1750295316.293
1253,372088814,1750298528895,1,0.009,0.00897404,44.61,BTC-25JUL25-90000-P,104592.99,buy,0.1,0.1,,,,,,1750298528.895
1254,372088815,1750298528916,1,0.009,0.00897404,44.61,BTC-25JUL25-90000-P,104592.99,buy,0.1,0.1,,,,,,1750298528.916
1255,372104108,1750314076574,2,0.008,0.00845689,43.39,BTC-25JUL25-90000-P,104719.53,sell,0.5,0.5,,,,,,1750314076.574
1256,372113602,1750321957401,0,0.0085,0.00856374,44.4,BTC-25JUL25-90000-P,104824.16,buy,0.1,0.1,,,,,,1750321957.401
1257,372130166,1750337177462,1,0.0085,0.00859424,44.29,BTC-25JUL25-90000-P,104696.22,buy,0.2,0.2,,,,,,1750337177.462
1258,372138494,1750342623562,0,0.0095,0.00895295,45.51,BTC-25JUL25-90000-P,104511.16,buy,0.2,0.2,,,,,,1750342623.562
1260,372147974,1750347309230,1,0.0095,0.00925459,44.93,BTC-25JUL25-90000-P,104215.01,buy,0.1,0.1,,,,,,1750347309.23
1259,372147973,1750347309230,1,0.0095,0.00925459,44.93,BTC-25JUL25-90000-P,104215.01,buy,0.1,0.1,,,,,,1750347309.23
1261,372148292,1750347449969,1,0.0095,0.00929926,44.85,BTC-25JUL25-90000-P,104173.52,buy,0.1,0.1,,,,,,1750347449.969
1262,372148626,1750347766501,1,0.0095,0.00927382,44.86,BTC-25JUL25-90000-P,104171.74,buy,0.1,0.1,,,,,,1750347766.501
1264,372178341,1750369538724,3,0.009,0.00885456,44.67,BTC-25JUL25-90000-P,104364.87,buy,0.3,0.3,,,,,,1750369538.724
1263,372178340,1750369538724,2,0.009,0.00885456,44.67,BTC-25JUL25-90000-P,104364.87,buy,0.1,0.1,,,,,,1750369538.724
1265,372178342,1750369538729,3,0.009,0.00885456,44.67,BTC-25JUL25-90000-P,104364.87,sell,1.6,1.6,,,,,,1750369538.729
1266,372184156,1750374073573,2,0.008,0.00855081,43.56,BTC-25JUL25-90000-P,104599.31,sell,0.1,0.1,,,,,,1750374073.573
1267,372187626,1750377103396,3,0.008,0.00847431,43.74,BTC-25JUL25-90000-P,104680.14,sell,0.3,0.3,,,,,,1750377103.396
1268,372190219,1750379473802,3,0.008,0.00851898,43.66,BTC-25JUL25-90000-P,104611.73,sell,0.1,0.1,,,,,,1750379473.802
1269,372203020,1750390800771,0,0.0085,0.00833934,44.65,BTC-25JUL25-90000-P,104639.9,buy,0.5,0.5,,,,,,1750390800.771
1271,372203081,1750390955701,1,0.0085,0.00834264,44.69,BTC-25JUL25-90000-P,104653.98,buy,0.1,0.1,,,,,,1750390955.701
1272,372203082,1750390955701,1,0.0085,0.00834264,44.69,BTC-25JUL25-90000-P,104653.98,buy,0.1,0.1,,,,,,1750390955.701
1270,372203080,1750390955701,1,0.0085,0.00834264,44.69,BTC-25JUL25-90000-P,104653.98,buy,0.5,0.5,,,,,,1750390955.701
1273,372205527,1750392976576,1,0.0085,0.00870512,44.51,BTC-25JUL25-90000-P,104572.53,sell,0.2,0.2,,,,,,1750392976.576
1274,372211370,1750397173572,1,0.0085,0.00879304,43.96,BTC-25JUL25-90000-P,104328.58,sell,0.2,0.2,,,,,,1750397173.572
1277,372221637,1750403793092,1,0.0085,0.00858171,44.98,BTC-25JUL25-90000-P,104857.68,sell,2.6,2.6,,,,,,1750403793.092
1275,372221635,1750403793092,1,0.0085,0.00858171,44.98,BTC-25JUL25-90000-P,104857.68,sell,1.6,1.6,,,,,,1750403793.092
1276,372221636,1750403793092,1,0.0085,0.00858171,44.98,BTC-25JUL25-90000-P,104857.68,sell,3.0,3.0,,,,,,1750403793.092
1278,372225971,1750404859694,2,0.008,0.00807795,45.12,BTC-25JUL25-90000-P,105318.13,sell,0.1,0.1,,,,,,1750404859.694
1279,372236899,1750406709782,2,0.0075,0.0075767,45.54,BTC-25JUL25-90000-P,105978.82,sell,2.0,2.0,,,,,,1750406709.782
1280,372253375,1750411493456,0,0.008,0.007786,46.3,BTC-25JUL25-90000-P,105877.01,buy,0.1,0.1,,,,,,1750411493.456
1281,372255962,1750413662637,2,0.0075,0.0077335,45.67,BTC-25JUL25-90000-P,105976.48,sell,1.7,1.7,,,,,,1750413662.637
1282,372256011,1750413705791,3,0.0075,0.00772856,45.68,BTC-25JUL25-90000-P,105981.76,sell,0.6,0.6,,,,,,1750413705.791
1283,372256036,1750413739311,3,0.0075,0.00772213,45.69,BTC-25JUL25-90000-P,105983.06,sell,2.1,2.1,,,,,,1750413739.311
1284,372256044,1750413749991,3,0.0075,0.00772051,45.7,BTC-25JUL25-90000-P,105988.76,sell,0.3,0.3,,,,,,1750413749.991
1285,372256063,1750413755259,3,0.0075,0.00771721,45.71,BTC-25JUL25-90000-P,105990.4,sell,0.1,0.1,,,,,,1750413755.259
1286,372256064,1750413755320,3,0.0075,0.00771721,45.71,BTC-25JUL25-90000-P,105990.4,sell,0.4,0.4,,,,,,1750413755.32
1287,372256078,1750413757220,3,0.0075,0.00771793,45.71,BTC-25JUL25-90000-P,105998.74,sell,0.2,0.2,,,,,,1750413757.22
1288,372256083,1750413757666,3,0.0075,0.00771412,45.72,BTC-25JUL25-90000-P,105998.74,sell,4.6,4.6,,,,,,1750413757.666
1289,372259478,1750415909739,2,0.007,0.00703871,44.9,BTC-25JUL25-90000-P,106081.1,buy,0.1,0.1,,,,,,1750415909.739
1290,372259479,1750415909748,3,0.007,0.00703871,44.9,BTC-25JUL25-90000-P,106081.1,buy,1.9,1.9,,,,,,1750415909.748
1292,372260207,1750416249038,1,0.0075,0.00705191,45.89,BTC-25JUL25-90000-P,106113.55,buy,1.0,1.0,,,,,,1750416249.038
1291,372260206,1750416249038,0,0.0075,0.00705191,45.89,BTC-25JUL25-90000-P,106113.55,buy,2.0,2.0,,,,,,1750416249.038
1293,372268747,1750422377666,2,0.007,0.00716548,44.8,BTC-25JUL25-90000-P,105964.83,sell,0.2,0.2,,,,,,1750422377.666
1294,372275284,1750426565729,3,0.007,0.00724678,44.74,BTC-25JUL25-90000-P,105917.33,sell,0.1,0.1,,,,,,1750426565.729
1295,372298437,1750431342456,0,0.0085,0.00842453,43.82,BTC-25JUL25-90000-P,104087.15,buy,0.1,0.1,,,,,,1750431342.456
1296,372298438,1750431342458,1,0.0085,0.00842453,43.82,BTC-25JUL25-90000-P,104087.15,sell,0.4,0.4,,,,,,1750431342.458
1298,372307944,1750432927328,3,0.0075,0.00796554,42.58,BTC-25JUL25-90000-P,104335.6,sell,9.7,9.7,,,,,,1750432927.328
1297,372307943,1750432927328,2,0.0075,0.00796554,42.58,BTC-25JUL25-90000-P,104335.6,sell,0.4,0.4,,,,,,1750432927.328
1299,372319788,1750436586089,0,0.0085,0.00813202,43.67,BTC-25JUL25-90000-P,104015.73,buy,0.5,0.5,,,,,,1750436586.089
1300,372330762,1750439786419,0,0.0095,0.00951278,44.02,BTC-25JUL25-90000-P,103478.1,buy,0.1,0.1,,,,,,1750439786.419
1301,372330763,1750439786419,1,0.0095,0.00951278,44.02,BTC-25JUL25-90000-P,103478.1,buy,0.1,0.1,,,,,,1750439786.419
1302,372333035,1750440037315,0,0.01,0.01012005,43.83,BTC-25JUL25-90000-P,103031.13,buy,1.0,1.0,,,,,,1750440037.315
1303,372339364,1750440977946,0,0.011,0.01077029,44.5,BTC-25JUL25-90000-P,102656.05,buy,0.1,0.1,,,,,,1750440977.946
1304,372339365,1750440977946,1,0.011,0.01077029,44.5,BTC-25JUL25-90000-P,102656.05,buy,0.1,0.1,,,,,,1750440977.946
1305,372339366,1750440977952,1,0.011,0.01077029,44.5,BTC-25JUL25-90000-P,102656.05,sell,2.8,2.8,,,,,,1750440977.952
1306,372342263,1750441334909,1,0.011,0.01083469,44.59,BTC-25JUL25-90000-P,102683.41,sell,1.0,1.0,,,,,,1750441334.909
1307,372344085,1750442021990,2,0.0105,0.01072592,44.28,BTC-25JUL25-90000-P,102863.28,sell,0.3,0.3,,,,,,1750442021.99
1309,372347100,1750443152114,3,0.0105,0.01014673,45.17,BTC-25JUL25-90000-P,103266.89,buy,1.9,1.9,,,,,,1750443152.114
1311,372347102,1750443152114,3,0.0105,0.01014673,45.17,BTC-25JUL25-90000-P,103266.89,buy,0.2,0.2,,,,,,1750443152.114
1310,372347101,1750443152114,3,0.0105,0.01014673,45.17,BTC-25JUL25-90000-P,103266.89,buy,0.6,0.6,,,,,,1750443152.114
1308,372347099,1750443152114,3,0.0105,0.01014673,45.17,BTC-25JUL25-90000-P,103266.89,buy,0.3,0.3,,,,,,1750443152.114
1312,372350375,1750445144057,2,0.01,0.01011111,44.44,BTC-25JUL25-90000-P,103259.31,sell,0.5,0.5,,,,,,1750445144.057
1313,372351780,1750446560041,3,0.01,0.01018965,44.21,BTC-25JUL25-90000-P,103173.55,sell,15.0,15.0,,,,,,1750446560.041
1314,372351781,1750446560053,3,0.01,0.01018965,44.21,BTC-25JUL25-90000-P,103173.55,buy,15.0,15.0,,,,,,1750446560.053
1315,372351782,1750446560063,3,0.01,0.01018965,44.21,BTC-25JUL25-90000-P,103173.55,buy,0.1,0.1,,,,,,1750446560.063
1316,372351824,1750446569377,3,0.01,0.01012332,44.19,BTC-25JUL25-90000-P,103166.19,buy,0.1,0.1,,,,,,1750446569.377
1317,372351825,1750446569480,3,0.01,0.01012332,44.19,BTC-25JUL25-90000-P,103166.19,buy,0.1,0.1,,,,,,1750446569.48
1318,372351918,1750446699531,3,0.01,0.00998643,44.05,BTC-25JUL25-90000-P,103109.57,buy,0.4,0.4,,,,,,1750446699.531
1319,372352283,1750446935405,3,0.01,0.00988985,43.96,BTC-25JUL25-90000-P,103035.38,buy,0.1,0.1,,,,,,1750446935.405
1321,372356972,1750449930368,3,0.009,0.0093676,43.47,BTC-25JUL25-90000-P,103512.87,sell,0.4,0.4,,,,,,1750449930.368
1322,372356973,1750449930368,3,0.009,0.0093676,43.47,BTC-25JUL25-90000-P,103512.87,sell,4.2,4.2,,,,,,1750449930.368
1320,372356971,1750449930368,2,0.009,0.0093676,43.47,BTC-25JUL25-90000-P,103512.87,sell,0.4,0.4,,,,,,1750449930.368
1323,372366630,1750457220247,0,0.0095,0.00964852,43.9,BTC-25JUL25-90000-P,103334.3,buy,0.1,0.1,,,,,,1750457220.247
1324,372370453,1750460727038,0,0.01,0.00980142,43.95,BTC-25JUL25-90000-P,103009.52,buy,4.2,4.2,,,,,,1750460727.038
1325,372371885,1750461984944,0,0.0105,0.01029688,45.06,BTC-25JUL25-90000-P,103215.04,sell,0.2,0.2,,,,,,1750461984.944
1326,372372346,1750462611613,1,0.0105,0.01036435,45.23,BTC-25JUL25-90000-P,103294.84,buy,0.1,0.1,,,,,,1750462611.613
1328,372387560,1750481337753,3,0.0095,0.00958924,44.01,BTC-25JUL25-90000-P,103392.95,sell,0.1,0.1,,,,,,1750481337.753
1327,372387559,1750481337753,2,0.0095,0.00958924,44.01,BTC-25JUL25-90000-P,103392.95,sell,0.1,0.1,,,,,,1750481337.753
1329,372403023,1750496317418,2,0.009,0.00890668,44.26,BTC-25JUL25-90000-P,103739.15,sell,0.3,0.3,,,,,,1750496317.418
1330,372410747,1750501890676,2,0.008,0.00842269,43.16,BTC-25JUL25-90000-P,103996.16,sell,0.1,0.1,,,,,,1750501890.676
1331,372416941,1750509364566,0,0.0085,0.00845978,43.85,BTC-25JUL25-90000-P,103887.39,buy,0.1,0.1,,,,,,1750509364.566
1332,372416942,1750509364571,1,0.0085,0.00845978,43.85,BTC-25JUL25-90000-P,103887.39,sell,0.9,0.9,,,,,,1750509364.571
1333,372440222,1750532096118,0,0.0095,0.00907467,43.6,BTC-25JUL25-90000-P,102965.28,buy,0.1,0.1,,,,,,1750532096.118
1334,372452743,1750536961273,0,0.0105,0.01023071,43.9,BTC-25JUL25-90000-P,102411.28,buy,0.1,0.1,,,,,,1750536961.273
1335,372452744,1750536961273,1,0.0105,0.01023071,43.9,BTC-25JUL25-90000-P,102411.28,buy,0.2,0.2,,,,,,1750536961.273
1336,372454829,1750538149063,2,0.01,0.01009141,43.62,BTC-25JUL25-90000-P,102610.35,sell,0.1,0.1,,,,,,1750538149.063
1337,372462413,1750541091733,0,0.011,0.01124588,43.5,BTC-25JUL25-90000-P,101925.34,buy,0.3,0.3,,,,,,1750541091.733
1338,372462414,1750541091733,1,0.011,0.01124588,43.5,BTC-25JUL25-90000-P,101925.34,buy,0.1,0.1,,,,,,1750541091.733
1339,372462417,1750541091756,1,0.011,0.01124588,43.5,BTC-25JUL25-90000-P,101925.34,buy,0.1,0.1,,,,,,1750541091.756
1340,372462420,1750541091773,1,0.011,0.01124588,43.5,BTC-25JUL25-90000-P,101925.34,buy,0.1,0.1,,,,,,1750541091.773
1341,372467334,1750541416392,0,0.0115,0.01169821,43.51,BTC-25JUL25-90000-P,101592.16,buy,0.3,0.3,,,,,,1750541416.392
1343,372469020,1750541519539,1,0.012,0.01217496,43.55,BTC-25JUL25-90000-P,101334.48,buy,0.3,0.3,,,,,,1750541519.539
1342,372469019,1750541519539,0,0.012,0.01217496,43.55,BTC-25JUL25-90000-P,101334.48,buy,0.1,0.1,,,,,,1750541519.539
1344,372476754,1750542133692,2,0.011,0.01140404,43.23,BTC-25JUL25-90000-P,101768.91,sell,0.3,0.3,,,,,,1750542133.692
1345,372477173,1750542208426,0,0.0115,0.01148393,43.81,BTC-25JUL25-90000-P,101723.15,buy,0.3,0.3,,,,,,1750542208.426
1346,372478813,1750542828020,1,0.0115,0.01149304,43.9,BTC-25JUL25-90000-P,101749.62,buy,0.3,0.3,,,,,,1750542828.02
1347,372479769,1750543095722,0,0.012,0.01201144,43.93,BTC-25JUL25-90000-P,101465.87,buy,0.3,0.3,,,,,,1750543095.722
1348,372483753,1750544066793,1,0.012,0.01162016,44.78,BTC-25JUL25-90000-P,101824.09,buy,0.4,0.4,,,,,,1750544066.793
1349,372485341,1750545067750,2,0.011,0.01151691,43.65,BTC-25JUL25-90000-P,101949.97,sell,0.1,0.1,,,,,,1750545067.75
1350,372486189,1750545828759,0,0.0115,0.01167421,43.89,BTC-25JUL25-90000-P,101724.75,buy,0.3,0.3,,,,,,1750545828.759
1351,372487864,1750547209747,2,0.011,0.01162653,43.08,BTC-25JUL25-90000-P,101693.97,sell,1.0,1.0,,,,,,1750547209.747
1354,372488456,1750547712841,1,0.0115,0.01145733,43.61,BTC-25JUL25-90000-P,101623.3,buy,1.0,1.0,,,,,,1750547712.841
1353,372488455,1750547712841,1,0.0115,0.01145733,43.61,BTC-25JUL25-90000-P,101623.3,buy,1.0,1.0,,,,,,1750547712.841
1352,372488454,1750547712841,0,0.0115,0.01145733,43.61,BTC-25JUL25-90000-P,101623.3,buy,0.1,0.1,,,,,,1750547712.841
1356,372489016,1750547916851,1,0.0115,0.01173534,43.29,BTC-25JUL25-90000-P,101476.98,sell,0.3,0.3,,,,,,1750547916.851
1355,372489015,1750547916851,1,0.0115,0.01173534,43.29,BTC-25JUL25-90000-P,101476.98,sell,1.0,1.0,,,,,,1750547916.851
1357,372489017,1750547916851,1,0.0115,0.01173534,43.29,BTC-25JUL25-90000-P,101476.98,sell,1.1,1.1,,,,,,1750547916.851
1358,372489018,1750547916854,1,0.0115,0.01173534,43.29,BTC-25JUL25-90000-P,101476.98,buy,0.6,0.6,,,,,,1750547916.854
1359,372489622,1750548122681,2,0.011,0.01157524,42.76,BTC-25JUL25-90000-P,101524.86,sell,2.4,2.4,,,,,,1750548122.681
1360,372490080,1750548398219,0,0.0115,0.01176939,43.21,BTC-25JUL25-90000-P,101432.62,sell,0.3,0.3,,,,,,1750548398.219
1361,372490375,1750548585071,0,0.012,0.01176553,43.93,BTC-25JUL25-90000-P,101460.74,buy,0.3,0.3,,,,,,1750548585.071
1362,372490376,1750548585073,1,0.012,0.01176553,43.93,BTC-25JUL25-90000-P,101460.74,sell,2.6,2.6,,,,,,1750548585.073
1363,372491217,1750548889648,1,0.012,0.01226731,43.23,BTC-25JUL25-90000-P,101156.58,sell,0.3,0.3,,,,,,1750548889.648
1364,372493134,1750549531804,1,0.012,0.01204419,43.39,BTC-25JUL25-90000-P,101208.05,buy,1.0,1.0,,,,,,1750549531.804
1365,372494331,1750549695103,0,0.0125,0.0124539,43.43,BTC-25JUL25-90000-P,100944.17,buy,0.3,0.3,,,,,,1750549695.103
1366,372494332,1750549695103,1,0.0125,0.0124539,43.43,BTC-25JUL25-90000-P,100944.17,buy,1.0,1.0,,,,,,1750549695.103
1367,372494682,1750549730506,2,0.012,0.01206074,43.36,BTC-25JUL25-90000-P,101186.27,sell,0.1,0.1,,,,,,1750549730.506
1368,372507684,1750551891576,2,0.011,0.01083496,45.32,BTC-25JUL25-90000-P,102701.21,sell,0.6,0.6,,,,,,1750551891.576
1369,372508569,1750552240642,3,0.011,0.01112723,45.12,BTC-25JUL25-90000-P,102617.67,buy,1.0,1.0,,,,,,1750552240.642
1372,372510074,1750552479445,3,0.01,0.01053541,44.56,BTC-25JUL25-90000-P,103020.25,sell,1.2,1.2,,,,,,1750552479.445
1370,372510072,1750552479445,2,0.01,0.01053541,44.56,BTC-25JUL25-90000-P,103020.25,sell,0.4,0.4,,,,,,1750552479.445
1371,372510073,1750552479445,3,0.01,0.01053541,44.56,BTC-25JUL25-90000-P,103020.25,sell,0.4,0.4,,,,,,1750552479.445
1373,372515584,1750554409763,3,0.01,0.01041038,44.38,BTC-25JUL25-90000-P,102915.16,sell,0.2,0.2,,,,,,1750554409.763
1374,372520941,1750557844747,0,0.0105,0.01049566,44.71,BTC-25JUL25-90000-P,102707.87,sell,0.1,0.1,,,,,,1750557844.747
1375,372521081,1750557890111,1,0.0105,0.01036654,44.92,BTC-25JUL25-90000-P,102813.83,sell,0.3,0.3,,,,,,1750557890.111
1376,372523721,1750558427128,0,0.011,0.01086514,44.85,BTC-25JUL25-90000-P,102467.11,sell,0.5,0.5,,,,,,1750558427.128
1379,372528916,1750561834747,3,0.01,0.01070278,43.61,BTC-25JUL25-90000-P,102537.12,sell,0.2,0.2,,,,,,1750561834.747
1377,372528914,1750561834747,2,0.01,0.01070278,43.61,BTC-25JUL25-90000-P,102537.12,sell,0.4,0.4,,,,,,1750561834.747
1378,372528915,1750561834747,3,0.01,0.01070278,43.61,BTC-25JUL25-90000-P,102537.12,sell,0.4,0.4,,,,,,1750561834.747
1380,372533959,1750566665729,3,0.01,0.01053825,43.88,BTC-25JUL25-90000-P,102642.41,sell,0.2,0.2,,,,,,1750566665.729
1381,372534127,1750566865313,3,0.01,0.01046194,43.99,BTC-25JUL25-90000-P,102693.92,sell,0.8,0.8,,,,,,1750566865.313
1383,372536662,1750569341566,1,0.0105,0.01050747,44.91,BTC-25JUL25-90000-P,102782.03,sell,0.5,0.5,,,,,,1750569341.566
1384,372536663,1750569341566,1,0.0105,0.01050747,44.91,BTC-25JUL25-90000-P,102782.03,sell,0.5,0.5,,,,,,1750569341.566
1382,372536661,1750569341566,0,0.0105,0.01050747,44.91,BTC-25JUL25-90000-P,102782.03,sell,0.8,0.8,,,,,,1750569341.566
1385,372536664,1750569341566,1,0.0105,0.01050747,44.91,BTC-25JUL25-90000-P,102782.03,sell,0.8,0.8,,,,,,1750569341.566
1387,372536758,1750569395718,1,0.0105,0.01040659,45.07,BTC-25JUL25-90000-P,102841.09,buy,0.7,0.7,,,,,,1750569395.718
1386,372536757,1750569395718,1,0.0105,0.01040659,45.07,BTC-25JUL25-90000-P,102841.09,buy,0.1,0.1,,,,,,1750569395.718
1388,372536918,1750569481737,1,0.0105,0.01046604,45.02,BTC-25JUL25-90000-P,102830.49,sell,0.8,0.8,,,,,,1750569481.737
1389,372536995,1750569566943,1,0.0105,0.01042385,45.09,BTC-25JUL25-90000-P,102863.21,sell,0.5,0.5,,,,,,1750569566.943
1390,372537302,1750569680085,1,0.0105,0.01044477,45.05,BTC-25JUL25-90000-P,102852.56,sell,0.2,0.2,,,,,,1750569680.085
1391,372542223,1750575380263,2,0.01,0.00979585,44.19,BTC-25JUL25-90000-P,102755.05,buy,0.5,0.5,,,,,,1750575380.263
1392,372542469,1750575752271,2,0.0095,0.00975542,43.46,BTC-25JUL25-90000-P,102762.34,sell,5.0,5.0,,,,,,1750575752.271
1393,372544202,1750577439165,0,0.01,0.00990387,43.89,BTC-25JUL25-90000-P,102584.1,buy,3.5,3.5,,,,,,1750577439.165
1394,372552145,1750580765731,1,0.01,0.01032626,43.68,BTC-25JUL25-90000-P,102515.82,sell,0.1,0.1,,,,,,1750580765.731
1395,372554463,1750582919672,1,0.01,0.00985017,44.38,BTC-25JUL25-90000-P,102804.52,sell,0.4,0.4,,,,,,1750582919.672
1396,372564031,1750591377285,1,0.01,0.01009492,44.01,BTC-25JUL25-90000-P,102649.56,buy,0.1,0.1,,,,,,1750591377.285
1399,372575623,1750598338730,1,0.0115,0.01127046,44.87,BTC-25JUL25-90000-P,102031.6,buy,0.1,0.1,,,,,,1750598338.73
1397,372575621,1750598338730,0,0.0115,0.01127046,44.87,BTC-25JUL25-90000-P,102031.6,buy,0.6,0.6,,,,,,1750598338.73
1398,372575622,1750598338730,1,0.0115,0.01127046,44.87,BTC-25JUL25-90000-P,102031.6,buy,0.1,0.1,,,,,,1750598338.73
1400,372578421,1750598754968,0,0.012,0.01203199,44.49,BTC-25JUL25-90000-P,101568.26,sell,0.5,0.5,,,,,,1750598754.968
1402,372578435,1750598756934,1,0.012,0.01202725,44.53,BTC-25JUL25-90000-P,101580.91,sell,0.2,0.2,,,,,,1750598756.934
1401,372578434,1750598756934,1,0.012,0.01202725,44.53,BTC-25JUL25-90000-P,101580.91,sell,0.3,0.3,,,,,,1750598756.934
1403,372578448,1750598758044,1,0.012,0.01201772,44.55,BTC-25JUL25-90000-P,101583.57,sell,0.4,0.4,,,,,,1750598758.044
1404,372579033,1750598813634,0,0.0125,0.01233509,44.8,BTC-25JUL25-90000-P,101410.03,buy,0.2,0.2,,,,,,1750598813.634
1405,372579034,1750598813648,1,0.0125,0.01233509,44.8,BTC-25JUL25-90000-P,101410.03,buy,0.8,0.8,,,,,,1750598813.648
1407,372579037,1750598813662,1,0.0125,0.01233509,44.8,BTC-25JUL25-90000-P,101410.03,buy,0.1,0.1,,,,,,1750598813.662
1406,372579036,1750598813662,1,0.0125,0.01233509,44.8,BTC-25JUL25-90000-P,101410.03,buy,0.6,0.6,,,,,,1750598813.662
1408,372579038,1750598813665,1,0.0125,0.01233509,44.8,BTC-25JUL25-90000-P,101410.03,sell,0.1,0.1,,,,,,1750598813.665
1409,372579039,1750598813691,1,0.0125,0.01233509,44.8,BTC-25JUL25-90000-P,101410.03,sell,0.3,0.3,,,,,,1750598813.691
1410,372579040,1750598813696,1,0.0125,0.01233509,44.8,BTC-25JUL25-90000-P,101410.03,sell,0.3,0.3,,,,,,1750598813.696
1411,372579045,1750598813702,1,0.0125,0.01233509,44.8,BTC-25JUL25-90000-P,101410.03,sell,0.2,0.2,,,,,,1750598813.702
1412,372579347,1750598824506,1,0.0125,0.01231428,44.79,BTC-25JUL25-90000-P,101402.05,buy,0.8,0.8,,,,,,1750598824.506
1413,372579350,1750598824790,1,0.0125,0.01231663,44.88,BTC-25JUL25-90000-P,101441.27,sell,0.8,0.8,,,,,,1750598824.79
1414,372579351,1750598824810,1,0.0125,0.01231663,44.88,BTC-25JUL25-90000-P,101441.27,sell,0.8,0.8,,,,,,1750598824.81
1415,372579353,1750598824983,1,0.0125,0.01231663,44.88,BTC-25JUL25-90000-P,101441.27,sell,0.2,0.2,,,,,,1750598824.983
1416,372579361,1750598825987,1,0.0125,0.01237088,44.9,BTC-25JUL25-90000-P,101449.02,sell,0.8,0.8,,,,,,1750598825.987
1417,372579395,1750598827855,1,0.0125,0.01225765,44.89,BTC-25JUL25-90000-P,101444.34,sell,2.0,2.0,,,,,,1750598827.855
1418,372582468,1750599044532,0,0.013,0.01308785,44.51,BTC-25JUL25-90000-P,101004.12,buy,0.3,0.3,,,,,,1750599044.532
1419,372584228,1750599091332,1,0.013,0.01301362,44.55,BTC-25JUL25-90000-P,101021.82,sell,0.8,0.8,,,,,,1750599091.332
1420,372584246,1750599093086,1,0.013,0.01304864,44.56,BTC-25JUL25-90000-P,101027.75,sell,0.8,0.8,,,,,,1750599093.086
1422,372584248,1750599093220,1,0.013,0.01304864,44.56,BTC-25JUL25-90000-P,101027.75,sell,0.8,0.8,,,,,,1750599093.22
1423,372584249,1750599093220,1,0.013,0.01304864,44.56,BTC-25JUL25-90000-P,101027.75,sell,0.3,0.3,,,,,,1750599093.22
1421,372584247,1750599093220,1,0.013,0.01304864,44.56,BTC-25JUL25-90000-P,101027.75,sell,0.8,0.8,,,,,,1750599093.22
1424,372585753,1750599241241,0,0.0135,0.01328586,44.97,BTC-25JUL25-90000-P,100917.94,buy,0.3,0.3,,,,,,1750599241.241
1425,372585754,1750599241241,1,0.0135,0.01328586,44.97,BTC-25JUL25-90000-P,100917.94,buy,0.5,0.5,,,,,,1750599241.241
1426,372585755,1750599241478,1,0.0135,0.01328586,44.97,BTC-25JUL25-90000-P,100917.94,buy,0.8,0.8,,,,,,1750599241.478
1427,372585756,1750599241509,1,0.0135,0.01328586,44.97,BTC-25JUL25-90000-P,100917.94,buy,0.8,0.8,,,,,,1750599241.509
1431,372588048,1750599467963,1,0.0135,0.0134921,44.79,BTC-25JUL25-90000-P,100845.02,sell,0.2,0.2,,,,,,1750599467.963
1429,372588046,1750599467963,1,0.0135,0.0134921,44.79,BTC-25JUL25-90000-P,100845.02,sell,0.4,0.4,,,,,,1750599467.963
1432,372588049,1750599467963,1,0.0135,0.0134921,44.79,BTC-25JUL25-90000-P,100845.02,sell,2.7,2.7,,,,,,1750599467.963
1430,372588047,1750599467963,1,0.0135,0.0134921,44.79,BTC-25JUL25-90000-P,100845.02,sell,1.3,1.3,,,,,,1750599467.963
1428,372588045,1750599467963,1,0.0135,0.0134921,44.79,BTC-25JUL25-90000-P,100845.02,sell,0.4,0.4,,,,,,1750599467.963
1434,372591615,1750599762765,1,0.0145,0.01393711,45.56,BTC-25JUL25-90000-P,100652.95,buy,0.6,0.6,,,,,,1750599762.765
1440,372591621,1750599762765,1,0.015,0.01393711,46.19,BTC-25JUL25-90000-P,100652.95,buy,13.4,13.4,,,,,,1750599762.765
1439,372591620,1750599762765,1,0.015,0.01393711,46.19,BTC-25JUL25-90000-P,100652.95,buy,0.6,0.6,,,,,,1750599762.765
1433,372591614,1750599762765,0,0.0145,0.01393711,45.56,BTC-25JUL25-90000-P,100652.95,buy,0.6,0.6,,,,,,1750599762.765
1437,372591618,1750599762765,1,0.015,0.01393711,46.19,BTC-25JUL25-90000-P,100652.95,buy,6.0,6.0,,,,,,1750599762.765
1435,372591616,1750599762765,1,0.0145,0.01393711,45.56,BTC-25JUL25-90000-P,100652.95,buy,0.2,0.2,,,,,,1750599762.765
1436,372591617,1750599762765,0,0.015,0.01393711,46.19,BTC-25JUL25-90000-P,100652.95,buy,0.2,0.2,,,,,,1750599762.765
1438,372591619,1750599762765,1,0.015,0.01393711,46.19,BTC-25JUL25-90000-P,100652.95,buy,0.6,0.6,,,,,,1750599762.765
1441,372591622,1750599762765,1,0.015,0.01393711,46.19,BTC-25JUL25-90000-P,100652.95,buy,6.9,6.9,,,,,,1750599762.765
1442,372591627,1750599762874,1,0.015,0.01393711,46.19,BTC-25JUL25-90000-P,100652.95,buy,0.1,0.1,,,,,,1750599762.874
1443,372591646,1750599762989,1,0.015,0.01393711,46.19,BTC-25JUL25-90000-P,100652.95,buy,1.2,1.2,,,,,,1750599762.989
1444,372591648,1750599763102,1,0.015,0.01393711,46.19,BTC-25JUL25-90000-P,100652.95,buy,1.0,1.0,,,,,,1750599763.102
1445,372591650,1750599763209,1,0.015,0.01393711,46.19,BTC-25JUL25-90000-P,100652.95,buy,4.5,4.5,,,,,,1750599763.209
1446,372591653,1750599763310,1,0.015,0.01393711,46.19,BTC-25JUL25-90000-P,100652.95,buy,0.2,0.2,,,,,,1750599763.31
1447,372591658,1750599763416,1,0.015,0.01393711,46.19,BTC-25JUL25-90000-P,100652.95,buy,3.3,3.3,,,,,,1750599763.416
1448,372591675,1750599763514,1,0.015,0.01393711,46.19,BTC-25JUL25-90000-P,100652.95,buy,0.2,0.2,,,,,,1750599763.514
1449,372591676,1750599763605,1,0.015,0.01393711,46.19,BTC-25JUL25-90000-P,100652.95,buy,10.1,10.1,,,,,,1750599763.605
1450,372591678,1750599763636,2,0.0145,0.01393692,45.54,BTC-25JUL25-90000-P,100644.25,sell,4.7,4.7,,,,,,1750599763.636
1451,372591679,1750599763651,3,0.0145,0.01393692,45.54,BTC-25JUL25-90000-P,100644.25,sell,4.6,4.6,,,,,,1750599763.651
1452,372591680,1750599763700,0,0.015,0.01393692,46.16,BTC-25JUL25-90000-P,100644.25,buy,0.7,0.7,,,,,,1750599763.7
1453,372591683,1750599763797,1,0.015,0.01393692,46.16,BTC-25JUL25-90000-P,100644.25,buy,2.1,2.1,,,,,,1750599763.797
1454,372591687,1750599763900,1,0.015,0.01393692,46.16,BTC-25JUL25-90000-P,100644.25,buy,0.2,0.2,,,,,,1750599763.9
1455,372591689,1750599764035,1,0.015,0.01393692,46.16,BTC-25JUL25-90000-P,100644.25,buy,0.1,0.1,,,,,,1750599764.035
1456,372591691,1750599764154,1,0.015,0.01393692,46.16,BTC-25JUL25-90000-P,100644.25,buy,0.4,0.4,,,,,,1750599764.154
1457,372591693,1750599764259,1,0.015,0.01393692,46.16,BTC-25JUL25-90000-P,100644.25,buy,2.4,2.4,,,,,,1750599764.259
1458,372591694,1750599764365,1,0.015,0.01393692,46.16,BTC-25JUL25-90000-P,100644.25,buy,1.8,1.8,,,,,,1750599764.365
1459,372591695,1750599764465,1,0.015,0.01393692,46.16,BTC-25JUL25-90000-P,100644.25,buy,0.1,0.1,,,,,,1750599764.465
1460,372594705,1750599821610,2,0.0145,0.0143795,45.36,BTC-25JUL25-90000-P,100589.18,buy,0.1,0.1,,,,,,1750599821.61
1461,372596703,1750599909218,3,0.0145,0.01463119,45.13,BTC-25JUL25-90000-P,100494.8,sell,0.3,0.3,,,,,,1750599909.218
1462,372598342,1750600029159,3,0.0145,0.01440133,45.31,BTC-25JUL25-90000-P,100519.11,sell,0.3,0.3,,,,,,1750600029.159
1463,372599358,1750600151802,2,0.014,0.01406703,45.25,BTC-25JUL25-90000-P,100779.68,sell,0.5,0.5,,,,,,1750600151.802
1465,372602077,1750600556188,1,0.0145,0.01395133,46.04,BTC-25JUL25-90000-P,100838.36,buy,13.4,13.4,,,,,,1750600556.188
1466,372602078,1750600556188,1,0.0145,0.01395133,46.04,BTC-25JUL25-90000-P,100838.36,buy,4.4,4.4,,,,,,1750600556.188
1464,372602076,1750600556188,0,0.0145,0.01395133,46.04,BTC-25JUL25-90000-P,100838.36,buy,0.1,0.1,,,,,,1750600556.188
1467,372602320,1750600606618,2,0.014,0.014064,45.32,BTC-25JUL25-90000-P,100814.39,sell,0.5,0.5,,,,,,1750600606.618
1468,372603108,1750600793476,2,0.013,0.01368427,44.22,BTC-25JUL25-90000-P,100897.78,sell,0.1,0.1,,,,,,1750600793.476
1470,372622297,1750602264000,1,0.0155,0.01579743,44.5,BTC-25JUL25-90000-P,99750.13,sell,0.1,0.1,,,,,,1750602264.0
1469,372622296,1750602264000,0,0.0155,0.01579743,44.5,BTC-25JUL25-90000-P,99750.13,sell,0.3,0.3,,,,,,1750602264.0
1471,372624860,1750602324419,1,0.0155,0.01563228,44.65,BTC-25JUL25-90000-P,99802.81,sell,0.1,0.1,,,,,,1750602324.419
1472,372625018,1750602341838,0,0.016,0.01590289,45.02,BTC-25JUL25-90000-P,99731.68,sell,0.2,0.2,,,,,,1750602341.838
1473,372625894,1750602374814,1,0.016,0.01606068,44.78,BTC-25JUL25-90000-P,99612.07,buy,0.1,0.1,,,,,,1750602374.814
1474,372626289,1750602394432,0,0.0165,0.01628081,45.0,BTC-25JUL25-90000-P,99472.67,buy,0.1,0.1,,,,,,1750602394.432
1475,372626645,1750602401549,1,0.0165,0.01643758,44.92,BTC-25JUL25-90000-P,99441.94,buy,0.5,0.5,,,,,,1750602401.549
1476,372628050,1750602460115,2,0.016,0.01604064,44.83,BTC-25JUL25-90000-P,99639.66,sell,0.1,0.1,,,,,,1750602460.115
1477,372630976,1750602611877,3,0.016,0.01635879,44.61,BTC-25JUL25-90000-P,99577.23,sell,0.1,0.1,,,,,,1750602611.877
1478,372631862,1750602664697,3,0.016,0.01587744,45.15,BTC-25JUL25-90000-P,99775.08,buy,0.5,0.5,,,,,,1750602664.697
1479,372631863,1750602664703,3,0.016,0.01587744,45.15,BTC-25JUL25-90000-P,99775.08,buy,0.2,0.2,,,,,,1750602664.703
1480,372631864,1750602664708,3,0.016,0.01587744,45.15,BTC-25JUL25-90000-P,99775.08,buy,0.1,0.1,,,,,,1750602664.708
1481,372631865,1750602664715,3,0.016,0.01587744,45.15,BTC-25JUL25-90000-P,99775.08,buy,0.1,0.1,,,,,,1750602664.715
1482,372631866,1750602664721,3,0.016,0.01587744,45.15,BTC-25JUL25-90000-P,99775.08,buy,0.1,0.1,,,,,,1750602664.721
1483,372633304,1750602740217,2,0.0155,0.01555551,44.96,BTC-25JUL25-90000-P,99923.57,sell,0.1,0.1,,,,,,1750602740.217
1484,372635530,1750602925852,3,0.0155,0.01566667,44.92,BTC-25JUL25-90000-P,99930.26,sell,0.1,0.1,,,,,,1750602925.852
1485,372635536,1750602929912,3,0.0155,0.01566081,44.92,BTC-25JUL25-90000-P,99933.64,sell,0.1,0.1,,,,,,1750602929.912
1486,372635624,1750602932951,3,0.0155,0.0156628,44.96,BTC-25JUL25-90000-P,99947.65,sell,12.7,12.7,,,,,,1750602932.951
1487,372635625,1750602932951,3,0.0155,0.0156628,44.96,BTC-25JUL25-90000-P,99947.65,sell,1.3,1.3,,,,,,1750602932.951
1488,372635644,1750602933088,3,0.0155,0.0156628,44.96,BTC-25JUL25-90000-P,99947.65,buy,0.8,0.8,,,,,,1750602933.088
1489,372637984,1750603156460,0,0.016,0.0161288,44.87,BTC-25JUL25-90000-P,99681.21,sell,5.2,5.2,,,,,,1750603156.46
1490,372639987,1750603346328,0,0.0165,0.01639851,45.26,BTC-25JUL25-90000-P,99590.0,buy,0.1,0.1,,,,,,1750603346.328
1491,372646641,1750603698164,2,0.0155,0.01621365,44.14,BTC-25JUL25-90000-P,99575.79,sell,0.1,0.1,,,,,,1750603698.164
1492,372648637,1750603903403,0,0.0165,0.01631122,45.09,BTC-25JUL25-90000-P,99492.8,buy,0.5,0.5,,,,,,1750603903.403
1493,372648638,1750603903411,1,0.0165,0.01631122,45.09,BTC-25JUL25-90000-P,99492.8,buy,0.3,0.3,,,,,,1750603903.411
1494,372649052,1750603964916,1,0.0165,0.01621368,45.23,BTC-25JUL25-90000-P,99528.48,buy,12.7,12.7,,,,,,1750603964.916
1495,372649275,1750603981923,1,0.0165,0.01661034,44.76,BTC-25JUL25-90000-P,99351.69,buy,6.5,6.5,,,,,,1750603981.923
1497,372652950,1750604635367,1,0.0165,0.01616519,45.72,BTC-25JUL25-90000-P,99710.58,buy,0.5,0.5,,,,,,1750604635.367
1496,372652949,1750604635367,1,0.0165,0.01616519,45.72,BTC-25JUL25-90000-P,99710.58,buy,0.1,0.1,,,,,,1750604635.367
1498,372653237,1750604688909,2,0.016,0.01604419,45.25,BTC-25JUL25-90000-P,99741.44,buy,5.0,5.0,,,,,,1750604688.909
1499,372654278,1750604841075,3,0.016,0.01601206,45.3,BTC-25JUL25-90000-P,99741.28,buy,0.3,0.3,,,,,,1750604841.075
1500,372657579,1750605324066,3,0.016,0.01635309,44.81,BTC-25JUL25-90000-P,99547.13,sell,5.0,5.0,,,,,,1750605324.066
1501,372660326,1750605960945,3,0.016,0.01611889,44.9,BTC-25JUL25-90000-P,99581.41,buy,7.0,7.0,,,,,,1750605960.945
1502,372662767,1750606496896,0,0.0165,0.01638141,45.35,BTC-25JUL25-90000-P,99517.81,buy,0.1,0.1,,,,,,1750606496.896
1503,372662768,1750606496896,1,0.0165,0.01638141,45.35,BTC-25JUL25-90000-P,99517.81,buy,0.5,0.5,,,,,,1750606496.896
1505,372662770,1750606496899,1,0.0165,0.01638141,45.35,BTC-25JUL25-90000-P,99517.81,sell,0.1,0.1,,,,,,1750606496.899
1504,372662769,1750606496899,1,0.0165,0.01638141,45.35,BTC-25JUL25-90000-P,99517.81,sell,2.6,2.6,,,,,,1750606496.899
1506,372662771,1750606496900,1,0.0165,0.01638141,45.35,BTC-25JUL25-90000-P,99517.81,sell,0.8,0.8,,,,,,1750606496.9
1507,372662772,1750606496904,1,0.0165,0.01638141,45.35,BTC-25JUL25-90000-P,99517.81,sell,2.9,2.9,,,,,,1750606496.904
1508,372664295,1750607234407,1,0.0165,0.01679465,44.82,BTC-25JUL25-90000-P,99318.26,sell,0.1,0.1,,,,,,1750607234.407
1509,372664440,1750607262497,1,0.0165,0.01662564,45.0,BTC-25JUL25-90000-P,99382.96,sell,0.3,0.3,,,,,,1750607262.497
1510,372665739,1750607840423,1,0.0165,0.0167339,44.6,BTC-25JUL25-90000-P,99249.3,buy,0.2,0.2,,,,,,1750607840.423
1511,372665741,1750607840445,1,0.0165,0.0167339,44.6,BTC-25JUL25-90000-P,99249.3,sell,0.1,0.1,,,,,,1750607840.445
1512,372665746,1750607840456,1,0.0165,0.0167339,44.6,BTC-25JUL25-90000-P,99249.3,sell,12.7,12.7,,,,,,1750607840.456
1513,372665747,1750607840473,1,0.0165,0.0167339,44.6,BTC-25JUL25-90000-P,99249.3,sell,0.1,0.1,,,,,,1750607840.473
1514,372665837,1750607864166,0,0.017,0.01680985,45.1,BTC-25JUL25-90000-P,99217.97,buy,0.2,0.2,,,,,,1750607864.166
1515,372665887,1750607887531,0,0.0172,0.01680214,45.33,BTC-25JUL25-90000-P,99217.02,buy,50.0,50.0,2.0,BLOCK-206543,,BTC-RR-25JUL25-90000_110000,,1750607887.531
1516,372667443,1750608013200,0,0.0179,0.01748312,45.4,BTC-25JUL25-90000-P,98937.99,buy,50.0,50.0,2.0,BLOCK-206546,,BTC-RR-25JUL25-90000_110000,,1750608013.2
