trade_seq,trade_id,timestamp,tick_direction,price,mark_price,iv,instrument_name,index_price,direction,contracts,amount,block_trade_leg_count,block_trade_id,combo_id,liquidation,block_rfq_id,combo_trade_id,unix_sec
6781,369574992,1748638922425,0,0.047,0.04707292,42.34,BTC-27JUN25-105000-C,104643.86,buy,1.6,1.6,,,,,,,1748638922.425
6782,369575434,1748639345521,0,0.0475,0.0474881,42.31,BTC-27JUN25-105000-C,104761.76,buy,1.6,1.6,,,,,,,1748639345.521
6783,369579074,1748642383259,2,0.0465,0.04669208,41.95,BTC-27JUN25-105000-C,104644.54,sell,0.1,0.1,,,,,,,1748642383.259
6784,369579269,1748642591909,0,0.047,0.04692609,42.16,BTC-27JUN25-105000-C,104691.01,buy,1.6,1.6,,,,,,,1748642591.909
6785,369579538,1748642827522,2,0.046,0.04594784,42.14,BTC-27JUN25-105000-C,104494.32,buy,1.6,1.6,,,,,,,1748642827.522
6786,369579647,1748642901910,0,0.0465,0.0464384,42.12,BTC-27JUN25-105000-C,104580.08,buy,1.6,1.6,,,,,,,1748642901.91
6787,369580414,1748643817355,1,0.0465,0.04624128,42.25,BTC-27JUN25-105000-C,104578.97,buy,0.2,0.2,,,,,,,1748643817.355
6788,369582629,1748644794377,2,0.0455,0.04537495,42.41,BTC-27JUN25-105000-C,104320.44,sell,0.1,0.1,,,,,,,1748644794.377
6789,369582641,1748644795462,3,0.0455,0.04533973,42.45,BTC-27JUN25-105000-C,104312.7,sell,0.1,0.1,,,,,,,1748644795.462
6790,369582642,1748644795462,3,0.0455,0.04533973,42.45,BTC-27JUN25-105000-C,104312.7,sell,0.1,0.1,,,,,,,1748644795.462
6791,369582650,1748644797386,3,0.0455,0.04523504,42.53,BTC-27JUN25-105000-C,104292.74,sell,0.1,0.1,,,,,,,1748644797.386
6792,369583156,1748645058831,2,0.045,0.04479403,42.53,BTC-27JUN25-105000-C,104180.37,sell,0.1,0.1,,,,,,,1748645058.831
6794,369586533,1748646094585,3,0.043,0.0428955,42.34,BTC-27JUN25-105000-C,103816.72,buy,0.1,0.1,,,,,,,1748646094.585
6793,369586532,1748646094585,2,0.043,0.0428955,42.34,BTC-27JUN25-105000-C,103816.72,buy,0.7,0.7,,,,,,,1748646094.585
6795,369586876,1748646174007,0,0.044,0.04390921,42.38,BTC-27JUN25-105000-C,104000.74,sell,0.1,0.1,,,,,,,1748646174.007
6796,369587951,1748646836667,0,0.0445,0.04451455,42.36,BTC-27JUN25-105000-C,104122.93,sell,0.1,0.1,,,,,,,1748646836.667
6797,369603108,1748652513084,2,0.0435,0.04397949,41.4,BTC-27JUN25-105000-C,104138.76,sell,0.1,0.1,,,,,,,1748652513.084
6800,369603552,1748653235855,3,0.043,0.04351203,41.49,BTC-27JUN25-105000-C,103991.02,sell,0.7,0.7,,,,,,,1748653235.855
6799,369603551,1748653235855,3,0.043,0.04351203,41.49,BTC-27JUN25-105000-C,103991.02,sell,0.9,0.9,,,,,,,1748653235.855
6798,369603550,1748653235855,2,0.043,0.04351203,41.49,BTC-27JUN25-105000-C,103991.02,sell,0.9,0.9,,,,,,,1748653235.855
6801,369603553,1748653235858,3,0.043,0.04351203,41.49,BTC-27JUN25-105000-C,103991.02,buy,2.5,2.5,,,,,,,1748653235.858
6802,369607891,1748655689685,2,0.0425,0.04250706,41.51,BTC-27JUN25-105000-C,103879.66,buy,0.3,0.3,,,,,,,1748655689.685
6803,369607932,1748655772508,3,0.0425,0.04233591,41.68,BTC-27JUN25-105000-C,103844.03,sell,0.1,0.1,,,,,,,1748655772.508
6804,369607934,1748655778077,3,0.0425,0.04234387,41.68,BTC-27JUN25-105000-C,103846.15,sell,0.1,0.1,,,,,,,1748655778.077
6805,369610523,1748656904689,2,0.041,0.04101521,41.66,BTC-27JUN25-105000-C,103530.91,buy,0.3,0.3,,,,,,,1748656904.689
6806,369611126,1748657150105,2,0.0405,0.04042306,41.72,BTC-27JUN25-105000-C,103397.76,buy,0.3,0.3,,,,,,,1748657150.105
6807,369611133,1748657154605,3,0.0405,0.04047536,41.71,BTC-27JUN25-105000-C,103399.5,buy,0.6,0.6,,,,,,,1748657154.605
6808,369611209,1748657184662,0,0.041,0.04099776,41.67,BTC-27JUN25-105000-C,103516.03,buy,0.2,0.2,,,,,,,1748657184.662
6809,369611398,1748657290736,0,0.0415,0.04152907,41.71,BTC-27JUN25-105000-C,103623.94,buy,0.4,0.4,,,,,,,1748657290.736
6810,369611483,1748657344158,1,0.0415,0.04153205,41.69,BTC-27JUN25-105000-C,103633.84,buy,0.5,0.5,,,,,,,1748657344.158
6812,369611856,1748657679384,1,0.042,0.04188295,41.79,BTC-27JUN25-105000-C,103721.57,buy,0.3,0.3,,,,,,,1748657679.384
6811,369611855,1748657679384,0,0.042,0.04188295,41.79,BTC-27JUN25-105000-C,103721.57,buy,0.3,0.3,,,,,,,1748657679.384
6813,369613987,1748659183298,1,0.042,0.04170246,42.2,BTC-27JUN25-105000-C,103600.18,buy,0.3,0.3,,,,,,,1748659183.298
6814,369614063,1748659265868,1,0.042,0.04173201,42.36,BTC-27JUN25-105000-C,103562.36,buy,0.1,0.1,,,,,,,1748659265.868
6815,369614098,1748659327278,1,0.042,0.04187066,42.12,BTC-27JUN25-105000-C,103621.95,buy,0.3,0.3,,,,,,,1748659327.278
6816,369614099,1748659327278,1,0.042,0.04187066,42.12,BTC-27JUN25-105000-C,103621.95,buy,0.6,0.6,,,,,,,1748659327.278
6817,369614101,1748659329974,1,0.042,0.04187615,42.12,BTC-27JUN25-105000-C,103622.03,buy,0.3,0.3,,,,,,,1748659329.974
6819,369615907,1748660234602,3,0.041,0.0404964,42.65,BTC-27JUN25-105000-C,103264.89,buy,0.2,0.2,,,,,,,1748660234.602
6818,369615906,1748660234602,2,0.041,0.0404964,42.65,BTC-27JUN25-105000-C,103264.89,buy,0.3,0.3,,,,,,,1748660234.602
6820,369615986,1748660265347,3,0.041,0.04047854,42.67,BTC-27JUN25-105000-C,103263.03,sell,0.1,0.1,,,,,,,1748660265.347
6821,369616357,1748660582204,3,0.041,0.04077647,42.42,BTC-27JUN25-105000-C,103335.05,sell,0.1,0.1,,,,,,,1748660582.204
6822,369617303,1748661202075,3,0.041,0.04041861,42.79,BTC-27JUN25-105000-C,103242.79,buy,0.3,0.3,,,,,,,1748661202.075
6823,369617490,1748661362524,0,0.0415,0.04114352,42.79,BTC-27JUN25-105000-C,103348.44,buy,0.2,0.2,,,,,,,1748661362.524
6824,369617731,1748661487419,2,0.041,0.04058276,42.95,BTC-27JUN25-105000-C,103188.7,buy,0.3,0.3,,,,,,,1748661487.419
6826,369617755,1748661522961,3,0.041,0.04087035,42.77,BTC-27JUN25-105000-C,103226.57,sell,0.9,0.9,,,,,,,1748661522.961
6825,369617754,1748661522961,3,0.041,0.04087035,42.77,BTC-27JUN25-105000-C,103226.57,sell,0.9,0.9,,,,,,,1748661522.961
6827,369618138,1748661810345,0,0.0425,0.04199484,43.3,BTC-27JUN25-105000-C,103434.33,buy,0.3,0.3,,,,,,,1748661810.345
6828,369618180,1748661844580,1,0.0425,0.04228053,43.15,BTC-27JUN25-105000-C,103462.64,buy,0.3,0.3,,,,,,,1748661844.58
6829,369618471,1748662209407,0,0.0435,0.04280149,43.82,BTC-27JUN25-105000-C,103513.8,buy,0.3,0.3,,,,,,,1748662209.407
6830,369619378,1748662669564,2,0.0431,0.04313334,43.39,BTC-27JUN25-105000-C,103501.72,sell,1.0,1.0,,,BTC-CBUT-27JUN25-97000_100000_105000,,,369619376,1748662669.564
6834,369620341,1748663423615,1,0.045,0.04432294,44.3,BTC-27JUN25-105000-C,103683.57,buy,3.5,3.5,,,,,,,1748663423.615
6831,369620338,1748663423615,0,0.045,0.04432294,44.3,BTC-27JUN25-105000-C,103683.57,buy,0.6,0.6,,,,,,,1748663423.615
6832,369620339,1748663423615,1,0.045,0.04432294,44.3,BTC-27JUN25-105000-C,103683.57,buy,0.6,0.6,,,,,,,1748663423.615
6833,369620340,1748663423615,1,0.045,0.04432294,44.3,BTC-27JUN25-105000-C,103683.57,buy,1.3,1.3,,,,,,,1748663423.615
6835,369620342,1748663423617,1,0.045,0.04432294,44.3,BTC-27JUN25-105000-C,103683.57,sell,1.3,1.3,,,,,,,1748663423.617
6836,369620343,1748663423627,1,0.045,0.04432294,44.3,BTC-27JUN25-105000-C,103683.57,sell,0.1,0.1,,,,,,,1748663423.627
6837,369620369,1748663429516,1,0.045,0.04433102,44.3,BTC-27JUN25-105000-C,103684.7,sell,0.2,0.2,,,,,,,1748663429.516
6838,369620692,1748663547801,1,0.045,0.04438843,44.5,BTC-27JUN25-105000-C,103639.95,sell,10.0,10.0,,,,,,,1748663547.801
6839,369620760,1748663548372,1,0.045,0.04437862,44.5,BTC-27JUN25-105000-C,103639.72,sell,3.5,3.5,,,,,,,1748663548.372
6840,369620761,1748663548379,1,0.045,0.04437862,44.5,BTC-27JUN25-105000-C,103639.72,sell,0.1,0.1,,,,,,,1748663548.379
6841,369620762,1748663548502,1,0.045,0.04437862,44.5,BTC-27JUN25-105000-C,103639.72,sell,1.0,1.0,,,,,,,1748663548.502
6842,369620763,1748663548525,1,0.045,0.04437862,44.5,BTC-27JUN25-105000-C,103639.72,sell,0.1,0.1,,,,,,,1748663548.525
6843,369620764,1748663548745,1,0.045,0.04437862,44.5,BTC-27JUN25-105000-C,103639.72,sell,27.7,27.7,,,,,,,1748663548.745
6844,369621261,1748663790258,1,0.045,0.04466703,44.44,BTC-27JUN25-105000-C,103641.71,buy,0.3,0.3,,,,,,,1748663790.258
6845,369621262,1748663791207,1,0.045,0.04467529,44.45,BTC-27JUN25-105000-C,103638.41,sell,1.1,1.1,,,,,,,1748663791.207
6846,369621264,1748663793254,1,0.045,0.04466298,44.47,BTC-27JUN25-105000-C,103633.91,sell,0.1,0.1,,,,,,,1748663793.254
6847,369621265,1748663795292,1,0.045,0.04464918,44.46,BTC-27JUN25-105000-C,103634.25,sell,0.1,0.1,,,,,,,1748663795.292
6848,369621527,1748663947853,0,0.0455,0.04505675,44.64,BTC-27JUN25-105000-C,103698.71,buy,0.1,0.1,,,,,,,1748663947.853
6849,369621768,1748664069988,2,0.045,0.04501178,44.29,BTC-27JUN25-105000-C,103668.42,buy,0.4,0.4,,,,,,,1748664069.988
6850,369621811,1748664074930,0,0.0455,0.04495027,44.83,BTC-27JUN25-105000-C,103649.79,buy,6.7,6.7,,,,,,,1748664074.93
6851,369621812,1748664074932,1,0.0455,0.04495027,44.83,BTC-27JUN25-105000-C,103649.79,sell,1.6,1.6,,,,,,,1748664074.932
6852,369621813,1748664074932,1,0.0455,0.04495027,44.83,BTC-27JUN25-105000-C,103649.79,sell,0.1,0.1,,,,,,,1748664074.932
6853,369622316,1748664429655,2,0.0445,0.04467485,44.16,BTC-27JUN25-105000-C,103593.26,sell,1.0,1.0,,,BTC-CBUT-27JUN25-97000_100000_105000,,,369622314,1748664429.655
6854,369622520,1748664484523,0,0.045,0.04478327,44.5,BTC-27JUN25-105000-C,103616.13,buy,1.1,1.1,,,,,,,1748664484.523
6855,369622532,1748664485925,1,0.045,0.04478281,44.52,BTC-27JUN25-105000-C,103611.91,buy,3.9,3.9,,,,,,,1748664485.925
6856,369622533,1748664485925,1,0.045,0.04478281,44.52,BTC-27JUN25-105000-C,103611.91,buy,1.0,1.0,,,,,,,1748664485.925
6857,369622546,1748664488942,1,0.045,0.04471558,44.63,BTC-27JUN25-105000-C,103586.23,sell,1.0,1.0,,,,,,,1748664488.942
6858,369622601,1748664506477,1,0.045,0.04472033,44.6,BTC-27JUN25-105000-C,103591.77,sell,1.0,1.0,,,,,,,1748664506.477
6859,369622690,1748664523959,1,0.045,0.04488236,44.45,BTC-27JUN25-105000-C,103628.83,sell,1.0,1.0,,,,,,,1748664523.959
6860,369622710,1748664537355,1,0.045,0.04483278,44.51,BTC-27JUN25-105000-C,103612.85,sell,1.0,1.0,,,,,,,1748664537.355
6861,369622741,1748664547710,1,0.045,0.04479944,44.62,BTC-27JUN25-105000-C,103587.99,sell,5.0,5.0,,,,,,,1748664547.71
6862,369622759,1748664569484,1,0.045,0.04466533,44.71,BTC-27JUN25-105000-C,103569.09,sell,12.1,12.1,,,,,,,1748664569.484
6863,369622769,1748664579594,1,0.045,0.04468712,44.7,BTC-27JUN25-105000-C,103572.36,sell,12.0,12.0,,,,,,,1748664579.594
6865,369622772,1748664590894,1,0.045,0.04469313,44.71,BTC-27JUN25-105000-C,103569.14,sell,0.3,0.3,,,,,,,1748664590.894
6864,369622771,1748664590894,1,0.045,0.04469313,44.71,BTC-27JUN25-105000-C,103569.14,sell,2.0,2.0,,,,,,,1748664590.894
6866,369622773,1748664590904,1,0.045,0.04469313,44.71,BTC-27JUN25-105000-C,103569.14,buy,2.2,2.2,,,,,,,1748664590.904
6867,369622847,1748664644463,1,0.045,0.04475982,44.65,BTC-27JUN25-105000-C,103585.21,buy,0.3,0.3,,,,,,,1748664644.463
6868,369622854,1748664645602,1,0.045,0.04477548,44.63,BTC-27JUN25-105000-C,103589.97,buy,0.2,0.2,,,,,,,1748664645.602
6869,369622867,1748664669003,1,0.045,0.04485316,44.59,BTC-27JUN25-105000-C,103595.15,buy,0.2,0.2,,,,,,,1748664669.003
6870,369622872,1748664669612,1,0.045,0.04485326,44.57,BTC-27JUN25-105000-C,103600.22,buy,0.2,0.2,,,,,,,1748664669.612
6871,369622879,1748664670087,1,0.045,0.04485326,44.57,BTC-27JUN25-105000-C,103600.22,buy,0.2,0.2,,,,,,,1748664670.087
6872,369622896,1748664671017,1,0.045,0.04485193,44.55,BTC-27JUN25-105000-C,103604.96,buy,0.6,0.6,,,,,,,1748664671.017
6873,369622897,1748664671320,1,0.045,0.04485193,44.55,BTC-27JUN25-105000-C,103604.96,buy,0.8,0.8,,,,,,,1748664671.32
6874,369623016,1748664772038,0,0.0455,0.04503933,44.91,BTC-27JUN25-105000-C,103629.7,buy,0.6,0.6,,,,,,,1748664772.038
6875,369624937,1748665699671,0,0.046,0.04582562,44.65,BTC-27JUN25-105000-C,103795.71,buy,0.1,0.1,,,,,,,1748665699.671
6876,369625034,1748665824345,2,0.0455,0.04587649,44.2,BTC-27JUN25-105000-C,103797.75,sell,0.6,0.6,,,,,,,1748665824.345
6877,369625214,1748665982454,3,0.0455,0.045768,44.2,BTC-27JUN25-105000-C,103798.34,sell,0.3,0.3,,,,,,,1748665982.454
6878,369625215,1748665982456,3,0.0455,0.045768,44.2,BTC-27JUN25-105000-C,103798.34,buy,0.3,0.3,,,,,,,1748665982.456
6879,369625240,1748666006223,3,0.0455,0.04567544,44.25,BTC-27JUN25-105000-C,103788.75,buy,0.6,0.6,,,,,,,1748666006.223
6880,369625267,1748666031009,3,0.0455,0.04558462,44.32,BTC-27JUN25-105000-C,103772.97,buy,0.6,0.6,,,,,,,1748666031.009
6881,369625357,1748666063802,3,0.0455,0.04576827,44.15,BTC-27JUN25-105000-C,103813.49,sell,0.3,0.3,,,,,,,1748666063.802
6882,369625358,1748666063804,3,0.0455,0.04576827,44.15,BTC-27JUN25-105000-C,103813.49,buy,0.3,0.3,,,,,,,1748666063.804
6883,369625427,1748666212021,3,0.0455,0.04573161,44.16,BTC-27JUN25-105000-C,103810.22,sell,0.4,0.4,,,,,,,1748666212.021
6884,369625428,1748666212023,3,0.0455,0.04573161,44.16,BTC-27JUN25-105000-C,103810.22,buy,4.6,4.6,,,,,,,1748666212.023
6885,369625431,1748666221300,3,0.0455,0.04569169,44.19,BTC-27JUN25-105000-C,103800.72,buy,5.0,5.0,,,,,,,1748666221.3
6886,369626596,1748667703462,3,0.0455,0.04553273,43.87,BTC-27JUN25-105000-C,103866.03,buy,0.1,0.1,,,,,,,1748667703.462
6887,369627144,1748667961735,3,0.0455,0.04540096,44.0,BTC-27JUN25-105000-C,103842.74,buy,1.0,1.0,,,,,,,1748667961.735
6888,369629251,1748670793818,2,0.0445,0.04453466,44.0,BTC-27JUN25-105000-C,103655.7,sell,1.0,1.0,,,,,,,1748670793.818
6889,369629282,1748670810400,3,0.0445,0.04448889,44.03,BTC-27JUN25-105000-C,103649.61,sell,1.0,1.0,,,,,,,1748670810.4
6890,369629285,1748670827893,3,0.0445,0.0444714,44.05,BTC-27JUN25-105000-C,103646.1,sell,1.0,1.0,,,,,,,1748670827.893
6891,369629289,1748670845550,3,0.0445,0.04448388,44.05,BTC-27JUN25-105000-C,103646.43,sell,1.0,1.0,,,,,,,1748670845.55
6892,369629296,1748670862929,3,0.0445,0.04449511,44.05,BTC-27JUN25-105000-C,103646.61,sell,1.0,1.0,,,,,,,1748670862.929
6893,369629300,1748670880524,3,0.0445,0.04449755,44.05,BTC-27JUN25-105000-C,103645.82,sell,1.0,1.0,,,,,,,1748670880.524
6894,369629334,1748670898032,3,0.0445,0.04449892,44.06,BTC-27JUN25-105000-C,103645.46,sell,1.0,1.0,,,,,,,1748670898.032
6895,369629344,1748670915591,3,0.0445,0.04452664,44.04,BTC-27JUN25-105000-C,103649.99,sell,1.0,1.0,,,,,,,1748670915.591
6896,369629359,1748670933043,3,0.0445,0.04449744,44.07,BTC-27JUN25-105000-C,103643.12,sell,1.0,1.0,,,,,,,1748670933.043
6897,369629444,1748671077696,3,0.0445,0.04444226,44.15,BTC-27JUN25-105000-C,103622.38,sell,0.1,0.1,,,,,,,1748671077.696
6898,369629469,1748671080700,3,0.0445,0.04443937,44.19,BTC-27JUN25-105000-C,103613.38,sell,0.1,0.1,,,,,,,1748671080.7
6899,369629478,1748671083702,3,0.0445,0.04438996,44.2,BTC-27JUN25-105000-C,103610.68,sell,0.1,0.1,,,,,,,1748671083.702
6900,369629485,1748671086786,3,0.0445,0.04437919,44.21,BTC-27JUN25-105000-C,103608.57,sell,0.1,0.1,,,,,,,1748671086.786
6901,369629490,1748671089798,3,0.0445,0.04438107,44.21,BTC-27JUN25-105000-C,103608.95,sell,0.1,0.1,,,,,,,1748671089.798
6902,369629512,1748671101936,3,0.0445,0.04438453,44.21,BTC-27JUN25-105000-C,103607.16,sell,0.1,0.1,,,,,,,1748671101.936
6904,369637596,1748671608586,3,0.044,0.04429824,43.81,BTC-27JUN25-105000-C,103600.39,sell,0.4,0.4,,,,,,,1748671608.586
6903,369637595,1748671608586,2,0.044,0.04429824,43.81,BTC-27JUN25-105000-C,103600.39,sell,0.1,0.1,,,,,,,1748671608.586
6905,369637598,1748671608588,3,0.044,0.04429824,43.81,BTC-27JUN25-105000-C,103600.39,buy,0.5,0.5,,,,,,,1748671608.588
6906,369638554,1748672439477,0,0.0445,0.04461087,43.92,BTC-27JUN25-105000-C,103713.4,buy,1.0,1.0,,,,,,,1748672439.477
6907,369638693,1748673083571,1,0.0445,0.04476826,43.83,BTC-27JUN25-105000-C,103739.12,sell,0.1,0.1,,,,,,,1748673083.571
6908,369639787,1748674293450,0,0.0455,0.04564369,44.06,BTC-27JUN25-105000-C,103905.72,sell,0.5,0.5,,,,,,,1748674293.45
6909,369639788,1748674293792,1,0.0455,0.04564369,44.06,BTC-27JUN25-105000-C,103905.72,buy,0.3,0.3,,,,,,,1748674293.792
6910,369639790,1748674293872,1,0.0455,0.04564369,44.06,BTC-27JUN25-105000-C,103905.72,buy,0.3,0.3,,,,,,,1748674293.872
6911,369639793,1748674297084,1,0.0455,0.04563848,44.06,BTC-27JUN25-105000-C,103905.54,buy,0.3,0.3,,,,,,,1748674297.084
6912,369639992,1748674584846,1,0.0455,0.0454278,44.1,BTC-27JUN25-105000-C,103899.82,buy,8.0,8.0,,,,,,,1748674584.846
6913,369641448,1748676631381,2,0.045,0.04460062,44.37,BTC-27JUN25-105000-C,103729.7,buy,0.1,0.1,,,,,,,1748676631.381
6914,369644196,1748678115914,0,0.0455,0.04513589,44.38,BTC-27JUN25-105000-C,103850.27,buy,0.1,0.1,,,,,,,1748678115.914
6915,369644197,1748678115985,1,0.0455,0.04513589,44.38,BTC-27JUN25-105000-C,103850.27,buy,0.1,0.1,,,,,,,1748678115.985
6916,369644215,1748678120234,1,0.0455,0.04513318,44.38,BTC-27JUN25-105000-C,103850.38,buy,0.1,0.1,,,,,,,1748678120.234
6917,369644296,1748678149383,1,0.0455,0.04506469,44.45,BTC-27JUN25-105000-C,103833.43,buy,0.1,0.1,,,,,,,1748678149.383
6918,369644512,1748678231976,2,0.045,0.04482262,44.2,BTC-27JUN25-105000-C,103795.91,buy,0.1,0.1,,,,,,,1748678231.976
6919,369646304,1748679032946,2,0.0445,0.04429821,44.0,BTC-27JUN25-105000-C,103752.12,buy,0.2,0.2,,,,,,,1748679032.946
6920,369647045,1748679368408,2,0.0435,0.04347312,43.68,BTC-27JUN25-105000-C,103604.51,buy,0.1,0.1,,,,,,,1748679368.408
6921,369647450,1748679722923,3,0.0435,0.04357837,43.48,BTC-27JUN25-105000-C,103640.53,buy,0.3,0.3,,,,,,,1748679722.923
6922,369649555,1748681708943,0,0.0445,0.04407116,43.96,BTC-27JUN25-105000-C,103760.97,buy,0.1,0.1,,,,,,,1748681708.943
6923,369649572,1748681719784,1,0.0445,0.04406814,43.96,BTC-27JUN25-105000-C,103761.26,buy,0.1,0.1,,,,,,,1748681719.784
6924,369649594,1748681724176,1,0.0445,0.04406826,43.96,BTC-27JUN25-105000-C,103761.26,buy,0.1,0.1,,,,,,,1748681724.176
6925,369649652,1748681731532,1,0.0445,0.04406573,43.91,BTC-27JUN25-105000-C,103773.04,buy,0.1,0.1,,,,,,,1748681731.532
6926,369649665,1748681742149,1,0.0445,0.0441861,43.85,BTC-27JUN25-105000-C,103786.46,buy,0.1,0.1,,,,,,,1748681742.149
6927,369649714,1748681757084,1,0.0445,0.04417712,43.84,BTC-27JUN25-105000-C,103784.68,buy,0.1,0.1,,,,,,,1748681757.084
6928,369649750,1748681773217,1,0.0445,0.04411738,43.93,BTC-27JUN25-105000-C,103763.99,buy,0.1,0.1,,,,,,,1748681773.217
6929,369649753,1748681783837,1,0.0445,0.04408227,43.93,BTC-27JUN25-105000-C,103763.79,buy,0.1,0.1,,,,,,,1748681783.837
6930,369649758,1748681790805,1,0.0445,0.044091,43.93,BTC-27JUN25-105000-C,103764.11,buy,0.1,0.1,,,,,,,1748681790.805
6931,369649759,1748681797296,1,0.0445,0.04409527,43.92,BTC-27JUN25-105000-C,103765.71,buy,0.1,0.1,,,,,,,1748681797.296
6932,369649766,1748681815585,1,0.0445,0.04408381,43.92,BTC-27JUN25-105000-C,103765.92,buy,0.1,0.1,,,,,,,1748681815.585
6933,369649775,1748681831753,1,0.0445,0.04408227,43.92,BTC-27JUN25-105000-C,103766.26,buy,0.1,0.1,,,,,,,1748681831.753
6934,369649787,1748681847745,1,0.0445,0.04407785,43.92,BTC-27JUN25-105000-C,103766.36,buy,0.1,0.1,,,,,,,1748681847.745
6935,369649788,1748681848106,1,0.0445,0.044075,43.92,BTC-27JUN25-105000-C,103766.36,buy,0.1,0.1,,,,,,,1748681848.106
6936,369649796,1748681857938,1,0.0445,0.04406604,43.92,BTC-27JUN25-105000-C,103765.23,buy,0.1,0.1,,,,,,,1748681857.938
6937,369649797,1748681858481,1,0.0445,0.04406604,43.92,BTC-27JUN25-105000-C,103765.23,buy,0.1,0.1,,,,,,,1748681858.481
6938,369649799,1748681862203,1,0.0445,0.04406959,43.92,BTC-27JUN25-105000-C,103766.53,buy,0.1,0.1,,,,,,,1748681862.203
6939,369649858,1748681912278,1,0.0445,0.04401146,43.99,BTC-27JUN25-105000-C,103752.31,buy,0.1,0.1,,,,,,,1748681912.278
6940,369649908,1748681938218,1,0.0445,0.04394914,44.05,BTC-27JUN25-105000-C,103741.79,buy,0.1,0.1,,,,,,,1748681938.218
6941,369650461,1748682337779,2,0.044,0.04409958,43.47,BTC-27JUN25-105000-C,103766.82,buy,0.2,0.2,,,,,,,1748682337.779
6942,369652870,1748685012845,2,0.0435,0.04300203,43.76,BTC-27JUN25-105000-C,103594.05,buy,0.1,0.1,,,,,,,1748685012.845
6943,369655998,1748686473569,2,0.042,0.04217766,43.25,BTC-27JUN25-105000-C,103432.4,sell,0.4,0.4,,,,,,,1748686473.569
6944,369655999,1748686473569,3,0.042,0.04217766,43.25,BTC-27JUN25-105000-C,103432.4,sell,0.1,0.1,,,,,,,1748686473.569
6945,369656953,1748687061093,0,0.043,0.04265668,43.73,BTC-27JUN25-105000-C,103533.0,buy,0.4,0.4,,,,,,,1748687061.093
6946,369660051,1748690313281,1,0.043,0.04230553,43.98,BTC-27JUN25-105000-C,103459.22,sell,1.5,1.5,,,BTC-STRD-27JUN25-105000,,,369660050,1748690313.281
6947,369662274,1748693567574,0,0.044,0.04409109,43.5,BTC-27JUN25-105000-C,103812.17,buy,0.5,0.5,,,,,,,1748693567.574
6948,369662752,1748693682988,0,0.0445,0.04440341,43.71,BTC-27JUN25-105000-C,103884.94,sell,2.1,2.1,,,,,,,1748693682.988
6949,369663045,1748693871781,1,0.0445,0.04447672,43.62,BTC-27JUN25-105000-C,103908.83,sell,0.4,0.4,,,,,,,1748693871.781
6950,369663321,1748694310554,1,0.0445,0.04426962,43.82,BTC-27JUN25-105000-C,103856.71,buy,0.1,0.1,,,,,,,1748694310.554
6951,369663339,1748694376494,1,0.0445,0.04427031,43.83,BTC-27JUN25-105000-C,103850.3,buy,0.1,0.1,,,,,,,1748694376.494
6952,369663416,1748694441186,1,0.0445,0.04427944,43.82,BTC-27JUN25-105000-C,103849.8,buy,0.1,0.1,,,,,,,1748694441.186
6953,369665887,1748696896552,0,0.0455,0.04561225,43.21,BTC-27JUN25-105000-C,104205.33,buy,1.0,1.0,,,,,,,1748696896.552
6954,369666697,1748697777757,1,0.0455,0.0447983,43.89,BTC-27JUN25-105000-C,104052.78,buy,0.2,0.2,,,,,,,1748697777.757
6955,369666698,1748697777757,1,0.0455,0.0447983,43.89,BTC-27JUN25-105000-C,104052.78,buy,0.1,0.1,,,,,,,1748697777.757
6956,369667453,1748698683624,1,0.0455,0.04546267,43.3,BTC-27JUN25-105000-C,104199.8,sell,0.1,0.1,,,,,,,1748698683.624
6957,369667714,1748699244400,2,0.0445,0.04472508,42.88,BTC-27JUN25-105000-C,104082.09,sell,0.1,0.1,,,,,,,1748699244.4
6958,369667715,1748699244400,3,0.0445,0.04472508,42.88,BTC-27JUN25-105000-C,104082.09,sell,0.7,0.7,,,,,,,1748699244.4
6959,369667783,1748699262226,3,0.0445,0.04475102,42.84,BTC-27JUN25-105000-C,104091.89,buy,0.4,0.4,,,,,,,1748699262.226
6960,369667785,1748699262413,3,0.0445,0.04475753,42.83,BTC-27JUN25-105000-C,104093.39,buy,2.8,2.8,,,,,,,1748699262.413
6961,369667844,1748699409726,0,0.045,0.04474155,43.28,BTC-27JUN25-105000-C,104099.04,buy,0.1,0.1,,,,,,,1748699409.726
6962,369667846,1748699413115,1,0.045,0.04473661,43.29,BTC-27JUN25-105000-C,104095.57,buy,0.1,0.1,,,,,,,1748699413.115
6963,369667876,1748699436964,1,0.045,0.04469502,43.32,BTC-27JUN25-105000-C,104086.88,buy,0.1,0.1,,,,,,,1748699436.964
6964,369668249,1748700021374,0,0.0455,0.04496271,43.48,BTC-27JUN25-105000-C,104162.42,buy,0.1,0.1,,,,,,,1748700021.374
6965,369668594,1748700106577,1,0.0455,0.04528248,43.15,BTC-27JUN25-105000-C,104234.11,buy,1.9,1.9,,,,,,,1748700106.577
6966,369669592,1748700421208,0,0.046,0.04589546,43.09,BTC-27JUN25-105000-C,104370.81,buy,0.2,0.2,,,,,,,1748700421.208
6967,369670713,1748700770277,2,0.0455,0.04603164,42.5,BTC-27JUN25-105000-C,104405.89,buy,50.0,50.0,2.0,BLOCK-202520,BTC-CS-27JUN25-105000_120000,,,,1748700770.277
6968,369674835,1748703673231,0,0.0471,0.04672787,43.15,BTC-27JUN25-105000-C,104609.18,buy,50.0,50.0,2.0,BLOCK-202525,BTC-CS-27JUN25-105000_120000,,,,1748703673.231
6969,369675506,1748704198662,0,0.0475,0.04698537,43.32,BTC-27JUN25-105000-C,104663.49,buy,0.1,0.1,,,,,,,1748704198.662
6970,369680641,1748708540293,2,0.047,0.046769,42.63,BTC-27JUN25-105000-C,104739.1,sell,0.1,0.1,,,,,,,1748708540.293
6971,369680642,1748708543305,3,0.047,0.0467698,42.63,BTC-27JUN25-105000-C,104738.5,sell,0.1,0.1,,,,,,,1748708543.305
6972,369680829,1748708963080,3,0.047,0.04705944,42.43,BTC-27JUN25-105000-C,104779.08,sell,0.2,0.2,,,,,,,1748708963.08
6973,369680836,1748708969537,3,0.047,0.0469492,42.54,BTC-27JUN25-105000-C,104755.59,sell,0.1,0.1,,,,,,,1748708969.537
6974,369680837,1748708972549,3,0.047,0.04694665,42.55,BTC-27JUN25-105000-C,104755.48,sell,0.1,0.1,,,,,,,1748708972.549
6975,369681281,1748709432995,3,0.047,0.04695977,42.58,BTC-27JUN25-105000-C,104753.77,sell,0.3,0.3,,,,,,,1748709432.995
6976,369681321,1748709444474,3,0.047,0.04670735,42.75,BTC-27JUN25-105000-C,104717.37,sell,0.1,0.1,,,,,,,1748709444.474
6977,369683629,1748712242140,0,0.048,0.04783675,44.0,BTC-27JUN25-105000-C,104584.91,sell,0.2,0.2,,,,,,,1748712242.14
6978,369683630,1748712242152,1,0.048,0.04783675,44.0,BTC-27JUN25-105000-C,104584.91,buy,0.8,0.8,,,,,,,1748712242.152
6979,369683668,1748712259996,1,0.048,0.0476972,44.12,BTC-27JUN25-105000-C,104558.77,buy,0.3,0.3,,,,,,,1748712259.996
6980,369683728,1748712341226,1,0.048,0.04771219,44.12,BTC-27JUN25-105000-C,104566.28,buy,0.2,0.2,,,,,,,1748712341.226
6981,369683730,1748712359302,1,0.048,0.04771341,44.13,BTC-27JUN25-105000-C,104565.72,buy,0.2,0.2,,,,,,,1748712359.302
6982,369683732,1748712379446,1,0.048,0.04772244,44.13,BTC-27JUN25-105000-C,104565.42,buy,0.2,0.2,,,,,,,1748712379.446
6983,369683829,1748712580015,1,0.048,0.04771565,44.19,BTC-27JUN25-105000-C,104526.64,buy,1.0,1.0,,,,,,,1748712580.015
6984,369683896,1748712597917,1,0.048,0.04788157,44.17,BTC-27JUN25-105000-C,104528.37,sell,1.0,1.0,,,,,,,1748712597.917
6985,369683899,1748712599792,1,0.048,0.04790048,44.17,BTC-27JUN25-105000-C,104527.84,sell,1.0,1.0,,,,,,,1748712599.792
6987,369683936,1748712616231,1,0.048,0.04792628,44.16,BTC-27JUN25-105000-C,104530.16,sell,0.1,0.1,,,,,,,1748712616.231
6988,369683937,1748712616231,1,0.048,0.04792628,44.16,BTC-27JUN25-105000-C,104530.16,sell,0.3,0.3,,,,,,,1748712616.231
6986,369683935,1748712616231,1,0.048,0.04792628,44.16,BTC-27JUN25-105000-C,104530.16,sell,0.6,0.6,,,,,,,1748712616.231
6989,369683950,1748712619295,1,0.048,0.0479367,44.16,BTC-27JUN25-105000-C,104530.34,sell,1.0,1.0,,,,,,,1748712619.295
6990,369684019,1748712634828,1,0.048,0.04793322,44.18,BTC-27JUN25-105000-C,104525.54,sell,0.9,0.9,,,,,,,1748712634.828
6991,369684020,1748712634828,1,0.048,0.04793322,44.18,BTC-27JUN25-105000-C,104525.54,sell,0.1,0.1,,,,,,,1748712634.828
6992,369689390,1748717477444,0,0.0485,0.04870222,44.99,BTC-27JUN25-105000-C,104462.95,buy,0.1,0.1,,,,,,,1748717477.444
6993,369691734,1748721996449,0,0.0495,0.04963567,44.85,BTC-27JUN25-105000-C,104726.99,buy,0.4,0.4,,,,,,,1748721996.449
6994,369693067,1748725097685,0,0.05,0.05012758,44.77,BTC-27JUN25-105000-C,104854.51,buy,0.1,0.1,,,,,,,1748725097.685
6995,369693188,1748725226580,1,0.05,0.0499984,44.89,BTC-27JUN25-105000-C,104834.0,buy,0.1,0.1,,,,,,,1748725226.58
6996,369693275,1748725234250,1,0.05,0.0500279,44.86,BTC-27JUN25-105000-C,104836.26,buy,0.1,0.1,,,,,,,1748725234.25
6997,369700362,1748732451758,2,0.0485,0.04856585,44.58,BTC-27JUN25-105000-C,104639.73,sell,0.1,0.1,,,,,,,1748732451.758
6998,369701844,1748733079796,2,0.0483,0.04936235,43.63,BTC-27JUN25-105000-C,104806.71,sell,50.0,50.0,2.0,BLOCK-202531,BTC-CCAL-27JUN25_13JUN25-105000,,5064.0,,1748733079.796
6999,369704968,1748736947104,2,0.047,0.04722614,43.85,BTC-27JUN25-105000-C,104506.32,sell,0.1,0.1,,,,,,,1748736947.104
7000,369709634,1748742877651,2,0.0455,0.04553736,44.17,BTC-27JUN25-105000-C,104124.13,sell,0.1,0.1,,,,,,,1748742877.651
7001,369716264,1748752208174,0,0.0485,0.04839603,44.85,BTC-27JUN25-105000-C,104592.07,buy,0.2,0.2,,,,,,,1748752208.174
7002,369716265,1748752208192,1,0.0485,0.04839603,44.85,BTC-27JUN25-105000-C,104592.07,buy,0.1,0.1,,,,,,,1748752208.192
7003,369716285,1748752210785,1,0.0485,0.04847419,44.73,BTC-27JUN25-105000-C,104618.03,buy,0.3,0.3,,,,,,,1748752210.785
7004,369716286,1748752210789,1,0.0485,0.04847419,44.73,BTC-27JUN25-105000-C,104618.03,buy,0.1,0.1,,,,,,,1748752210.789
7005,369716307,1748752211940,1,0.0485,0.04854547,44.71,BTC-27JUN25-105000-C,104623.38,buy,0.2,0.2,,,,,,,1748752211.94
7006,369716308,1748752211952,1,0.0485,0.04854547,44.71,BTC-27JUN25-105000-C,104623.38,buy,0.1,0.1,,,,,,,1748752211.952
7007,369719364,1748757938141,2,0.0475,0.04729626,44.24,BTC-27JUN25-105000-C,104530.14,sell,0.1,0.1,,,,,,,1748757938.141
7008,369720705,1748759294158,2,0.0465,0.04684903,43.91,BTC-27JUN25-105000-C,104372.96,sell,0.2,0.2,,,,,,,1748759294.158
7009,369720706,1748759294158,3,0.0465,0.04684903,43.91,BTC-27JUN25-105000-C,104372.96,sell,0.2,0.2,,,,,,,1748759294.158
7010,369729306,1748770269079,2,0.044,0.04454181,43.65,BTC-27JUN25-105000-C,103965.81,sell,0.4,0.4,,,,,,,1748770269.079
7011,369732568,1748772535339,0,0.0445,0.04462425,44.23,BTC-27JUN25-105000-C,103937.54,buy,2.0,2.0,,,,,,,1748772535.339
7012,369734384,1748776495316,2,0.044,0.04462437,43.97,BTC-27JUN25-105000-C,103923.08,sell,0.1,0.1,,,,,,,1748776495.316
7013,369739122,1748784269132,0,0.0475,0.04740018,45.64,BTC-27JUN25-105000-C,104301.96,sell,14.8,14.8,,,,,,,1748784269.132
7014,369739628,1748785376066,0,0.0485,0.04805054,46.12,BTC-27JUN25-105000-C,104365.33,buy,0.1,0.1,,,,,,,1748785376.066
7015,369739728,1748785513797,2,0.0484,0.04799105,46.08,BTC-27JUN25-105000-C,104364.34,buy,0.1,0.1,,,BTC-CS-27JUN25-105000_115000,,,369739727,1748785513.797
7016,369741108,1748786785577,0,0.0485,0.04880041,45.3,BTC-27JUN25-105000-C,104546.68,buy,0.5,0.5,,,,,,,1748786785.577
7017,369741487,1748786824685,0,0.049,0.04887552,45.68,BTC-27JUN25-105000-C,104569.83,buy,0.1,0.1,,,,,,,1748786824.685
7018,369742089,1748786922778,2,0.0487,0.04883415,45.4,BTC-27JUN25-105000-C,104572.78,sell,0.1,0.1,,,BTC-CS-27JUN25-105000_115000,,,369742088,1748786922.778
7019,369742277,1748787073334,0,0.0491,0.04896258,45.61,BTC-27JUN25-105000-C,104611.44,sell,0.2,0.2,,,BTC-CS-27JUN25-105000_115000,,,369742276,1748787073.334
7020,369744202,1748788007311,0,0.0495,0.04925197,45.58,BTC-27JUN25-105000-C,104703.44,sell,0.1,0.1,,,BTC-CS-27JUN25-105000_115000,,,369744200,1748788007.311
7021,369754834,1748794739478,0,0.0501,0.05050701,44.55,BTC-27JUN25-105000-C,105079.01,sell,50.0,50.0,2.0,BLOCK-202557,BTC-CCAL-27JUN25_6JUN25-105000,,,,1748794739.478
7024,369757489,1748795778712,3,0.0495,0.05012685,43.65,BTC-27JUN25-105000-C,105165.94,sell,1.0,1.0,,,,,,,1748795778.712
7022,369757487,1748795778712,2,0.0495,0.05012685,43.65,BTC-27JUN25-105000-C,105165.94,sell,0.9,0.9,,,,,,,1748795778.712
7023,369757488,1748795778712,3,0.0495,0.05012685,43.65,BTC-27JUN25-105000-C,105165.94,sell,0.1,0.1,,,,,,,1748795778.712
7026,369757491,1748795778712,3,0.0495,0.05012685,43.65,BTC-27JUN25-105000-C,105165.94,sell,1.0,1.0,,,,,,,1748795778.712
7025,369757490,1748795778712,3,0.0495,0.05012685,43.65,BTC-27JUN25-105000-C,105165.94,sell,3.0,3.0,,,,,,,1748795778.712
7027,369757801,1748795896862,0,0.0505,0.05056904,44.15,BTC-27JUN25-105000-C,105262.59,sell,0.2,0.2,,,,,,,1748795896.862
7028,369757961,1748795970563,2,0.05,0.05036478,43.83,BTC-27JUN25-105000-C,105236.42,sell,1.0,1.0,,,,,,,1748795970.563
7029,369757962,1748795970565,3,0.05,0.05036478,43.83,BTC-27JUN25-105000-C,105236.42,buy,4.0,4.0,,,,,,,1748795970.565
7030,369758264,1748796101583,3,0.05,0.05030949,43.82,BTC-27JUN25-105000-C,105235.78,sell,1.0,1.0,,,,,,,1748796101.583
7031,369758265,1748796101583,3,0.05,0.05030949,43.82,BTC-27JUN25-105000-C,105235.78,sell,0.1,0.1,,,,,,,1748796101.583
7033,369758375,1748796167118,3,0.05,0.05036361,43.73,BTC-27JUN25-105000-C,105255.62,sell,2.9,2.9,,,,,,,1748796167.118
7032,369758374,1748796167118,3,0.05,0.05036361,43.73,BTC-27JUN25-105000-C,105255.62,sell,0.8,0.8,,,,,,,1748796167.118
7034,369764931,1748801073862,3,0.05,0.0500084,44.85,BTC-27JUN25-105000-C,105004.47,sell,1.0,1.0,,,,,,,1748801073.862
7035,369766134,1748802189560,2,0.0495,0.04937133,45.02,BTC-27JUN25-105000-C,104863.72,sell,0.2,0.2,,,,,,,1748802189.56
7036,369766145,1748802189597,3,0.0495,0.04937133,45.02,BTC-27JUN25-105000-C,104863.72,sell,0.1,0.1,,,,,,,1748802189.597
7037,369766146,1748802189600,3,0.0495,0.04937133,45.02,BTC-27JUN25-105000-C,104863.72,sell,0.1,0.1,,,,,,,1748802189.6
7038,369766147,1748802189607,3,0.0495,0.04937133,45.02,BTC-27JUN25-105000-C,104863.72,sell,0.1,0.1,,,,,,,1748802189.607
7039,369766148,1748802189613,3,0.0495,0.04937133,45.02,BTC-27JUN25-105000-C,104863.72,sell,0.1,0.1,,,,,,,1748802189.613
7040,369766377,1748802257241,3,0.0495,0.04931524,45.0,BTC-27JUN25-105000-C,104852.73,sell,0.3,0.3,,,,,,,1748802257.241
7041,369766394,1748802266698,3,0.0495,0.04932881,44.99,BTC-27JUN25-105000-C,104853.23,sell,0.7,0.7,,,,,,,1748802266.698
7042,369766398,1748802299029,3,0.0495,0.04934316,44.98,BTC-27JUN25-105000-C,104851.42,sell,1.0,1.0,,,,,,,1748802299.029
7043,369766428,1748802350429,3,0.0495,0.04938855,44.94,BTC-27JUN25-105000-C,104859.16,sell,1.0,1.0,,,,,,,1748802350.429
7044,369766502,1748802428366,3,0.0495,0.04947826,44.85,BTC-27JUN25-105000-C,104872.94,sell,0.5,0.5,,,,,,,1748802428.366
7045,369768987,1748803248636,2,0.047,0.04707413,44.54,BTC-27JUN25-105000-C,104443.69,buy,0.2,0.2,,,,,,,1748803248.636
7046,369768992,1748803260183,3,0.047,0.04714252,44.5,BTC-27JUN25-105000-C,104453.54,buy,0.7,0.7,,,,,,,1748803260.183
7047,369769019,1748803263452,3,0.047,0.04709984,44.52,BTC-27JUN25-105000-C,104447.78,buy,0.3,0.3,,,,,,,1748803263.452
7048,369769308,1748803442036,3,0.047,0.04703422,44.57,BTC-27JUN25-105000-C,104435.98,buy,0.2,0.2,,,,,,,1748803442.036
7049,369769529,1748803721008,0,0.0475,0.04780097,44.25,BTC-27JUN25-105000-C,104594.61,buy,0.2,0.2,,,,,,,1748803721.008
7050,369769530,1748803730072,1,0.0475,0.047798,44.27,BTC-27JUN25-105000-C,104591.66,buy,0.3,0.3,,,,,,,1748803730.072
7051,369769536,1748803742292,1,0.0475,0.04777785,44.28,BTC-27JUN25-105000-C,104591.73,buy,0.4,0.4,,,,,,,1748803742.292
7052,369770228,1748804138767,0,0.048,0.04789512,44.42,BTC-27JUN25-105000-C,104677.21,buy,0.5,0.5,,,,,,,1748804138.767
7053,369773040,1748806844529,0,0.0495,0.04923555,44.15,BTC-27JUN25-105000-C,105087.12,buy,1.0,1.0,,,,,,,1748806844.529
7054,369774381,1748808410002,1,0.0495,0.04912122,44.44,BTC-27JUN25-105000-C,105036.85,buy,0.3,0.3,,,,,,,1748808410.002
7055,369785699,1748818586803,0,0.051,0.05108107,43.68,BTC-27JUN25-105000-C,105555.0,sell,0.1,0.1,,,,,,,1748818586.803
7056,369785704,1748818603887,1,0.051,0.05109667,43.66,BTC-27JUN25-105000-C,105556.47,sell,0.1,0.1,,,,,,,1748818603.887
7057,369785709,1748818622754,1,0.051,0.05110914,43.65,BTC-27JUN25-105000-C,105555.06,sell,0.1,0.1,,,,,,,1748818622.754
7058,369785821,1748818716248,1,0.051,0.05107288,43.68,BTC-27JUN25-105000-C,105552.0,buy,0.1,0.1,,,,,,,1748818716.248
7059,369785850,1748818784697,1,0.051,0.05113361,43.62,BTC-27JUN25-105000-C,105554.86,buy,0.1,0.1,,,,,,,1748818784.697
7060,369786143,1748818996178,0,0.0515,0.05141122,43.75,BTC-27JUN25-105000-C,105637.48,buy,0.1,0.1,,,,,,,1748818996.178
7061,369787631,1748819795210,0,0.052,0.0521067,43.55,BTC-27JUN25-105000-C,105786.27,sell,0.1,0.1,,,,,,,1748819795.21
7062,369791585,1748822523671,2,0.0515,0.05150078,43.55,BTC-27JUN25-105000-C,105670.26,buy,0.1,0.1,,,,,,,1748822523.671
7063,369797772,1748828746789,2,0.0495,0.04964944,42.93,BTC-27JUN25-105000-C,105460.23,sell,0.1,0.1,,,,,,,1748828746.789
7064,369798429,1748829754517,2,0.0485,0.04858555,42.42,BTC-27JUN25-105000-C,105393.98,sell,0.1,0.1,,,,,,,1748829754.517
7065,369799305,1748830758280,2,0.0475,0.0479117,42.01,BTC-27JUN25-105000-C,105265.22,sell,0.1,0.1,,,,,,,1748830758.28
7066,369799520,1748831082126,3,0.0475,0.047676,42.21,BTC-27JUN25-105000-C,105218.49,sell,0.1,0.1,,,,,,,1748831082.126
7067,369800087,1748831764934,0,0.048,0.0478774,42.49,BTC-27JUN25-105000-C,105269.37,buy,0.3,0.3,,,,,,,1748831764.934
7068,369802597,1748833784131,2,0.0464,0.04634575,42.6,BTC-27JUN25-105000-C,104915.95,sell,45.0,45.0,4.0,BLOCK-202598,,,5114.0,,1748833784.131
7069,369806224,1748835610121,0,0.0465,0.04648425,42.66,BTC-27JUN25-105000-C,104943.03,sell,0.1,0.1,,,,,,,1748835610.121
7070,369809353,1748837948421,0,0.047,0.04653868,43.03,BTC-27JUN25-105000-C,104980.35,buy,0.1,0.1,,,,,,,1748837948.421
7071,369809723,1748838984090,2,0.0467,0.04667342,42.58,BTC-27JUN25-105000-C,105001.35,sell,1.0,1.0,,,BTC-STDC-26SEP25_27JUN25-105000,,,369809720,1748838984.09
7072,369811572,1748841724856,2,0.0455,0.04555493,42.34,BTC-27JUN25-105000-C,104798.05,sell,0.1,0.1,,,,,,,1748841724.856
7073,369816595,1748848975255,0,0.0485,0.04870142,42.3,BTC-27JUN25-105000-C,105425.82,sell,0.2,0.2,,,,,,,1748848975.255
7074,369816599,1748848988353,1,0.0485,0.0486529,42.33,BTC-27JUN25-105000-C,105422.02,sell,0.2,0.2,,,,,,,1748848988.353
7075,369816604,1748848992035,1,0.0485,0.04863737,42.35,BTC-27JUN25-105000-C,105417.56,sell,0.2,0.2,,,,,,,1748848992.035
7076,369819640,1748850760476,1,0.0485,0.04833714,42.57,BTC-27JUN25-105000-C,105394.67,sell,0.1,0.1,,,,,,,1748850760.476
7077,369821118,1748851713507,0,0.0495,0.04936845,42.66,BTC-27JUN25-105000-C,105591.43,buy,0.3,0.3,,,,,,,1748851713.507
7078,369829868,1748855979744,2,0.0455,0.04565126,42.19,BTC-27JUN25-105000-C,104846.04,buy,0.5,0.5,,,,,,,1748855979.744
7079,369831082,1748856791409,0,0.046,0.04588722,42.45,BTC-27JUN25-105000-C,104884.82,buy,3.0,3.0,,,,,,,1748856791.409
7080,369832151,1748857442705,2,0.045,0.04493771,42.44,BTC-27JUN25-105000-C,104696.24,sell,0.1,0.1,,,,,,,1748857442.705
7081,369839017,1748860905210,2,0.044,0.0439188,42.4,BTC-27JUN25-105000-C,104470.6,buy,0.1,0.1,,,,,,,1748860905.21
7082,369841352,1748863256649,2,0.043,0.04314837,42.1,BTC-27JUN25-105000-C,104323.2,buy,0.5,0.5,,,,,,,1748863256.649
7083,369841355,1748863276188,3,0.043,0.0431749,42.07,BTC-27JUN25-105000-C,104329.02,sell,0.5,0.5,,,,,,,1748863276.188
7084,369844571,1748865076175,2,0.042,0.04228736,42.02,BTC-27JUN25-105000-C,104119.37,sell,0.3,0.3,,,,,,,1748865076.175
7085,369844864,1748865270774,3,0.042,0.04222844,42.04,BTC-27JUN25-105000-C,104114.15,sell,0.4,0.4,,,,,,,1748865270.774
7086,369844865,1748865270776,3,0.042,0.04222844,42.04,BTC-27JUN25-105000-C,104114.15,buy,0.1,0.1,,,,,,,1748865270.776
7087,369848239,1748867455353,3,0.042,0.0419808,42.2,BTC-27JUN25-105000-C,104095.36,buy,0.3,0.3,,,,,,,1748867455.353
7088,369848240,1748867455359,3,0.042,0.0419808,42.2,BTC-27JUN25-105000-C,104095.36,sell,0.2,0.2,,,,,,,1748867455.359
7089,369848801,1748867926180,0,0.0425,0.04231575,42.31,BTC-27JUN25-105000-C,104181.5,buy,0.8,0.8,,,,,,,1748867926.18
7090,369849745,1748868756138,1,0.0425,0.04219237,42.41,BTC-27JUN25-105000-C,104152.38,buy,1.0,1.0,,,,,,,1748868756.138
7091,369849783,1748868801707,1,0.0425,0.04219333,42.41,BTC-27JUN25-105000-C,104154.84,buy,1.0,1.0,,,,,,,1748868801.707
7092,369851350,1748870495424,2,0.042,0.04202361,42.13,BTC-27JUN25-105000-C,104105.54,sell,0.2,0.2,,,,,,,1748870495.424
7093,369851355,1748870495427,3,0.042,0.04202361,42.13,BTC-27JUN25-105000-C,104105.54,sell,0.1,0.1,,,,,,,1748870495.427
7094,369851358,1748870495436,3,0.042,0.04202361,42.13,BTC-27JUN25-105000-C,104105.54,sell,0.1,0.1,,,,,,,1748870495.436
7095,369851378,1748870495765,3,0.042,0.04202361,42.13,BTC-27JUN25-105000-C,104105.54,sell,0.1,0.1,,,,,,,1748870495.765
7096,369852135,1748870685979,2,0.0415,0.04130211,42.39,BTC-27JUN25-105000-C,103948.3,sell,0.5,0.5,,,,,,,1748870685.979
7097,369856378,1748870856783,0,0.042,0.04177762,42.43,BTC-27JUN25-105000-C,104056.49,sell,0.5,0.5,,,,,,,1748870856.783
7098,369856563,1748870893964,1,0.042,0.04180424,42.42,BTC-27JUN25-105000-C,104058.8,buy,0.5,0.5,,,,,,,1748870893.964
7101,369856764,1748871025716,1,0.042,0.04179573,42.47,BTC-27JUN25-105000-C,104049.3,buy,0.4,0.4,,,,,,,1748871025.716
7099,369856762,1748871025716,1,0.042,0.04179573,42.47,BTC-27JUN25-105000-C,104049.3,buy,0.5,0.5,,,,,,,1748871025.716
7100,369856763,1748871025716,1,0.042,0.04179573,42.47,BTC-27JUN25-105000-C,104049.3,buy,0.1,0.1,,,,,,,1748871025.716
7102,369858198,1748871308880,0,0.043,0.04296619,42.25,BTC-27JUN25-105000-C,104342.83,sell,0.3,0.3,,,,,,,1748871308.88
7103,369858629,1748871422035,0,0.0435,0.04306885,42.66,BTC-27JUN25-105000-C,104367.86,buy,0.2,0.2,,,,,,,1748871422.035
7104,369858800,1748871472089,1,0.0435,0.04315727,42.58,BTC-27JUN25-105000-C,104389.22,buy,0.1,0.1,,,,,,,1748871472.089
7105,369858801,1748871472092,1,0.0435,0.04315727,42.58,BTC-27JUN25-105000-C,104389.22,sell,22.4,22.4,,,,,,,1748871472.092
7106,369858802,1748871472239,1,0.0435,0.04315727,42.58,BTC-27JUN25-105000-C,104389.22,sell,0.1,0.1,,,,,,,1748871472.239
7107,369858803,1748871472281,1,0.0435,0.04315727,42.58,BTC-27JUN25-105000-C,104389.22,sell,0.1,0.1,,,,,,,1748871472.281
7108,369858804,1748871472314,1,0.0435,0.04315727,42.58,BTC-27JUN25-105000-C,104389.22,sell,0.2,0.2,,,,,,,1748871472.314
7109,369858805,1748871472349,1,0.0435,0.04315108,42.58,BTC-27JUN25-105000-C,104390.12,sell,0.1,0.1,,,,,,,1748871472.349
7110,369858806,1748871472367,1,0.0435,0.04315108,42.58,BTC-27JUN25-105000-C,104390.12,sell,0.1,0.1,,,,,,,1748871472.367
7111,369858807,1748871472371,1,0.0435,0.04315108,42.58,BTC-27JUN25-105000-C,104390.12,sell,0.1,0.1,,,,,,,1748871472.371
7112,369858808,1748871472375,1,0.0435,0.04315108,42.58,BTC-27JUN25-105000-C,104390.12,sell,0.1,0.1,,,,,,,1748871472.375
7113,369867257,1748872997452,2,0.042,0.04167803,42.69,BTC-27JUN25-105000-C,104030.74,buy,0.6,0.6,,,,,,,1748872997.452
7114,369868095,1748873160964,2,0.041,0.04117683,42.18,BTC-27JUN25-105000-C,103936.01,buy,0.3,0.3,,,,,,,1748873160.964
7115,369868118,1748873165763,3,0.041,0.04111644,42.14,BTC-27JUN25-105000-C,103945.14,buy,0.2,0.2,,,,,,,1748873165.763
7116,369868119,1748873165769,3,0.041,0.04111644,42.14,BTC-27JUN25-105000-C,103945.14,buy,0.1,0.1,,,,,,,1748873165.769
7117,369868120,1748873165788,3,0.041,0.04111644,42.14,BTC-27JUN25-105000-C,103945.14,buy,0.1,0.1,,,,,,,1748873165.788
7118,369884376,1748876497880,0,0.042,0.04198241,42.13,BTC-27JUN25-105000-C,104174.26,sell,0.1,0.1,,,,,,,1748876497.88
7121,369887806,1748877213286,1,0.042,0.04224236,41.99,BTC-27JUN25-105000-C,104180.73,sell,8.0,8.0,,,,,,,1748877213.286
7119,369887804,1748877213286,1,0.042,0.04224236,41.99,BTC-27JUN25-105000-C,104180.73,sell,0.9,0.9,,,,,,,1748877213.286
7120,369887805,1748877213286,1,0.042,0.04224236,41.99,BTC-27JUN25-105000-C,104180.73,sell,1.0,1.0,,,,,,,1748877213.286
7122,369889469,1748877842394,0,0.043,0.04302664,42.12,BTC-27JUN25-105000-C,104393.33,buy,0.3,0.3,,,,,,,1748877842.394
7123,369892609,1748879429110,2,0.0425,0.04247788,41.82,BTC-27JUN25-105000-C,104354.59,buy,0.2,0.2,,,,,,,1748879429.11
7124,369892619,1748879431228,3,0.0425,0.04251893,41.78,BTC-27JUN25-105000-C,104363.29,buy,0.2,0.2,,,,,,,1748879431.228
7125,369898944,1748881748288,2,0.041,0.04102299,41.26,BTC-27JUN25-105000-C,104137.95,buy,0.1,0.1,,,,,,,1748881748.288
7126,369899207,1748881846736,3,0.041,0.04118191,41.09,BTC-27JUN25-105000-C,104179.42,sell,0.1,0.1,,,,,,,1748881846.736
7127,369900212,1748882421581,0,0.0415,0.04142378,41.37,BTC-27JUN25-105000-C,104230.15,buy,0.3,0.3,,,,,,,1748882421.581
7130,369902066,1748883466533,1,0.042,0.04225163,41.14,BTC-27JUN25-105000-C,104390.03,sell,0.7,0.7,,,,,,,1748883466.533
7128,369902064,1748883466533,0,0.042,0.04225163,41.14,BTC-27JUN25-105000-C,104390.03,sell,0.9,0.9,,,,,,,1748883466.533
7129,369902065,1748883466533,1,0.042,0.04225163,41.14,BTC-27JUN25-105000-C,104390.03,sell,0.1,0.1,,,,,,,1748883466.533
7131,369903401,1748885036919,0,0.0425,0.04251781,41.5,BTC-27JUN25-105000-C,104440.83,buy,0.6,0.6,,,,,,,1748885036.919
7132,369903444,1748885080240,1,0.0425,0.04263098,41.37,BTC-27JUN25-105000-C,104463.91,buy,0.6,0.6,,,,,,,1748885080.24
7133,369904099,1748885723994,2,0.042,0.04207741,41.31,BTC-27JUN25-105000-C,104380.37,sell,0.1,0.1,,,,,,,1748885723.994
7134,369905472,1748887140290,0,0.0425,0.0424767,41.4,BTC-27JUN25-105000-C,104456.82,buy,0.3,0.3,,,,,,,1748887140.29
7135,369905647,1748887386568,1,0.0425,0.04248031,41.4,BTC-27JUN25-105000-C,104463.44,buy,0.3,0.3,,,,,,,1748887386.568
7136,369905777,1748887443471,1,0.0425,0.04238498,41.45,BTC-27JUN25-105000-C,104453.89,buy,0.2,0.2,,,,,,,1748887443.471
7137,369905894,1748887490444,1,0.0425,0.04237534,41.45,BTC-27JUN25-105000-C,104455.02,buy,0.2,0.2,,,,,,,1748887490.444
7138,369906279,1748887796693,1,0.0425,0.04232923,41.47,BTC-27JUN25-105000-C,104448.85,buy,0.2,0.2,,,,,,,1748887796.693
7139,369906419,1748887896405,1,0.0425,0.04236029,41.45,BTC-27JUN25-105000-C,104457.35,buy,0.2,0.2,,,,,,,1748887896.405
7140,369906643,1748888125656,1,0.0425,0.0424698,41.42,BTC-27JUN25-105000-C,104454.86,buy,0.3,0.3,,,,,,,1748888125.656
7142,369907855,1748889064176,1,0.043,0.04303879,41.31,BTC-27JUN25-105000-C,104597.39,buy,0.6,0.6,,,,,,,1748889064.176
7141,369907854,1748889064176,0,0.043,0.04303879,41.31,BTC-27JUN25-105000-C,104597.39,buy,0.2,0.2,,,,,,,1748889064.176
7143,369907994,1748889192788,2,0.0425,0.04293543,40.98,BTC-27JUN25-105000-C,104563.2,sell,0.1,0.1,,,,,,,1748889192.788
7144,369913810,1748893128870,2,0.042,0.04141819,41.82,BTC-27JUN25-105000-C,104315.95,buy,0.2,0.2,,,,,,,1748893128.87
7145,369915010,1748893821563,2,0.0415,0.04203563,40.76,BTC-27JUN25-105000-C,104415.2,sell,0.1,0.1,,,,,,,1748893821.563
7146,369915013,1748893830812,3,0.0415,0.04194599,40.86,BTC-27JUN25-105000-C,104397.47,sell,0.1,0.1,,,,,,,1748893830.812
7147,369915038,1748893839244,3,0.0415,0.0419004,40.9,BTC-27JUN25-105000-C,104390.77,sell,0.1,0.1,,,,,,,1748893839.244
7148,369915065,1748893875095,3,0.0415,0.04188862,40.89,BTC-27JUN25-105000-C,104397.63,sell,0.1,0.1,,,,,,,1748893875.095
7149,369915077,1748893905932,3,0.0415,0.04193458,40.88,BTC-27JUN25-105000-C,104399.53,sell,0.1,0.1,,,,,,,1748893905.932
7150,369915119,1748893928962,3,0.0415,0.04204057,40.77,BTC-27JUN25-105000-C,104421.93,sell,0.1,0.1,,,,,,,1748893928.962
7151,369915290,1748894113539,3,0.0415,0.04214248,40.65,BTC-27JUN25-105000-C,104449.15,sell,0.1,0.1,,,,,,,1748894113.539
7152,369915295,1748894121235,3,0.0415,0.04215298,40.64,BTC-27JUN25-105000-C,104452.0,sell,0.1,0.1,,,,,,,1748894121.235
7153,369915357,1748894171895,3,0.0415,0.04215021,40.63,BTC-27JUN25-105000-C,104458.85,sell,0.1,0.1,,,,,,,1748894171.895
7154,369915572,1748894330704,0,0.042,0.04219481,40.99,BTC-27JUN25-105000-C,104484.58,buy,0.5,0.5,,,,,,,1748894330.704
7155,369915690,1748894407547,1,0.042,0.04211823,41.04,BTC-27JUN25-105000-C,104478.38,buy,0.5,0.5,,,,,,,1748894407.547
7156,369915717,1748894416122,1,0.042,0.04223896,40.94,BTC-27JUN25-105000-C,104498.9,sell,0.1,0.1,,,,,,,1748894416.122
7157,369916638,1748894897800,0,0.043,0.04321095,40.95,BTC-27JUN25-105000-C,104701.45,buy,0.1,0.1,,,,,,,1748894897.8
7158,369916748,1748894917872,1,0.043,0.04314186,41.02,BTC-27JUN25-105000-C,104684.53,buy,0.1,0.1,,,,,,,1748894917.872
7159,369918642,1748895348426,0,0.044,0.04416194,41.05,BTC-27JUN25-105000-C,104902.73,buy,0.3,0.3,,,,,,,1748895348.426
7160,369919815,1748896202710,1,0.044,0.04401375,41.15,BTC-27JUN25-105000-C,104880.42,buy,0.1,0.1,,,,,,,1748896202.71
7161,369920370,1748897151736,2,0.0435,0.04394647,40.8,BTC-27JUN25-105000-C,104858.22,sell,0.1,0.1,,,,,,,1748897151.736
7162,369921128,1748897748387,3,0.0435,0.04370639,41.0,BTC-27JUN25-105000-C,104805.92,buy,0.1,0.1,,,,,,,1748897748.387
7163,369928039,1748902082140,0,0.045,0.04494672,41.05,BTC-27JUN25-105000-C,105147.9,sell,0.2,0.2,,,,,,,1748902082.14
7164,369929468,1748902705454,0,0.046,0.04592832,41.01,BTC-27JUN25-105000-C,105336.23,buy,0.3,0.3,,,,,,,1748902705.454
7165,369929532,1748902710783,1,0.046,0.04605068,40.89,BTC-27JUN25-105000-C,105358.79,buy,1.7,1.7,,,,,,,1748902710.783
7166,369933324,1748904042447,0,0.047,0.0471352,40.82,BTC-27JUN25-105000-C,105584.25,buy,0.1,0.1,,,,,,,1748904042.447
7167,369934260,1748905210453,0,0.048,0.0481973,40.89,BTC-27JUN25-105000-C,105769.7,sell,0.1,0.1,,,,,,,1748905210.453
7168,369934278,1748905213710,1,0.048,0.04827198,40.85,BTC-27JUN25-105000-C,105775.14,sell,0.1,0.1,,,,,,,1748905213.71
7169,369934422,1748905274204,2,0.0475,0.0479327,40.73,BTC-27JUN25-105000-C,105707.16,sell,0.1,0.1,,,,,,,1748905274.204
7170,369935388,1748906022173,0,0.048,0.0481522,40.9,BTC-27JUN25-105000-C,105771.32,buy,0.1,0.1,,,,,,,1748906022.173
7171,369937373,1748906761316,0,0.049,0.04895716,41.15,BTC-27JUN25-105000-C,105898.85,sell,0.1,0.1,,,,,,,1748906761.316
7172,369938448,1748907642724,1,0.049,0.04906676,41.06,BTC-27JUN25-105000-C,105909.53,buy,0.1,0.1,,,,,,,1748907642.724
7173,369939622,1748908805350,1,0.049,0.04901125,41.02,BTC-27JUN25-105000-C,105930.36,buy,0.1,0.1,,,,,,,1748908805.35
7174,369943071,1748910334628,0,0.0515,0.05179762,40.99,BTC-27JUN25-105000-C,106435.53,sell,0.1,0.1,,,,,,,1748910334.628
7177,369946602,1748913283993,3,0.0505,0.05071834,40.85,BTC-27JUN25-105000-C,106252.67,sell,0.1,0.1,,,,,,,1748913283.993
7175,369946600,1748913283993,2,0.0505,0.05071834,40.85,BTC-27JUN25-105000-C,106252.67,sell,0.9,0.9,,,,,,,1748913283.993
7176,369946601,1748913283993,3,0.0505,0.05071834,40.85,BTC-27JUN25-105000-C,106252.67,sell,0.9,0.9,,,,,,,1748913283.993
7178,369946603,1748913283995,3,0.0505,0.05071834,40.85,BTC-27JUN25-105000-C,106252.67,buy,0.1,0.1,,,,,,,1748913283.995
7179,369952109,1748917202423,2,0.05,0.05007965,40.87,BTC-27JUN25-105000-C,106166.22,buy,1.0,1.0,,,,,,,1748917202.423
7180,369961138,1748926438602,2,0.0455,0.04565993,41.43,BTC-27JUN25-105000-C,105194.55,sell,0.1,0.1,,,,,,,1748926438.602
7181,369964195,1748932727027,0,0.046,0.04600397,41.55,BTC-27JUN25-105000-C,105307.38,sell,0.1,0.1,,,,,,,1748932727.027
7182,369969189,1748936788052,0,0.0462,0.04586628,41.87,BTC-27JUN25-105000-C,105316.12,sell,0.1,0.1,,,BTC-CS-27JUN25-105000_115000,,,369969188,1748936788.052
7183,369975272,1748939667306,2,0.0445,0.04439633,41.74,BTC-27JUN25-105000-C,104968.51,sell,0.4,0.4,,,,,,,1748939667.306
7184,369975328,1748939729595,3,0.0445,0.0443507,41.79,BTC-27JUN25-105000-C,104959.54,sell,0.6,0.6,,,,,,,1748939729.595
7185,369982273,1748944233065,0,0.046,0.04556255,41.75,BTC-27JUN25-105000-C,105302.23,buy,1.2,1.2,,,,,,,1748944233.065
7186,369982305,1748944392550,1,0.046,0.04552706,41.77,BTC-27JUN25-105000-C,105296.54,buy,0.5,0.5,,,,,,,1748944392.55
7187,369982389,1748944642330,2,0.0455,0.04554996,41.24,BTC-27JUN25-105000-C,105302.78,sell,0.2,0.2,,,,,,,1748944642.33
7188,369993695,1748957471374,3,0.0455,0.04540045,40.61,BTC-27JUN25-105000-C,105499.8,sell,0.1,0.1,,,,,,,1748957471.374
7189,369997056,1748958583794,0,0.046,0.04588085,40.81,BTC-27JUN25-105000-C,105550.19,sell,0.1,0.1,,,,,,,1748958583.794
7190,369997675,1748958971765,2,0.0455,0.04563863,40.46,BTC-27JUN25-105000-C,105505.02,sell,0.4,0.4,,,,,,,1748958971.765
7191,369997676,1748958971765,3,0.0455,0.04563863,40.46,BTC-27JUN25-105000-C,105505.02,sell,0.1,0.1,,,,,,,1748958971.765
7192,369997677,1748958971767,3,0.0455,0.04563863,40.46,BTC-27JUN25-105000-C,105505.02,buy,0.5,0.5,,,,,,,1748958971.767
7193,369998812,1748959353496,3,0.0455,0.04541682,40.59,BTC-27JUN25-105000-C,105492.21,sell,0.1,0.1,,,,,,,1748959353.496
7194,369998813,1748959353496,3,0.0455,0.04541682,40.59,BTC-27JUN25-105000-C,105492.21,sell,0.4,0.4,,,,,,,1748959353.496
7195,369999475,1748959778102,2,0.0445,0.04462163,40.46,BTC-27JUN25-105000-C,105305.61,buy,0.1,0.1,,,,,,,1748959778.102
7196,369999806,1748960117555,3,0.0445,0.04446637,40.61,BTC-27JUN25-105000-C,105275.82,buy,0.2,0.2,,,,,,,1748960117.555
7197,370000735,1748960477374,0,0.047,0.04702198,40.52,BTC-27JUN25-105000-C,105810.97,buy,0.2,0.2,,,,,,,1748960477.374
7198,370000736,1748960477387,1,0.047,0.04702198,40.52,BTC-27JUN25-105000-C,105810.97,buy,0.2,0.2,,,,,,,1748960477.387
7199,370000738,1748960477428,1,0.047,0.04702198,40.52,BTC-27JUN25-105000-C,105810.97,buy,0.1,0.1,,,,,,,1748960477.428
7200,370004585,1748961897556,0,0.05,0.05005184,40.53,BTC-27JUN25-105000-C,106407.41,buy,0.1,0.1,,,,,,,1748961897.556
7201,370014766,1748964449760,0,0.0529,0.05248749,41.36,BTC-27JUN25-105000-C,106807.86,buy,2.0,2.0,,,BTC-CS-27JUN25-105000_115000,,,370014765,1748964449.76
7202,370028101,1748972340356,2,0.048,0.04772218,40.48,BTC-27JUN25-105000-C,106008.74,buy,2.4,2.4,,,,,,,1748972340.356
7203,370028160,1748972413665,3,0.048,0.04782181,40.38,BTC-27JUN25-105000-C,106030.91,buy,2.4,2.4,,,,,,,1748972413.665
7204,370028281,1748972512970,2,0.0475,0.0476306,40.26,BTC-27JUN25-105000-C,105963.39,buy,2.4,2.4,,,,,,,1748972512.97
7205,370028454,1748972651149,3,0.0475,0.04744524,40.25,BTC-27JUN25-105000-C,105966.59,buy,2.4,2.4,,,,,,,1748972651.149
7206,370028613,1748972828887,3,0.0475,0.04729895,40.39,BTC-27JUN25-105000-C,105936.4,buy,2.4,2.4,,,,,,,1748972828.887
7207,370028681,1748972905600,3,0.0475,0.0473785,40.32,BTC-27JUN25-105000-C,105946.39,buy,0.1,0.1,,,,,,,1748972905.6
7208,370036134,1748981464283,0,0.048,0.04793929,40.15,BTC-27JUN25-105000-C,106114.59,sell,0.1,0.1,,,,,,,1748981464.283
7209,370039217,1748983650869,2,0.047,0.04715255,40.0,BTC-27JUN25-105000-C,105936.79,sell,0.1,0.1,,,,,,,1748983650.869
7210,370039270,1748983689382,2,0.0465,0.04707359,39.59,BTC-27JUN25-105000-C,105923.51,sell,0.1,0.1,,,,,,,1748983689.382
7211,370063051,1749007869301,2,0.0447,0.04474725,39.49,BTC-27JUN25-105000-C,105705.01,buy,75.0,75.0,2.0,BLOCK-203015,BTC-STRD-27JUN25-105000,,5340.0,,1749007869.301
7212,370064137,1749009489420,2,0.0445,0.04429415,39.82,BTC-27JUN25-105000-C,105604.23,sell,0.1,0.1,,,,,,,1749009489.42
7213,370069076,1749018109201,2,0.0435,0.04320966,40.1,BTC-27JUN25-105000-C,105359.85,buy,0.2,0.2,,,,,,,1749018109.201
7214,370069077,1749018109203,3,0.0435,0.04320966,40.1,BTC-27JUN25-105000-C,105359.85,sell,0.8,0.8,,,,,,,1749018109.203
7215,370072559,1749023105729,2,0.043,0.04311987,39.58,BTC-27JUN25-105000-C,105378.61,sell,0.1,0.1,,,,,,,1749023105.729
7216,370077652,1749026842402,0,0.0435,0.04386089,39.32,BTC-27JUN25-105000-C,105546.56,sell,0.1,0.1,,,,,,,1749026842.402
7217,370079465,1749029439163,1,0.0435,0.04349253,39.77,BTC-27JUN25-105000-C,105459.27,sell,0.2,0.2,,,,,,,1749029439.163
7218,370079467,1749029440067,1,0.0435,0.04348827,39.78,BTC-27JUN25-105000-C,105459.04,sell,0.1,0.1,,,,,,,1749029440.067
7219,370079468,1749029440073,1,0.0435,0.04348827,39.78,BTC-27JUN25-105000-C,105459.04,sell,0.1,0.1,,,,,,,1749029440.073
7220,370079469,1749029440079,1,0.0435,0.04348827,39.78,BTC-27JUN25-105000-C,105459.04,sell,0.1,0.1,,,,,,,1749029440.079
7221,370079470,1749029440103,1,0.0435,0.04348827,39.78,BTC-27JUN25-105000-C,105459.04,sell,0.2,0.2,,,,,,,1749029440.103
7222,370079472,1749029442088,1,0.0435,0.04348415,39.82,BTC-27JUN25-105000-C,105450.94,sell,0.1,0.1,,,,,,,1749029442.088
7223,370084118,1749034218560,0,0.046,0.04572195,40.82,BTC-27JUN25-105000-C,105722.24,buy,1.1,1.1,,,,,,,1749034218.56
7224,370090974,1749039836013,2,0.042,0.04210537,40.26,BTC-27JUN25-105000-C,105020.78,sell,0.3,0.3,,,,,,,1749039836.013
7225,370093940,1749042429380,3,0.042,0.04190948,40.22,BTC-27JUN25-105000-C,105066.01,buy,0.1,0.1,,,,,,,1749042429.38
7226,370093960,1749042458149,2,0.0415,0.04174068,39.89,BTC-27JUN25-105000-C,105032.73,buy,0.1,0.1,,,,,,,1749042458.149
7227,370099109,1749045134736,2,0.041,0.04113134,39.85,BTC-27JUN25-105000-C,104970.66,sell,0.1,0.1,,,,,,,1749045134.736
7228,370102781,1749045661680,2,0.0395,0.03953682,40.04,BTC-27JUN25-105000-C,104571.95,sell,0.1,0.1,,,,,,,1749045661.68
7229,370108044,1749046081354,2,0.0385,0.03862126,40.15,BTC-27JUN25-105000-C,104337.05,buy,0.1,0.1,,,,,,,1749046081.354
7230,370108093,1749046088123,3,0.0385,0.03847976,40.23,BTC-27JUN25-105000-C,104319.88,buy,0.1,0.1,,,,,,,1749046088.123
7231,370108249,1749046111654,3,0.0385,0.03851754,40.22,BTC-27JUN25-105000-C,104321.46,buy,0.1,0.1,,,,,,,1749046111.654
7232,370108772,1749046232674,0,0.039,0.03898516,40.2,BTC-27JUN25-105000-C,104435.57,buy,0.1,0.1,,,,,,,1749046232.674
7233,370108798,1749046243238,1,0.039,0.03905566,40.16,BTC-27JUN25-105000-C,104446.8,buy,0.1,0.1,,,,,,,1749046243.238
7234,370108858,1749046252741,1,0.039,0.03915845,40.14,BTC-27JUN25-105000-C,104449.67,buy,0.1,0.1,,,,,,,1749046252.741
7235,370109434,1749046482848,0,0.0395,0.03933179,40.33,BTC-27JUN25-105000-C,104530.28,buy,0.1,0.1,,,,,,,1749046482.848
7236,370110112,1749046624825,0,0.04,0.03996546,40.3,BTC-27JUN25-105000-C,104649.58,buy,0.1,0.1,,,,,,,1749046624.825
7237,370110353,1749046724769,1,0.04,0.03984125,40.34,BTC-27JUN25-105000-C,104647.55,buy,0.1,0.1,,,,,,,1749046724.769
7238,370110594,1749046830269,1,0.04,0.03981961,40.41,BTC-27JUN25-105000-C,104638.29,sell,0.1,0.1,,,,,,,1749046830.269
7239,370111465,1749046910353,1,0.04,0.03990938,40.32,BTC-27JUN25-105000-C,104657.26,sell,0.1,0.1,,,,,,,1749046910.353
7240,370111774,1749046946452,1,0.04,0.03977402,40.4,BTC-27JUN25-105000-C,104638.94,sell,0.1,0.1,,,,,,,1749046946.452
7241,370111836,1749046968855,1,0.04,0.03988008,40.35,BTC-27JUN25-105000-C,104648.62,buy,0.1,0.1,,,,,,,1749046968.855
7242,370111843,1749046972257,1,0.04,0.03988856,40.35,BTC-27JUN25-105000-C,104649.06,buy,0.1,0.1,,,,,,,1749046972.257
7243,370117592,1749047688546,0,0.0405,0.04015625,40.55,BTC-27JUN25-105000-C,104743.31,buy,0.2,0.2,,,,,,,1749047688.546
7244,370117593,1749047688546,1,0.0405,0.04015625,40.55,BTC-27JUN25-105000-C,104743.31,buy,0.7,0.7,,,,,,,1749047688.546
7245,370117594,1749047688546,1,0.0405,0.04015625,40.55,BTC-27JUN25-105000-C,104743.31,buy,0.1,0.1,,,,,,,1749047688.546
7246,370117874,1749047739838,2,0.04,0.0398562,40.32,BTC-27JUN25-105000-C,104687.23,buy,0.1,0.1,,,,,,,1749047739.838
7247,370118175,1749047763970,3,0.04,0.03985953,40.36,BTC-27JUN25-105000-C,104676.89,sell,0.1,0.1,,,,,,,1749047763.97
7248,370118200,1749047775923,3,0.04,0.03973917,40.41,BTC-27JUN25-105000-C,104665.96,buy,0.1,0.1,,,,,,,1749047775.923
7249,370118217,1749047788073,3,0.04,0.03967585,40.5,BTC-27JUN25-105000-C,104647.36,buy,0.1,0.1,,,,,,,1749047788.073
7250,370118224,1749047789089,3,0.04,0.03967645,40.5,BTC-27JUN25-105000-C,104648.7,buy,0.1,0.1,,,,,,,1749047789.089
7251,370118539,1749047868519,3,0.04,0.0399457,40.25,BTC-27JUN25-105000-C,104697.85,sell,0.1,0.1,,,,,,,1749047868.519
7252,370118542,1749047873548,3,0.04,0.03994651,40.25,BTC-27JUN25-105000-C,104697.13,buy,0.1,0.1,,,,,,,1749047873.548
7253,370118585,1749047880373,2,0.0395,0.03991482,39.81,BTC-27JUN25-105000-C,104682.7,sell,2.0,2.0,,,,,,,1749047880.373
7254,370118618,1749047886779,0,0.04,0.03987077,40.32,BTC-27JUN25-105000-C,104680.78,buy,0.1,0.1,,,,,,,1749047886.779
7255,370118729,1749047897532,2,0.0395,0.03976159,39.98,BTC-27JUN25-105000-C,104649.24,sell,0.5,0.5,,,,,,,1749047897.532
7256,370118730,1749047897534,3,0.0395,0.03976159,39.98,BTC-27JUN25-105000-C,104649.24,buy,1.5,1.5,,,,,,,1749047897.534
7257,370118742,1749047902874,3,0.0395,0.0398013,39.88,BTC-27JUN25-105000-C,104671.01,sell,1.5,1.5,,,,,,,1749047902.874
7258,370118743,1749047902875,3,0.0395,0.0398013,39.88,BTC-27JUN25-105000-C,104671.01,buy,1.5,1.5,,,,,,,1749047902.875
7259,370119180,1749048018682,0,0.04,0.04001522,40.11,BTC-27JUN25-105000-C,104733.14,buy,1.7,1.7,,,,,,,1749048018.682
7260,370119745,1749048079916,1,0.04,0.04023408,39.95,BTC-27JUN25-105000-C,104759.15,sell,0.1,0.1,,,,,,,1749048079.916
7261,370120657,1749048366507,1,0.04,0.04009704,39.95,BTC-27JUN25-105000-C,104759.55,sell,0.1,0.1,,,,,,,1749048366.507
7262,370125858,1749049418620,0,0.0416,0.041509,40.1,BTC-27JUN25-105000-C,105053.84,buy,50.0,50.0,2.0,BLOCK-203103,BTC-CSR12-27JUN25-105000_115000,,5379.0,,1749049418.62
7263,370126212,1749049567739,2,0.041,0.04151722,39.47,BTC-27JUN25-105000-C,105064.95,sell,0.4,0.4,,,,,,,1749049567.739
7264,370127857,1749050244491,0,0.043,0.04302437,39.9,BTC-27JUN25-105000-C,105377.87,buy,0.2,0.2,,,,,,,1749050244.491
7265,370130533,1749052063548,0,0.0435,0.04350095,39.86,BTC-27JUN25-105000-C,105510.06,sell,0.1,0.1,,,,,,,1749052063.548
7266,370130544,1749052073899,1,0.0435,0.04336536,39.96,BTC-27JUN25-105000-C,105491.5,sell,0.4,0.4,,,,,,,1749052073.899
7267,370130548,1749052074914,1,0.0435,0.04337179,39.96,BTC-27JUN25-105000-C,105491.38,sell,0.2,0.2,,,,,,,1749052074.914
7268,370130555,1749052081611,1,0.0435,0.04331385,40.02,BTC-27JUN25-105000-C,105481.19,sell,0.2,0.2,,,,,,,1749052081.611
7269,370130560,1749052082629,1,0.0435,0.04331654,40.02,BTC-27JUN25-105000-C,105481.19,sell,0.1,0.1,,,,,,,1749052082.629
7270,370139413,1749063640557,2,0.0405,0.04070159,39.19,BTC-27JUN25-105000-C,105026.49,buy,0.1,0.1,,,,,,,1749063640.557
7271,370140785,1749065826373,3,0.0405,0.04062712,39.29,BTC-27JUN25-105000-C,105012.24,buy,0.1,0.1,,,,,,,1749065826.373
7272,370146954,1749070703917,2,0.0385,0.03837482,39.39,BTC-27JUN25-105000-C,104617.02,buy,0.1,0.1,,,,,,,1749070703.917
7273,370147114,1749070874405,0,0.039,0.03853824,39.75,BTC-27JUN25-105000-C,104642.2,buy,0.7,0.7,,,,,,,1749070874.405
7275,370147151,1749070945346,1,0.039,0.03859798,39.67,BTC-27JUN25-105000-C,104658.52,buy,1.3,1.3,,,,,,,1749070945.346
7274,370147150,1749070945346,1,0.039,0.03859798,39.67,BTC-27JUN25-105000-C,104658.52,buy,0.1,0.1,,,,,,,1749070945.346
7276,370147284,1749071146948,2,0.0385,0.03839774,39.41,BTC-27JUN25-105000-C,104604.25,buy,0.1,0.1,,,,,,,1749071146.948
7277,370147285,1749071146948,3,0.0385,0.03839774,39.41,BTC-27JUN25-105000-C,104604.25,buy,0.4,0.4,,,,,,,1749071146.948
7279,370152898,1749081411285,1,0.039,0.03919515,39.24,BTC-27JUN25-105000-C,104772.0,sell,0.2,0.2,,,,,,,1749081411.285
7278,370152897,1749081411285,0,0.039,0.03919515,39.24,BTC-27JUN25-105000-C,104772.0,sell,0.3,0.3,,,,,,,1749081411.285
7281,370152902,1749081433858,1,0.039,0.03919363,39.25,BTC-27JUN25-105000-C,104769.57,sell,0.1,0.1,,,,,,,1749081433.858
7282,370152903,1749081433858,1,0.039,0.03919363,39.25,BTC-27JUN25-105000-C,104769.57,sell,0.2,0.2,,,,,,,1749081433.858
7280,370152901,1749081433858,1,0.039,0.03919363,39.25,BTC-27JUN25-105000-C,104769.57,sell,0.7,0.7,,,,,,,1749081433.858
7283,370155490,1749086114557,0,0.041,0.04101484,39.43,BTC-27JUN25-105000-C,105164.6,buy,0.1,0.1,,,,,,,1749086114.557
7284,370155667,1749086586573,2,0.04,0.04048586,38.91,BTC-27JUN25-105000-C,105063.11,sell,0.1,0.1,,,,,,,1749086586.573
7285,370155878,1749087072290,3,0.04,0.04015892,39.23,BTC-27JUN25-105000-C,104986.58,sell,0.1,0.1,,,,,,,1749087072.29
7286,370156556,1749088415246,2,0.0385,0.03922405,38.74,BTC-27JUN25-105000-C,104767.13,sell,0.2,0.2,,,,,,,1749088415.246
7287,370156716,1749088789752,0,0.039,0.03939062,39.04,BTC-27JUN25-105000-C,104815.51,sell,0.2,0.2,,,,,,,1749088789.752
7288,370156792,1749088870493,0,0.0395,0.03954345,39.37,BTC-27JUN25-105000-C,104853.98,buy,0.2,0.2,,,,,,,1749088870.493
7289,370156878,1749088971216,1,0.0395,0.03999096,38.93,BTC-27JUN25-105000-C,104942.2,sell,0.2,0.2,,,,,,,1749088971.216
7290,370156944,1749089152787,1,0.0395,0.03995323,39.02,BTC-27JUN25-105000-C,104929.58,sell,0.2,0.2,,,,,,,1749089152.787
7291,370157207,1749089736887,1,0.0395,0.04026424,38.65,BTC-27JUN25-105000-C,105008.75,sell,0.2,0.2,,,,,,,1749089736.887
7292,370157428,1749090132900,2,0.039,0.03968699,38.7,BTC-27JUN25-105000-C,104908.88,sell,0.2,0.2,,,,,,,1749090132.9
7293,370157579,1749090425324,0,0.0395,0.03999964,38.9,BTC-27JUN25-105000-C,104957.93,sell,0.2,0.2,,,,,,,1749090425.324
7294,370158021,1749090831042,0,0.0405,0.04028361,39.48,BTC-27JUN25-105000-C,105046.19,buy,0.2,0.2,,,,,,,1749090831.042
7295,370158112,1749090863702,0,0.041,0.04083954,39.49,BTC-27JUN25-105000-C,105142.29,buy,0.2,0.2,,,,,,,1749090863.702
7296,370158293,1749091106258,1,0.041,0.04101999,39.3,BTC-27JUN25-105000-C,105187.31,buy,0.2,0.2,,,,,,,1749091106.258
7297,370159483,1749092055931,2,0.0405,0.04102322,38.64,BTC-27JUN25-105000-C,105223.93,sell,0.1,0.1,,,,,,,1749092055.931
7298,370166794,1749104008017,2,0.038,0.03791446,39.14,BTC-27JUN25-105000-C,104602.58,sell,2.0,2.0,,,,,,,1749104008.017
7299,370169314,1749105739334,3,0.038,0.03771937,39.47,BTC-27JUN25-105000-C,104535.69,buy,0.1,0.1,,,,,,,1749105739.334
7300,370169733,1749106075154,3,0.038,0.03756502,39.65,BTC-27JUN25-105000-C,104492.61,buy,0.1,0.1,,,,,,,1749106075.154
7301,370170029,1749106325003,2,0.0375,0.03724657,39.48,BTC-27JUN25-105000-C,104423.98,buy,0.1,0.1,,,,,,,1749106325.003
7302,370170187,1749106500798,3,0.0375,0.03750276,39.18,BTC-27JUN25-105000-C,104480.22,buy,0.1,0.1,,,,,,,1749106500.798
7303,370170202,1749106508570,3,0.0375,0.03761845,39.1,BTC-27JUN25-105000-C,104499.24,buy,0.1,0.1,,,,,,,1749106508.57
7304,370170709,1749106962346,0,0.038,0.03777462,39.41,BTC-27JUN25-105000-C,104549.48,sell,0.1,0.1,,,,,,,1749106962.346
7305,370170720,1749106996123,0,0.0385,0.03775583,39.95,BTC-27JUN25-105000-C,104541.04,buy,0.1,0.1,,,,,,,1749106996.123
7306,370170910,1749107246444,2,0.038,0.03776552,39.41,BTC-27JUN25-105000-C,104552.07,sell,0.1,0.1,,,,,,,1749107246.444
7307,370170913,1749107271417,3,0.038,0.03776956,39.41,BTC-27JUN25-105000-C,104553.03,sell,0.1,0.1,,,,,,,1749107271.417
7308,370170914,1749107281918,3,0.038,0.03776183,39.41,BTC-27JUN25-105000-C,104552.46,sell,0.1,0.1,,,,,,,1749107281.918
7309,370170974,1749107315535,0,0.0385,0.03783286,39.85,BTC-27JUN25-105000-C,104566.12,buy,0.1,0.1,,,,,,,1749107315.535
7310,370171046,1749107502501,1,0.0385,0.0379217,39.79,BTC-27JUN25-105000-C,104579.83,buy,0.1,0.1,,,,,,,1749107502.501
7311,370171123,1749107661516,2,0.038,0.03806172,39.14,BTC-27JUN25-105000-C,104608.58,sell,0.1,0.1,,,,,,,1749107661.516
7312,370171499,1749108179869,3,0.038,0.03804162,39.12,BTC-27JUN25-105000-C,104630.87,sell,0.1,0.1,,,,,,,1749108179.869
7313,370171725,1749108438174,3,0.038,0.03802298,39.11,BTC-27JUN25-105000-C,104626.52,sell,0.1,0.1,,,,,,,1749108438.174
7314,370172040,1749108766001,3,0.038,0.03798976,39.05,BTC-27JUN25-105000-C,104638.04,sell,0.1,0.1,,,,,,,1749108766.001
7317,370172674,1749109127079,3,0.0375,0.03756259,38.95,BTC-27JUN25-105000-C,104550.64,sell,0.1,0.1,,,,,,,1749109127.079
7316,370172673,1749109127079,3,0.0375,0.03756259,38.95,BTC-27JUN25-105000-C,104550.64,sell,0.1,0.1,,,,,,,1749109127.079
7315,370172672,1749109127079,2,0.0375,0.03756259,38.95,BTC-27JUN25-105000-C,104550.64,sell,0.1,0.1,,,,,,,1749109127.079
7318,370172675,1749109127079,3,0.0375,0.03756259,38.95,BTC-27JUN25-105000-C,104550.64,sell,0.8,0.8,,,,,,,1749109127.079
7319,370172676,1749109127081,3,0.0375,0.03756259,38.95,BTC-27JUN25-105000-C,104550.64,buy,3.9,3.9,,,,,,,1749109127.081
7320,370173169,1749109590268,3,0.0375,0.03743565,39.09,BTC-27JUN25-105000-C,104529.62,sell,0.1,0.1,,,,,,,1749109590.268
7321,370173181,1749109594576,3,0.0375,0.03738189,39.13,BTC-27JUN25-105000-C,104520.87,sell,0.1,0.1,,,,,,,1749109594.576
7322,370173352,1749109779902,3,0.0375,0.03735737,39.18,BTC-27JUN25-105000-C,104504.95,sell,0.1,0.1,,,,,,,1749109779.902
7323,370173821,1749110119782,0,0.038,0.0377003,39.35,BTC-27JUN25-105000-C,104570.0,buy,0.8,0.8,,,,,,,1749110119.782
7324,370173962,1749110225366,1,0.038,0.03770517,39.37,BTC-27JUN25-105000-C,104573.38,buy,0.1,0.1,,,,,,,1749110225.366
7325,370174114,1749110383912,2,0.0375,0.03760331,38.94,BTC-27JUN25-105000-C,104551.17,sell,0.1,0.1,,,,,,,1749110383.912
7326,370174233,1749110462080,0,0.038,0.03787406,39.16,BTC-27JUN25-105000-C,104619.01,sell,0.1,0.1,,,,,,,1749110462.08
7327,370174858,1749110827504,1,0.038,0.03804045,39.12,BTC-27JUN25-105000-C,104620.3,sell,0.1,0.1,,,,,,,1749110827.504
7328,370178099,1749113883290,0,0.0385,0.03817646,39.27,BTC-27JUN25-105000-C,104705.35,buy,0.1,0.1,,,,,,,1749113883.29
7329,370178137,1749114006207,1,0.0385,0.0382275,39.19,BTC-27JUN25-105000-C,104719.68,buy,0.1,0.1,,,,,,,1749114006.207
7330,370178404,1749114312905,0,0.039,0.03846077,39.53,BTC-27JUN25-105000-C,104767.15,buy,1.6,1.6,,,,,,,1749114312.905
7331,370178405,1749114312905,1,0.039,0.03846077,39.53,BTC-27JUN25-105000-C,104767.15,buy,0.4,0.4,,,,,,,1749114312.905
7332,370178574,1749114491381,1,0.039,0.03874854,39.23,BTC-27JUN25-105000-C,104821.89,buy,0.2,0.2,,,,,,,1749114491.381
7333,370178840,1749115127103,1,0.039,0.03894169,39.2,BTC-27JUN25-105000-C,104826.53,buy,0.1,0.1,,,,,,,1749115127.103
7334,370178978,1749115149921,1,0.039,0.03896331,39.18,BTC-27JUN25-105000-C,104834.89,buy,0.1,0.1,,,,,,,1749115149.921
7335,370179504,1749115964306,2,0.0385,0.03858547,39.11,BTC-27JUN25-105000-C,104759.85,sell,0.1,0.1,,,,,,,1749115964.306
7336,370179613,1749116212125,3,0.0385,0.03859259,39.07,BTC-27JUN25-105000-C,104765.11,sell,0.1,0.1,,,,,,,1749116212.125
7337,370179816,1749116561387,0,0.039,0.03896333,39.12,BTC-27JUN25-105000-C,104851.41,sell,0.1,0.1,,,,,,,1749116561.387
7338,370179856,1749116668066,1,0.039,0.03894939,39.13,BTC-27JUN25-105000-C,104855.73,buy,0.1,0.1,,,,,,,1749116668.066
7339,370180107,1749116851353,0,0.0395,0.03934131,39.2,BTC-27JUN25-105000-C,104946.25,sell,0.1,0.1,,,,,,,1749116851.353
7340,370180390,1749117213762,1,0.0395,0.03918388,39.38,BTC-27JUN25-105000-C,104928.5,buy,0.1,0.1,,,,,,,1749117213.762
7341,370180879,1749117666012,1,0.0395,0.03923052,39.36,BTC-27JUN25-105000-C,104927.13,sell,0.1,0.1,,,,,,,1749117666.012
7342,370180919,1749117672656,0,0.04,0.03916665,39.97,BTC-27JUN25-105000-C,104908.86,buy,0.1,0.1,,,,,,,1749117672.656
7343,370181383,1749118575943,2,0.039,0.03900445,39.12,BTC-27JUN25-105000-C,104874.07,sell,0.3,0.3,,,,,,,1749118575.943
7344,370181755,1749119154407,2,0.038,0.03853302,38.63,BTC-27JUN25-105000-C,104769.32,sell,0.1,0.1,,,,,,,1749119154.407
7345,370181768,1749119161612,3,0.038,0.03843488,38.65,BTC-27JUN25-105000-C,104763.91,sell,0.2,0.2,,,,,,,1749119161.612
7346,370182292,1749119939652,2,0.0375,0.03767518,38.53,BTC-27JUN25-105000-C,104681.06,sell,0.2,0.2,,,,,,,1749119939.652
7347,370182301,1749119939663,3,0.0375,0.03767518,38.53,BTC-27JUN25-105000-C,104681.06,sell,0.1,0.1,,,,,,,1749119939.663
7348,370183712,1749121232784,0,0.038,0.03760031,39.02,BTC-27JUN25-105000-C,104701.23,buy,0.1,0.1,,,,,,,1749121232.784
7350,370184135,1749121875679,1,0.038,0.03750656,39.21,BTC-27JUN25-105000-C,104655.8,buy,1.2,1.2,,,,,,,1749121875.679
7349,370184134,1749121875679,1,0.038,0.03750656,39.21,BTC-27JUN25-105000-C,104655.8,buy,0.8,0.8,,,,,,,1749121875.679
7351,370188024,1749125739469,0,0.04,0.03985801,38.92,BTC-27JUN25-105000-C,105131.07,buy,0.1,0.1,,,,,,,1749125739.469
7352,370190235,1749126437655,0,0.042,0.04167054,39.5,BTC-27JUN25-105000-C,105436.3,buy,0.2,0.2,,,,,,,1749126437.655
7353,370200473,1749130398763,1,0.042,0.04216692,39.04,BTC-27JUN25-105000-C,105528.6,sell,0.1,0.1,,,,,,,1749130398.763
7354,370201517,1749130893600,2,0.0415,0.04156325,39.04,BTC-27JUN25-105000-C,105417.74,sell,0.3,0.3,,,,,,,1749130893.6
7355,370203085,1749131338843,2,0.0405,0.03992186,39.68,BTC-27JUN25-105000-C,105067.91,buy,0.1,0.1,,,,,,,1749131338.843
7356,370203254,1749131363479,2,0.0395,0.03953101,39.06,BTC-27JUN25-105000-C,104987.64,sell,0.1,0.1,,,,,,,1749131363.479
7357,370204595,1749131551904,2,0.0385,0.03855258,39.1,BTC-27JUN25-105000-C,104768.47,sell,0.9,0.9,,,,,,,1749131551.904
7358,370204610,1749131551958,3,0.0385,0.03855258,39.1,BTC-27JUN25-105000-C,104768.47,sell,0.8,0.8,,,,,,,1749131551.958
7359,370207558,1749131811590,2,0.037,0.03718262,39.01,BTC-27JUN25-105000-C,104459.03,sell,0.1,0.1,,,,,,,1749131811.59
7360,370211889,1749132725142,2,0.0365,0.03645894,39.34,BTC-27JUN25-105000-C,104273.69,sell,0.8,0.8,,,,,,,1749132725.142
7362,370211891,1749132725142,3,0.036,0.03645894,38.82,BTC-27JUN25-105000-C,104273.69,sell,4.1,4.1,,,,,,,1749132725.142
7361,370211890,1749132725142,2,0.036,0.03645894,38.82,BTC-27JUN25-105000-C,104273.69,sell,0.1,0.1,,,,,,,1749132725.142
7363,370219557,1749134763513,0,0.0375,0.03731998,39.27,BTC-27JUN25-105000-C,104547.98,buy,0.6,0.6,,,,,,,1749134763.513
7364,370220907,1749135042150,1,0.0375,0.0376619,39.01,BTC-27JUN25-105000-C,104601.52,buy,0.2,0.2,,,,,,,1749135042.15
7365,370221331,1749135369245,2,0.0365,0.03682521,38.74,BTC-27JUN25-105000-C,104438.59,buy,0.1,0.1,,,,,,,1749135369.245
7366,370221377,1749135379455,3,0.0365,0.03652593,39.08,BTC-27JUN25-105000-C,104369.22,buy,0.2,0.2,,,,,,,1749135379.455
7367,370221429,1749135413557,0,0.037,0.03693445,39.04,BTC-27JUN25-105000-C,104476.15,buy,0.2,0.2,,,,,,,1749135413.557
7368,370226898,1749136950153,0,0.038,0.03794222,39.29,BTC-27JUN25-105000-C,104595.31,sell,3.0,3.0,,,,,,,1749136950.153
7369,370229199,1749138186082,0,0.0387,0.03840801,39.23,BTC-27JUN25-105000-C,104757.72,buy,100.0,100.0,2.0,BLOCK-203337,BTC-CDIAG-26SEP25_27JUN25-110000_105000,,,,1749138186.082
7370,370229201,1749138186540,0,0.0388,0.03843043,39.34,BTC-27JUN25-105000-C,104758.28,buy,25.0,25.0,2.0,BLOCK-203338,BTC-CDIAG-26SEP25_27JUN25-110000_105000,,,,1749138186.54
7371,370229204,1749138186598,0,0.0389,0.03843043,39.44,BTC-27JUN25-105000-C,104758.28,buy,25.0,25.0,2.0,BLOCK-203339,BTC-CDIAG-26SEP25_27JUN25-110000_105000,,,,1749138186.598
7372,370229206,1749138186623,2,0.0388,0.03843043,39.34,BTC-27JUN25-105000-C,104758.28,buy,68.0,68.0,2.0,BLOCK-203340,BTC-CDIAG-26SEP25_27JUN25-110000_105000,,,,1749138186.623
7373,370229210,1749138189317,3,0.0388,0.03845234,39.34,BTC-27JUN25-105000-C,104757.68,buy,72.8,72.8,2.0,BLOCK-203341,BTC-CDIAG-26SEP25_27JUN25-110000_105000,,,,1749138189.317
7374,370233032,1749140420930,2,0.035,0.03540286,38.49,BTC-27JUN25-105000-C,104114.59,sell,0.2,0.2,,,,,,,1749140420.93
7375,370237472,1749141591621,2,0.034,0.03384255,38.93,BTC-27JUN25-105000-C,103821.46,buy,0.1,0.1,,,,,,,1749141591.621
7376,370238795,1749141978132,2,0.0335,0.03360511,38.79,BTC-27JUN25-105000-C,103725.87,sell,0.9,0.9,,,,,,,1749141978.132
7377,370238796,1749141978134,3,0.0335,0.03360511,38.79,BTC-27JUN25-105000-C,103725.87,buy,1.1,1.1,,,,,,,1749141978.134
7378,370241634,1749142585615,2,0.0328,0.03258276,39.17,BTC-27JUN25-105000-C,103480.32,buy,100.0,100.0,2.0,BLOCK-203353,BTC-CDIAG-26DEC25_27JUN25-120000_105000,,,,1749142585.615
7379,370242985,1749142808176,2,0.032,0.03177963,39.24,BTC-27JUN25-105000-C,103282.48,sell,0.1,0.1,,,,,,,1749142808.176
7380,370246142,1749143206650,0,0.0325,0.03247682,39.17,BTC-27JUN25-105000-C,103413.02,sell,0.1,0.1,,,,,,,1749143206.65
7381,370246599,1749143285367,0,0.033,0.03283043,39.27,BTC-27JUN25-105000-C,103495.72,buy,0.1,0.1,,,,,,,1749143285.367
7382,370250224,1749145338305,2,0.032,0.03202346,39.14,BTC-27JUN25-105000-C,103313.42,sell,0.4,0.4,,,,,,,1749145338.305
7383,370251831,1749146175032,3,0.032,0.03176165,39.37,BTC-27JUN25-105000-C,103261.57,sell,0.1,0.1,,,,,,,1749146175.032
7385,370252009,1749146360290,3,0.0315,0.03189756,38.74,BTC-27JUN25-105000-C,103275.08,sell,5.0,5.0,,,,,,,1749146360.29
7386,370252010,1749146360290,3,0.0315,0.03189756,38.74,BTC-27JUN25-105000-C,103275.08,sell,17.8,17.8,,,,,,,1749146360.29
7384,370252008,1749146360290,2,0.0315,0.03189756,38.74,BTC-27JUN25-105000-C,103275.08,sell,1.1,1.1,,,,,,,1749146360.29
7389,370252013,1749146360290,3,0.0315,0.03189756,38.74,BTC-27JUN25-105000-C,103275.08,sell,1.4,1.4,,,,,,,1749146360.29
7387,370252011,1749146360290,3,0.0315,0.03189756,38.74,BTC-27JUN25-105000-C,103275.08,sell,3.6,3.6,,,,,,,1749146360.29
7388,370252012,1749146360290,3,0.0315,0.03189756,38.74,BTC-27JUN25-105000-C,103275.08,sell,8.8,8.8,,,,,,,1749146360.29
7390,370252014,1749146360294,3,0.0315,0.03189756,38.74,BTC-27JUN25-105000-C,103275.08,buy,12.3,12.3,,,,,,,1749146360.294
7391,370252111,1749146402283,0,0.032,0.03174673,39.44,BTC-27JUN25-105000-C,103243.0,buy,0.1,0.1,,,,,,,1749146402.283
7392,370255646,1749147166968,2,0.031,0.03117725,38.9,BTC-27JUN25-105000-C,103147.48,sell,0.4,0.4,,,,,,,1749147166.968
7393,370257290,1749147209051,2,0.0295,0.03023285,38.51,BTC-27JUN25-105000-C,102879.06,sell,0.3,0.3,,,,,,,1749147209.051
7394,370259848,1749147397759,0,0.03,0.02980158,39.27,BTC-27JUN25-105000-C,102806.92,sell,0.1,0.1,,,,,,,1749147397.759
7395,370261135,1749147459762,2,0.0295,0.02968447,39.01,BTC-27JUN25-105000-C,102753.27,sell,0.1,0.1,,,,,,,1749147459.762
7396,370261255,1749147477044,0,0.03,0.02982585,39.2,BTC-27JUN25-105000-C,102831.21,sell,0.1,0.1,,,,,,,1749147477.044
7398,370261468,1749147509572,1,0.03,0.03032116,38.71,BTC-27JUN25-105000-C,102949.0,sell,0.1,0.1,,,,,,,1749147509.572
7397,370261467,1749147509572,1,0.03,0.03032116,38.71,BTC-27JUN25-105000-C,102949.0,sell,0.1,0.1,,,,,,,1749147509.572
7399,370262251,1749147593441,0,0.0305,0.03058459,38.96,BTC-27JUN25-105000-C,103031.31,buy,0.1,0.1,,,,,,,1749147593.441
7400,370265301,1749148567412,0,0.0315,0.03162171,38.95,BTC-27JUN25-105000-C,103269.12,sell,0.1,0.1,,,,,,,1749148567.412
7402,370265734,1749148691426,1,0.0315,0.03138347,39.11,BTC-27JUN25-105000-C,103235.84,buy,2.6,2.6,,,,,,,1749148691.426
7401,370265733,1749148691426,1,0.0315,0.03138347,39.11,BTC-27JUN25-105000-C,103235.84,buy,0.3,0.3,,,,,,,1749148691.426
7403,370266907,1749149104740,2,0.03,0.03011984,38.83,BTC-27JUN25-105000-C,102928.5,buy,0.1,0.1,,,,,,,1749149104.74
7404,370268893,1749150166423,0,0.0305,0.03041727,39.11,BTC-27JUN25-105000-C,103000.79,sell,3.0,3.0,,,,,,,1749150166.423
7405,370269035,1749150244567,1,0.0305,0.03028734,39.29,BTC-27JUN25-105000-C,102960.6,sell,0.5,0.5,,,,,,,1749150244.567
7406,370269036,1749150244593,1,0.0305,0.03028734,39.29,BTC-27JUN25-105000-C,102960.6,sell,0.1,0.1,,,,,,,1749150244.593
7407,370269785,1749150635645,1,0.0305,0.03051044,39.11,BTC-27JUN25-105000-C,102979.63,buy,0.1,0.1,,,,,,,1749150635.645
7408,370274275,1749151102923,2,0.027,0.02693152,39.52,BTC-27JUN25-105000-C,102007.23,sell,0.9,0.9,,,,,,,1749151102.923
7409,370274276,1749151102923,3,0.027,0.02693152,39.52,BTC-27JUN25-105000-C,102007.23,sell,0.2,0.2,,,,,,,1749151102.923
7410,370274286,1749151102951,3,0.027,0.02693152,39.52,BTC-27JUN25-105000-C,102007.23,sell,0.7,0.7,,,,,,,1749151102.951
7411,370276102,1749151144065,2,0.0265,0.0262092,39.96,BTC-27JUN25-105000-C,101753.23,buy,0.2,0.2,,,,,,,1749151144.065
7412,370276103,1749151144065,3,0.0265,0.0262092,39.96,BTC-27JUN25-105000-C,101753.23,buy,3.0,3.0,,,,,,,1749151144.065
7413,370281075,1749151622204,0,0.0285,0.02808198,40.23,BTC-27JUN25-105000-C,102209.53,buy,0.4,0.4,,,,,,,1749151622.204
7414,370284137,1749152502703,1,0.0285,0.02877864,39.49,BTC-27JUN25-105000-C,102402.34,sell,0.1,0.1,,,,,,,1749152502.703
7415,370284150,1749152506802,1,0.0285,0.02878097,39.54,BTC-27JUN25-105000-C,102389.21,sell,0.1,0.1,,,,,,,1749152506.802
7416,370284166,1749152514182,1,0.0285,0.0286542,39.62,BTC-27JUN25-105000-C,102369.38,sell,0.1,0.1,,,,,,,1749152514.182
7417,370289952,1749153806803,2,0.026,0.02620364,39.31,BTC-27JUN25-105000-C,101818.45,buy,1.0,1.0,,,,,,,1749153806.803
7418,370290064,1749153833702,0,0.0265,0.02639577,39.56,BTC-27JUN25-105000-C,101882.81,buy,1.4,1.4,,,,,,,1749153833.702
7419,370293590,1749154276192,2,0.0255,0.02551833,39.52,BTC-27JUN25-105000-C,101629.83,sell,0.1,0.1,,,,,,,1749154276.192
7420,370293971,1749154340316,3,0.0255,0.02570583,39.22,BTC-27JUN25-105000-C,101704.36,sell,0.3,0.3,,,,,,,1749154340.316
7421,370300136,1749154929079,2,0.024,0.02347897,40.1,BTC-27JUN25-105000-C,101041.8,buy,0.2,0.2,,,,,,,1749154929.079
7423,370301012,1749155008392,1,0.0245,0.02440371,39.87,BTC-27JUN25-105000-C,101236.91,buy,0.2,0.2,,,,,,,1749155008.392
7422,370301011,1749155008392,0,0.0245,0.02440371,39.87,BTC-27JUN25-105000-C,101236.91,buy,0.2,0.2,,,,,,,1749155008.392
7424,370301314,1749155053454,0,0.025,0.02473826,40.01,BTC-27JUN25-105000-C,101345.49,buy,1.1,1.1,,,,,,,1749155053.454
7425,370301315,1749155053454,1,0.025,0.02473826,40.01,BTC-27JUN25-105000-C,101345.49,buy,1.0,1.0,,,,,,,1749155053.454
7426,370301948,1749155155265,1,0.025,0.02471211,40.1,BTC-27JUN25-105000-C,101333.62,buy,0.1,0.1,,,,,,,1749155155.265
7427,370302416,1749155230429,0,0.0255,0.025622,39.67,BTC-27JUN25-105000-C,101558.84,buy,0.1,0.1,,,,,,,1749155230.429
7428,370302418,1749155230439,1,0.0255,0.025622,39.67,BTC-27JUN25-105000-C,101558.84,buy,0.2,0.2,,,,,,,1749155230.439
7429,370303746,1749155591624,2,0.025,0.02508988,39.76,BTC-27JUN25-105000-C,101410.96,sell,0.1,0.1,,,,,,,1749155591.624
7430,370304037,1749155696604,2,0.0245,0.0244676,39.84,BTC-27JUN25-105000-C,101258.36,sell,0.2,0.2,,,,,,,1749155696.604
7431,370306283,1749156153850,2,0.0235,0.02343182,39.91,BTC-27JUN25-105000-C,100945.9,buy,0.2,0.2,,,,,,,1749156153.85
7432,370306902,1749156259319,2,0.023,0.02288294,39.96,BTC-27JUN25-105000-C,100789.96,buy,0.1,0.1,,,,,,,1749156259.319
7433,370306941,1749156262685,3,0.023,0.02288006,39.98,BTC-27JUN25-105000-C,100783.05,sell,0.1,0.1,,,,,,,1749156262.685
7434,370307077,1749156265414,3,0.023,0.02290451,39.95,BTC-27JUN25-105000-C,100791.39,sell,0.1,0.1,,,,,,,1749156265.414
7435,370307081,1749156267934,3,0.023,0.02293529,39.92,BTC-27JUN25-105000-C,100799.36,sell,0.1,0.1,,,,,,,1749156267.934
7436,370307355,1749156300762,3,0.023,0.02312684,39.64,BTC-27JUN25-105000-C,100864.67,sell,0.1,0.1,,,,,,,1749156300.762
7437,370307501,1749156312517,0,0.0235,0.02345639,39.93,BTC-27JUN25-105000-C,100931.6,buy,0.1,0.1,,,,,,,1749156312.517
7438,370307513,1749156313535,1,0.0235,0.02345698,39.81,BTC-27JUN25-105000-C,100960.92,sell,0.2,0.2,,,,,,,1749156313.535
7439,370307533,1749156316470,1,0.0235,0.02369448,39.6,BTC-27JUN25-105000-C,101014.39,sell,0.1,0.1,,,,,,,1749156316.47
7440,370307554,1749156319632,1,0.0235,0.02384839,39.46,BTC-27JUN25-105000-C,101047.1,sell,0.1,0.1,,,,,,,1749156319.632
7441,370307568,1749156323614,1,0.0235,0.0239231,39.36,BTC-27JUN25-105000-C,101073.04,sell,0.1,0.1,,,,,,,1749156323.614
7442,370307583,1749156326969,1,0.0235,0.02397887,39.38,BTC-27JUN25-105000-C,101069.71,sell,0.1,0.1,,,,,,,1749156326.969
7443,370307673,1749156349965,0,0.024,0.02389614,39.97,BTC-27JUN25-105000-C,101062.06,buy,0.3,0.3,,,,,,,1749156349.965
7444,370308115,1749156403906,2,0.023,0.02330874,39.43,BTC-27JUN25-105000-C,100931.27,sell,0.1,0.1,,,,,,,1749156403.906
7445,370308737,1749156518379,0,0.0245,0.02435073,39.98,BTC-27JUN25-105000-C,101198.43,buy,0.3,0.3,,,,,,,1749156518.379
7446,370309856,1749156752650,2,0.0235,0.02312699,40.28,BTC-27JUN25-105000-C,100855.63,buy,1.6,1.6,,,,,,,1749156752.65
7447,370320525,1749158055505,2,0.0229,0.02291345,40.98,BTC-27JUN25-105000-C,100558.7,sell,50.0,50.0,2.0,BLOCK-203409,BTC-CS-27JUN25-105000_120000,,,,1749158055.505
7448,370320585,1749158077618,2,0.0225,0.02275515,40.71,BTC-27JUN25-105000-C,100511.64,sell,0.3,0.3,,,,,,,1749158077.618
7449,370321049,1749158211330,0,0.0235,0.02362168,40.86,BTC-27JUN25-105000-C,100759.47,buy,0.2,0.2,,,,,,,1749158211.33
7450,370324048,1749158837822,0,0.025,0.02430619,41.72,BTC-27JUN25-105000-C,101005.83,buy,50.0,50.0,1.0,BLOCK-203417,,,,,1749158837.822
7451,370325519,1749159142853,0,0.0255,0.02586835,40.9,BTC-27JUN25-105000-C,101334.01,sell,0.2,0.2,,,,,,,1749159142.853
7452,370327944,1749159676505,0,0.0265,0.02665921,41.13,BTC-27JUN25-105000-C,101541.93,sell,0.1,0.1,,,,,,,1749159676.505
7453,370330556,1749160463472,2,0.026,0.0257289,41.34,BTC-27JUN25-105000-C,101329.04,buy,0.1,0.1,,,,,,,1749160463.472
7454,370333320,1749161326229,2,0.0255,0.02555733,40.85,BTC-27JUN25-105000-C,101311.43,sell,0.2,0.2,,,,,,,1749161326.229
7455,370333561,1749161331201,2,0.025,0.02481012,41.22,BTC-27JUN25-105000-C,101080.43,buy,0.2,0.2,,,,,,,1749161331.201
7456,370333576,1749161332461,3,0.025,0.02473802,41.23,BTC-27JUN25-105000-C,101078.34,buy,1.0,1.0,,,,,,,1749161332.461
7457,370333578,1749161332464,3,0.025,0.02473802,41.23,BTC-27JUN25-105000-C,101078.34,buy,0.4,0.4,,,,,,,1749161332.464
7458,370334670,1749161840845,3,0.025,0.0249084,40.92,BTC-27JUN25-105000-C,101157.65,buy,0.1,0.1,,,,,,,1749161840.845
7459,370335774,1749162999202,0,0.026,0.02606251,40.72,BTC-27JUN25-105000-C,101504.53,sell,0.3,0.3,,,,,,,1749162999.202
7460,370335778,1749163010351,1,0.026,0.0260564,40.72,BTC-27JUN25-105000-C,101502.39,buy,0.7,0.7,,,,,,,1749163010.351
7461,370340306,1749165688811,0,0.0265,0.02664903,40.36,BTC-27JUN25-105000-C,101740.04,buy,0.6,0.6,,,,,,,1749165688.811
7462,370340307,1749165688833,1,0.0265,0.02664903,40.36,BTC-27JUN25-105000-C,101740.04,buy,0.5,0.5,,,,,,,1749165688.833
7463,370340312,1749165689408,1,0.0265,0.02664926,40.32,BTC-27JUN25-105000-C,101750.34,buy,0.6,0.6,,,,,,,1749165689.408
7464,370340316,1749165690874,1,0.0265,0.02674308,40.25,BTC-27JUN25-105000-C,101767.04,buy,1.7,1.7,,,,,,,1749165690.874
7465,370340317,1749165690887,1,0.0265,0.02674308,40.25,BTC-27JUN25-105000-C,101767.04,buy,1.6,1.6,,,,,,,1749165690.887
7466,370342092,1749166854739,2,0.026,0.02610867,40.32,BTC-27JUN25-105000-C,101621.55,sell,3.0,3.0,,,,,,,1749166854.739
7468,370342512,1749167153892,3,0.026,0.02595099,40.55,BTC-27JUN25-105000-C,101569.49,sell,1.0,1.0,,,,,,,1749167153.892
7467,370342511,1749167153892,3,0.026,0.02595099,40.55,BTC-27JUN25-105000-C,101569.49,sell,7.0,7.0,,,,,,,1749167153.892
7469,370344323,1749168344569,3,0.026,0.02562151,40.79,BTC-27JUN25-105000-C,101497.75,buy,0.6,0.6,,,,,,,1749168344.569
7470,370344324,1749168344569,3,0.026,0.02562151,40.79,BTC-27JUN25-105000-C,101497.75,buy,0.8,0.8,,,,,,,1749168344.569
7471,370344325,1749168344569,3,0.026,0.02562151,40.79,BTC-27JUN25-105000-C,101497.75,buy,4.6,4.6,,,,,,,1749168344.569
7472,370364943,1749183389260,0,0.028,0.02816805,38.51,BTC-27JUN25-105000-C,102646.53,buy,1.0,1.0,,,,,,,1749183389.26
7473,370364954,1749183390112,1,0.028,0.02820807,38.47,BTC-27JUN25-105000-C,102654.89,buy,9.0,9.0,,,,,,,1749183390.112
7474,370369504,1749186624591,0,0.029,0.02913261,38.51,BTC-27JUN25-105000-C,102923.13,buy,0.3,0.3,,,,,,,1749186624.591
7475,370369561,1749186624742,1,0.029,0.02913261,38.51,BTC-27JUN25-105000-C,102923.13,buy,0.2,0.2,,,,,,,1749186624.742
7476,370372093,1749189503270,0,0.0301,0.02971405,39.26,BTC-27JUN25-105000-C,103004.87,buy,0.1,0.1,,,BTC-CSR12-27JUN25-105000_110000,,,370372092,1749189503.27
7477,370372096,1749189508998,1,0.0301,0.02970879,39.26,BTC-27JUN25-105000-C,103004.7,buy,0.1,0.1,,,BTC-CSR12-27JUN25-105000_110000,,,370372095,1749189508.998
7478,370372099,1749189513437,1,0.0301,0.02970722,39.27,BTC-27JUN25-105000-C,103005.49,buy,0.1,0.1,,,BTC-CSR12-27JUN25-105000_110000,,,370372098,1749189513.437
7479,370372107,1749189520633,1,0.0301,0.02970638,39.27,BTC-27JUN25-105000-C,103005.39,buy,0.1,0.1,,,BTC-CSR12-27JUN25-105000_110000,,,370372106,1749189520.633
7480,370372111,1749189531741,1,0.0301,0.02971057,39.26,BTC-27JUN25-105000-C,103007.73,buy,0.1,0.1,,,BTC-CSR12-27JUN25-105000_110000,,,370372110,1749189531.741
7481,370373160,1749190250108,2,0.03,0.02979297,39.09,BTC-27JUN25-105000-C,103028.26,buy,0.3,0.3,,,,,,,1749190250.108
7482,370373167,1749190250171,3,0.03,0.02979297,39.09,BTC-27JUN25-105000-C,103028.26,buy,14.4,14.4,,,,,,,1749190250.171
7483,370373316,1749190274852,3,0.03,0.03010657,38.75,BTC-27JUN25-105000-C,103113.16,sell,0.1,0.1,,,,,,,1749190274.852
7484,370373317,1749190280254,3,0.03,0.03009411,38.76,BTC-27JUN25-105000-C,103112.41,sell,0.1,0.1,,,,,,,1749190280.254
7486,370373778,1749190378493,1,0.0305,0.03038123,39.03,BTC-27JUN25-105000-C,103166.51,buy,1.5,1.5,,,,,,,1749190378.493
7485,370373777,1749190378493,0,0.0305,0.03038123,39.03,BTC-27JUN25-105000-C,103166.51,buy,0.5,0.5,,,,,,,1749190378.493
7492,370375266,1749191215469,1,0.0305,0.02980574,39.61,BTC-27JUN25-105000-C,103050.84,buy,5.4,5.4,,,,,,,1749191215.469
7489,370375263,1749191215469,1,0.0305,0.02980574,39.61,BTC-27JUN25-105000-C,103050.84,buy,50.0,50.0,,,,,,,1749191215.469
7488,370375262,1749191215469,1,0.0305,0.02980574,39.61,BTC-27JUN25-105000-C,103050.84,buy,7.7,7.7,,,,,,,1749191215.469
7490,370375264,1749191215469,1,0.0305,0.02980574,39.61,BTC-27JUN25-105000-C,103050.84,buy,10.0,10.0,,,,,,,1749191215.469
7491,370375265,1749191215469,1,0.0305,0.02980574,39.61,BTC-27JUN25-105000-C,103050.84,buy,5.0,5.0,,,,,,,1749191215.469
7493,370375267,1749191215469,1,0.0305,0.02980574,39.61,BTC-27JUN25-105000-C,103050.84,buy,19.2,19.2,,,,,,,1749191215.469
7487,370375261,1749191215469,1,0.0305,0.02980574,39.61,BTC-27JUN25-105000-C,103050.84,buy,2.7,2.7,,,,,,,1749191215.469
7501,370375491,1749191425302,1,0.031,0.03030143,39.79,BTC-27JUN25-105000-C,103129.85,buy,50.0,50.0,,,,,,,1749191425.302
7496,370375486,1749191425302,1,0.031,0.03030143,39.79,BTC-27JUN25-105000-C,103129.85,buy,4.5,4.5,,,,,,,1749191425.302
7498,370375488,1749191425302,1,0.031,0.03030143,39.79,BTC-27JUN25-105000-C,103129.85,buy,10.0,10.0,,,,,,,1749191425.302
7500,370375490,1749191425302,1,0.031,0.03030143,39.79,BTC-27JUN25-105000-C,103129.85,buy,2.7,2.7,,,,,,,1749191425.302
7494,370375484,1749191425302,0,0.031,0.03030143,39.79,BTC-27JUN25-105000-C,103129.85,buy,4.3,4.3,,,,,,,1749191425.302
7495,370375485,1749191425302,1,0.031,0.03030143,39.79,BTC-27JUN25-105000-C,103129.85,buy,10.0,10.0,,,,,,,1749191425.302
7503,370375493,1749191425302,1,0.031,0.03030143,39.79,BTC-27JUN25-105000-C,103129.85,buy,25.8,25.8,,,,,,,1749191425.302
7502,370375492,1749191425302,1,0.031,0.03030143,39.79,BTC-27JUN25-105000-C,103129.85,buy,0.3,0.3,,,,,,,1749191425.302
7499,370375489,1749191425302,1,0.031,0.03030143,39.79,BTC-27JUN25-105000-C,103129.85,buy,5.0,5.0,,,,,,,1749191425.302
7497,370375487,1749191425302,1,0.031,0.03030143,39.79,BTC-27JUN25-105000-C,103129.85,buy,4.3,4.3,,,,,,,1749191425.302
7504,370375494,1749191425306,1,0.031,0.03030143,39.79,BTC-27JUN25-105000-C,103129.85,sell,9.0,9.0,,,,,,,1749191425.306
7505,370375495,1749191425308,1,0.031,0.03030143,39.79,BTC-27JUN25-105000-C,103129.85,sell,29.2,29.2,,,,,,,1749191425.308
7507,370375505,1749191425313,1,0.031,0.03030143,39.79,BTC-27JUN25-105000-C,103129.85,sell,3.8,3.8,,,,,,,1749191425.313
7506,370375504,1749191425313,1,0.031,0.03030143,39.79,BTC-27JUN25-105000-C,103129.85,sell,2.9,2.9,,,,,,,1749191425.313
7508,370375506,1749191425315,1,0.031,0.03030143,39.79,BTC-27JUN25-105000-C,103129.85,sell,0.1,0.1,,,,,,,1749191425.315
7509,370375520,1749191430653,1,0.031,0.03035644,39.77,BTC-27JUN25-105000-C,103134.34,sell,0.1,0.1,,,,,,,1749191430.653
7510,370375521,1749191433388,1,0.031,0.0304147,39.77,BTC-27JUN25-105000-C,103134.54,sell,30.0,30.0,,,,,,,1749191433.388
7511,370375522,1749191433399,1,0.031,0.0304147,39.77,BTC-27JUN25-105000-C,103134.54,sell,3.0,3.0,,,,,,,1749191433.399
7512,370375529,1749191435105,1,0.031,0.03044909,39.77,BTC-27JUN25-105000-C,103134.85,sell,5.0,5.0,,,,,,,1749191435.105
7513,370375825,1749191644056,0,0.0315,0.03126076,39.75,BTC-27JUN25-105000-C,103245.88,buy,0.2,0.2,,,,,,,1749191644.056
7514,370375826,1749191644058,1,0.0315,0.03126076,39.75,BTC-27JUN25-105000-C,103245.88,buy,0.1,0.1,,,,,,,1749191644.058
7515,370375827,1749191644060,1,0.0315,0.03126076,39.75,BTC-27JUN25-105000-C,103245.88,sell,0.1,0.1,,,,,,,1749191644.06
7516,370376024,1749191713705,1,0.0315,0.03135154,39.74,BTC-27JUN25-105000-C,103248.53,sell,0.1,0.1,,,,,,,1749191713.705
7517,370376047,1749191726166,1,0.0315,0.03136166,39.73,BTC-27JUN25-105000-C,103251.0,sell,0.6,0.6,,,,,,,1749191726.166
7518,370376722,1749192117855,2,0.031,0.03092157,39.88,BTC-27JUN25-105000-C,103096.81,sell,0.8,0.8,,,,,,,1749192117.855
7519,370376728,1749192118905,3,0.031,0.03091969,39.88,BTC-27JUN25-105000-C,103097.85,sell,0.8,0.8,,,,,,,1749192118.905
7520,370376745,1749192125087,3,0.031,0.03090594,39.9,BTC-27JUN25-105000-C,103092.33,sell,0.1,0.1,,,,,,,1749192125.087
7521,370376748,1749192126239,3,0.031,0.03090156,39.9,BTC-27JUN25-105000-C,103092.55,sell,0.1,0.1,,,,,,,1749192126.239
7522,370376763,1749192129718,3,0.031,0.03090308,39.91,BTC-27JUN25-105000-C,103090.92,sell,0.4,0.4,,,,,,,1749192129.718
7523,370380457,1749194570110,0,0.0317,0.03181039,39.96,BTC-27JUN25-105000-C,103232.59,sell,0.1,0.1,,,BTC-CS-27JUN25-105000_108000,,,370380456,1749194570.11
7524,370380460,1749194570122,1,0.0317,0.03181039,39.96,BTC-27JUN25-105000-C,103232.59,buy,0.1,0.1,,,BTC-CS-27JUN25-105000_108000,,,370380459,1749194570.122
7525,370383543,1749195375352,2,0.0315,0.0316362,39.95,BTC-27JUN25-105000-C,103176.07,sell,0.1,0.1,,,,,,,1749195375.352
7526,370383544,1749195375354,3,0.0315,0.0316362,39.95,BTC-27JUN25-105000-C,103176.07,buy,0.9,0.9,,,,,,,1749195375.354
7527,370393515,1749199003242,0,0.032,0.03214803,39.15,BTC-27JUN25-105000-C,103477.51,sell,0.2,0.2,,,,,,,1749199003.242
7528,370393516,1749199003252,1,0.032,0.03214803,39.15,BTC-27JUN25-105000-C,103477.51,sell,0.2,0.2,,,,,,,1749199003.252
7529,370393519,1749199003261,1,0.032,0.03214803,39.15,BTC-27JUN25-105000-C,103477.51,sell,0.1,0.1,,,,,,,1749199003.261
7530,370393520,1749199003271,1,0.032,0.03214803,39.15,BTC-27JUN25-105000-C,103477.51,sell,0.2,0.2,,,,,,,1749199003.271
7533,370393523,1749199003277,1,0.032,0.03214803,39.15,BTC-27JUN25-105000-C,103477.51,sell,0.1,0.1,,,,,,,1749199003.277
7532,370393522,1749199003277,1,0.032,0.03214803,39.15,BTC-27JUN25-105000-C,103477.51,sell,0.2,0.2,,,,,,,1749199003.277
7531,370393521,1749199003277,1,0.032,0.03214803,39.15,BTC-27JUN25-105000-C,103477.51,sell,0.3,0.3,,,,,,,1749199003.277
7534,370393893,1749199315159,2,0.0315,0.03233468,38.31,BTC-27JUN25-105000-C,103535.32,sell,0.1,0.1,,,,,,,1749199315.159
7535,370394601,1749199692209,0,0.032,0.03225694,38.59,BTC-27JUN25-105000-C,103604.58,buy,0.9,0.9,,,,,,,1749199692.209
7536,370397754,1749201727397,0,0.0325,0.03262619,38.26,BTC-27JUN25-105000-C,103805.1,buy,100.0,100.0,3.0,BLOCK-203672,BTC-CBUT-27JUN25-105000_108000_111000,,,,1749201727.397
7537,370399123,1749202586163,1,0.0325,0.03255894,38.5,BTC-27JUN25-105000-C,103755.04,buy,100.0,100.0,3.0,BLOCK-203676,BTC-CBUT-27JUN25-105000_108000_111000,,,,1749202586.163
7538,370402426,1749205994492,2,0.032,0.03217859,38.3,BTC-27JUN25-105000-C,103688.49,buy,2.0,2.0,,,,,,,1749205994.492
7539,370403893,1749207826379,0,0.0325,0.03235243,38.66,BTC-27JUN25-105000-C,103745.92,buy,0.1,0.1,,,,,,,1749207826.379
7540,370410030,1749213009005,0,0.0345,0.03440343,38.79,BTC-27JUN25-105000-C,104179.12,buy,0.6,0.6,,,,,,,1749213009.005
7541,370415053,1749214233379,2,0.033,0.03318342,38.37,BTC-27JUN25-105000-C,103940.73,sell,0.1,0.1,,,,,,,1749214233.379
7542,370415839,1749214942381,0,0.0335,0.03318845,38.63,BTC-27JUN25-105000-C,103994.27,buy,1.0,1.0,,,,,,,1749214942.381
7543,370418129,1749216964726,1,0.0335,0.03333232,38.3,BTC-27JUN25-105000-C,104077.68,buy,0.4,0.4,,,,,,,1749216964.726
7544,370418133,1749216965052,1,0.0335,0.03333329,38.23,BTC-27JUN25-105000-C,104091.46,buy,0.4,0.4,,,,,,,1749216965.052
7545,370418139,1749216965139,1,0.0335,0.03333329,38.23,BTC-27JUN25-105000-C,104091.46,buy,0.1,0.1,,,,,,,1749216965.139
7546,370418140,1749216965153,1,0.0335,0.03333329,38.23,BTC-27JUN25-105000-C,104091.46,buy,0.1,0.1,,,,,,,1749216965.153
7547,370418143,1749216965205,1,0.0335,0.03333329,38.23,BTC-27JUN25-105000-C,104091.46,buy,0.3,0.3,,,,,,,1749216965.205
7548,370418144,1749216965219,1,0.0335,0.03333329,38.23,BTC-27JUN25-105000-C,104091.46,buy,0.3,0.3,,,,,,,1749216965.219
7549,370418147,1749216965234,1,0.0335,0.03333329,38.23,BTC-27JUN25-105000-C,104091.46,buy,0.3,0.3,,,,,,,1749216965.234
7550,370418148,1749216965239,1,0.0335,0.03333329,38.23,BTC-27JUN25-105000-C,104091.46,buy,1.4,1.4,,,,,,,1749216965.239
7551,370418149,1749216965239,1,0.0335,0.03333329,38.23,BTC-27JUN25-105000-C,104091.46,buy,0.3,0.3,,,,,,,1749216965.239
7552,370418159,1749216965861,1,0.0335,0.03339855,38.07,BTC-27JUN25-105000-C,104124.93,buy,0.3,0.3,,,,,,,1749216965.861
7553,370422607,1749218406291,1,0.0335,0.03357281,37.91,BTC-27JUN25-105000-C,104173.9,buy,0.1,0.1,,,,,,,1749218406.291
7554,370426903,1749220358750,0,0.0345,0.03455032,37.71,BTC-27JUN25-105000-C,104464.28,buy,0.2,0.2,,,,,,,1749220358.75
7555,370438994,1749223908754,0,0.0372,0.03682484,37.98,BTC-27JUN25-105000-C,105003.08,buy,1.0,1.0,,,BTC-STRD-27JUN25-105000,,,370438992,1749223908.754
7556,370439088,1749223980337,2,0.037,0.03693094,37.68,BTC-27JUN25-105000-C,105025.07,buy,1.0,1.0,,,,,,,1749223980.337
7557,370439300,1749224113852,3,0.037,0.03691441,37.73,BTC-27JUN25-105000-C,105019.1,buy,1.0,1.0,,,,,,,1749224113.852
7558,370439371,1749224154005,3,0.037,0.03698317,37.62,BTC-27JUN25-105000-C,105038.92,sell,0.1,0.1,,,,,,,1749224154.005
7559,370439374,1749224156807,3,0.037,0.03703308,37.84,BTC-27JUN25-105000-C,104997.78,sell,0.1,0.1,,,,,,,1749224156.807
7560,370440019,1749224404949,2,0.0355,0.03576736,37.34,BTC-27JUN25-105000-C,104773.32,sell,0.9,0.9,,,,,,,1749224404.949
7561,370440020,1749224404951,3,0.0355,0.03576736,37.34,BTC-27JUN25-105000-C,104773.32,buy,0.1,0.1,,,,,,,1749224404.951
7562,370446189,1749227271090,0,0.0385,0.03848181,37.61,BTC-27JUN25-105000-C,105336.69,sell,0.5,0.5,,,,,,,1749227271.09
7563,370452504,1749232618211,2,0.0365,0.03633796,37.67,BTC-27JUN25-105000-C,104897.85,buy,1.9,1.9,,,,,,,1749232618.211
7564,370452506,1749232618226,3,0.0365,0.03633796,37.67,BTC-27JUN25-105000-C,104897.85,buy,1.8,1.8,,,,,,,1749232618.226
7565,370454500,1749234601672,2,0.035,0.034911,37.58,BTC-27JUN25-105000-C,104588.88,buy,0.4,0.4,,,,,,,1749234601.672
7566,370454501,1749234601679,3,0.035,0.034911,37.58,BTC-27JUN25-105000-C,104588.88,buy,0.3,0.3,,,,,,,1749234601.679
7567,370454508,1749234601714,3,0.035,0.03491203,37.58,BTC-27JUN25-105000-C,104588.88,buy,0.4,0.4,,,,,,,1749234601.714
7568,370454520,1749234601736,3,0.035,0.03491203,37.58,BTC-27JUN25-105000-C,104588.88,buy,0.1,0.1,,,,,,,1749234601.736
7569,370454526,1749234601787,3,0.035,0.03491203,37.58,BTC-27JUN25-105000-C,104588.88,buy,0.6,0.6,,,,,,,1749234601.787
7570,370454540,1749234601930,3,0.035,0.03491203,37.58,BTC-27JUN25-105000-C,104588.88,buy,2.0,2.0,,,,,,,1749234601.93
7571,370455157,1749234914928,0,0.036,0.03576866,37.75,BTC-27JUN25-105000-C,104783.0,buy,3.7,3.7,,,,,,,1749234914.928
7572,370455210,1749235012470,1,0.036,0.03581513,37.8,BTC-27JUN25-105000-C,104780.62,buy,3.7,3.7,,,,,,,1749235012.47
7573,370455226,1749235044109,0,0.0362,0.03594912,37.86,BTC-27JUN25-105000-C,104808.25,buy,50.0,50.0,2.0,BLOCK-203770,BTC-STRD-27JUN25-105000,,,,1749235044.109
7574,370455256,1749235070785,1,0.0362,0.03589796,37.95,BTC-27JUN25-105000-C,104792.24,buy,50.0,50.0,2.0,BLOCK-203771,BTC-STRD-27JUN25-105000,,,,1749235070.785
7575,370455300,1749235092606,2,0.036,0.03586388,37.8,BTC-27JUN25-105000-C,104786.09,buy,3.7,3.7,,,,,,,1749235092.606
7576,370455349,1749235155726,0,0.0363,0.03595671,38.02,BTC-27JUN25-105000-C,104800.9,buy,50.0,50.0,2.0,BLOCK-203773,BTC-STRD-27JUN25-105000,,,,1749235155.726
7577,370455385,1749235198843,2,0.036,0.03581077,37.87,BTC-27JUN25-105000-C,104772.28,buy,3.7,3.7,,,,,,,1749235198.843
7578,370456434,1749236610695,2,0.035,0.0352892,37.74,BTC-27JUN25-105000-C,104567.47,buy,2.0,2.0,,,,,,,1749236610.695
7579,370457656,1749237948896,2,0.0345,0.03447875,37.68,BTC-27JUN25-105000-C,104478.81,buy,0.4,0.4,,,,,,,1749237948.896
7580,370457831,1749238145936,2,0.034,0.03399558,37.66,BTC-27JUN25-105000-C,104379.71,buy,0.2,0.2,,,,,,,1749238145.936
7581,370457867,1749238211113,3,0.034,0.03397256,37.66,BTC-27JUN25-105000-C,104380.07,buy,0.7,0.7,,,,,,,1749238211.113
7582,370457868,1749238211119,3,0.034,0.03397256,37.66,BTC-27JUN25-105000-C,104380.07,buy,0.6,0.6,,,,,,,1749238211.119
7583,370457874,1749238212047,3,0.034,0.03397297,37.66,BTC-27JUN25-105000-C,104380.59,buy,2.6,2.6,,,,,,,1749238212.047
7584,370457875,1749238212047,3,0.034,0.03397297,37.66,BTC-27JUN25-105000-C,104380.59,buy,0.1,0.1,,,,,,,1749238212.047
7585,370457876,1749238212056,3,0.034,0.03397297,37.66,BTC-27JUN25-105000-C,104380.59,buy,0.8,0.8,,,,,,,1749238212.056
7586,370457877,1749238212383,3,0.034,0.03397525,37.61,BTC-27JUN25-105000-C,104389.44,buy,1.2,1.2,,,,,,,1749238212.383
7587,370457878,1749238212383,3,0.034,0.03397525,37.61,BTC-27JUN25-105000-C,104389.44,buy,0.2,0.2,,,,,,,1749238212.383
7588,370457924,1749238244975,3,0.034,0.03418731,37.43,BTC-27JUN25-105000-C,104419.88,sell,0.2,0.2,,,,,,,1749238244.975
7589,370457942,1749238276761,3,0.034,0.03412361,37.54,BTC-27JUN25-105000-C,104396.52,buy,0.1,0.1,,,,,,,1749238276.761
7590,370457943,1749238276837,3,0.034,0.03412361,37.54,BTC-27JUN25-105000-C,104396.52,buy,0.1,0.1,,,,,,,1749238276.837
7591,370457968,1749238298273,3,0.034,0.03400933,37.63,BTC-27JUN25-105000-C,104379.26,buy,0.2,0.2,,,,,,,1749238298.273
7592,370457988,1749238334804,3,0.034,0.03400887,37.64,BTC-27JUN25-105000-C,104381.01,buy,0.2,0.2,,,,,,,1749238334.804
7593,370458005,1749238367550,3,0.034,0.03412213,37.53,BTC-27JUN25-105000-C,104403.58,sell,0.1,0.1,,,,,,,1749238367.55
7594,370458699,1749239076066,2,0.0335,0.03361707,37.45,BTC-27JUN25-105000-C,104306.57,buy,1.2,1.2,,,,,,,1749239076.066
7595,370459416,1749239648647,2,0.033,0.03301747,37.47,BTC-27JUN25-105000-C,104194.33,buy,0.1,0.1,,,,,,,1749239648.647
7596,370459417,1749239648791,3,0.033,0.03301747,37.47,BTC-27JUN25-105000-C,104194.33,buy,0.1,0.1,,,,,,,1749239648.791
7597,370459418,1749239648981,3,0.033,0.03301775,37.44,BTC-27JUN25-105000-C,104201.54,buy,0.2,0.2,,,,,,,1749239648.981
7598,370459419,1749239648981,3,0.033,0.03301775,37.44,BTC-27JUN25-105000-C,104201.54,buy,0.1,0.1,,,,,,,1749239648.981
7599,370459425,1749239654696,3,0.033,0.03314332,37.33,BTC-27JUN25-105000-C,104221.86,buy,2.5,2.5,,,,,,,1749239654.696
7600,370459426,1749239654770,3,0.033,0.03314332,37.33,BTC-27JUN25-105000-C,104221.86,buy,2.7,2.7,,,,,,,1749239654.77
7601,370459432,1749239656653,3,0.033,0.0331474,37.31,BTC-27JUN25-105000-C,104224.67,buy,4.0,4.0,,,,,,,1749239656.653
7602,370459668,1749239870149,3,0.033,0.0330695,37.38,BTC-27JUN25-105000-C,104216.01,buy,12.3,12.3,,,,,,,1749239870.149
7603,370460833,1749240740839,0,0.034,0.03417745,37.4,BTC-27JUN25-105000-C,104440.67,buy,0.3,0.3,,,,,,,1749240740.839
7604,370460848,1749240776975,0,0.0345,0.03429759,37.82,BTC-27JUN25-105000-C,104456.42,buy,0.6,0.6,,,,,,,1749240776.975
7606,370460850,1749240776975,1,0.0345,0.03429759,37.82,BTC-27JUN25-105000-C,104456.42,buy,1.5,1.5,,,,,,,1749240776.975
7609,370460853,1749240776975,1,0.035,0.03429759,38.35,BTC-27JUN25-105000-C,104456.42,buy,2.2,2.2,,,,,,,1749240776.975
7608,370460852,1749240776975,0,0.035,0.03429759,38.35,BTC-27JUN25-105000-C,104456.42,buy,5.3,5.3,,,,,,,1749240776.975
