trade_seq,trade_id,timestamp,tick_direction,price,mark_price,iv,instrument_name,index_price,direction,contracts,amount,block_trade_leg_count,block_trade_id,combo_id,block_rfq_id,combo_trade_id,liquidation,unix_sec
9567,369578489,1748641956826,0,0.028,0.0279823,42.42,BTC-27JUN25-110000-C,104687.74,buy,0.3,0.3,,,,,,,1748641956.826
9568,369578709,1748642123884,1,0.028,0.02800872,42.4,BTC-27JUN25-110000-C,104685.78,buy,0.3,0.3,,,,,,,1748642123.884
9569,369583001,1748644945387,2,0.0265,0.02650808,42.42,BTC-27JUN25-110000-C,104230.34,sell,0.4,0.4,,,,,,,1748644945.387
9570,369583002,1748644945387,3,0.0265,0.02650808,42.42,BTC-27JUN25-110000-C,104230.34,sell,0.1,0.1,,,,,,,1748644945.387
9571,369583006,1748644951409,3,0.0265,0.02651936,42.41,BTC-27JUN25-110000-C,104232.5,buy,1.0,1.0,,,,,,,1748644951.409
9572,369584802,1748645235615,2,0.026,0.02626536,42.15,BTC-27JUN25-110000-C,104138.08,sell,0.1,0.1,,,,,,,1748645235.615
9574,369584804,1748645235615,3,0.026,0.02626536,42.15,BTC-27JUN25-110000-C,104138.08,sell,1.0,1.0,,,,,,,1748645235.615
9573,369584803,1748645235615,3,0.026,0.02626536,42.15,BTC-27JUN25-110000-C,104138.08,sell,17.8,17.8,,,,,,,1748645235.615
9575,369584805,1748645235617,3,0.026,0.02626536,42.15,BTC-27JUN25-110000-C,104138.08,buy,0.1,0.1,,,,,,,1748645235.617
9576,369584806,1748645235620,3,0.026,0.02626536,42.15,BTC-27JUN25-110000-C,104138.08,buy,4.5,4.5,,,,,,,1748645235.62
9577,369585418,1748645657581,3,0.026,0.02644283,41.89,BTC-27JUN25-110000-C,104257.7,sell,0.1,0.1,,,,,,,1748645657.581
9578,369586129,1748646052674,2,0.0255,0.02556068,42.29,BTC-27JUN25-110000-C,103987.42,sell,0.1,0.1,,,,,,,1748646052.674
9579,369590440,1748647932549,2,0.025,0.02517817,42.18,BTC-27JUN25-110000-C,103848.22,sell,0.2,0.2,,,,,,,1748647932.549
9580,369599187,1748650776783,2,0.024,0.02423019,41.73,BTC-27JUN25-110000-C,103680.05,sell,1.0,1.0,,,,,,,1748650776.783
9581,369600289,1748650890337,0,0.0245,0.02445715,41.91,BTC-27JUN25-110000-C,103766.07,buy,0.4,0.4,,,,,,,1748650890.337
9582,369601264,1748651380909,1,0.0245,0.02459176,41.83,BTC-27JUN25-110000-C,103804.74,sell,0.6,0.6,,,,,,,1748651380.909
9583,369601265,1748651380911,1,0.0245,0.02459176,41.83,BTC-27JUN25-110000-C,103804.74,buy,0.3,0.3,,,,,,,1748651380.911
9584,369601270,1748651397836,1,0.0245,0.02463323,41.77,BTC-27JUN25-110000-C,103820.92,buy,0.3,0.3,,,,,,,1748651397.836
9585,369601280,1748651400299,1,0.0245,0.024655,41.76,BTC-27JUN25-110000-C,103823.06,buy,0.4,0.4,,,,,,,1748651400.299
9586,369601283,1748651400393,1,0.0245,0.024655,41.76,BTC-27JUN25-110000-C,103823.06,buy,0.4,0.4,,,,,,,1748651400.393
9587,369601716,1748651676621,1,0.0245,0.02500598,41.41,BTC-27JUN25-110000-C,103931.68,sell,0.1,0.1,,,,,,,1748651676.621
9588,369604626,1748653752675,0,0.025,0.0250947,41.61,BTC-27JUN25-110000-C,104016.42,sell,8.5,8.5,,,,,,,1748653752.675
9589,369606176,1748655010185,2,0.0245,0.02434029,41.6,BTC-27JUN25-110000-C,103901.32,buy,0.3,0.3,,,,,,,1748655010.185
9590,369606177,1748655010187,3,0.0245,0.02434029,41.6,BTC-27JUN25-110000-C,103901.32,sell,0.7,0.7,,,,,,,1748655010.187
9591,369616389,1748660606707,2,0.0235,0.02334076,42.5,BTC-27JUN25-110000-C,103278.98,sell,0.1,0.1,,,,,,,1748660606.707
9592,369617136,1748661083121,2,0.023,0.02303645,42.29,BTC-27JUN25-110000-C,103189.46,buy,0.1,0.1,,,,,,,1748661083.121
9594,369617207,1748661118699,1,0.0235,0.02317163,42.68,BTC-27JUN25-110000-C,103217.75,buy,0.1,0.1,,,,,,,1748661118.699
9593,369617206,1748661118699,0,0.0235,0.02317163,42.68,BTC-27JUN25-110000-C,103217.75,buy,0.7,0.7,,,,,,,1748661118.699
9595,369617208,1748661118701,1,0.0235,0.02317163,42.68,BTC-27JUN25-110000-C,103217.75,sell,1.5,1.5,,,,,,,1748661118.701
9596,369617209,1748661118717,1,0.0235,0.02317163,42.68,BTC-27JUN25-110000-C,103217.75,sell,1.3,1.3,,,,,,,1748661118.717
9597,369617214,1748661119131,1,0.0235,0.02316605,42.68,BTC-27JUN25-110000-C,103216.67,sell,2.2,2.2,,,,,,,1748661119.131
9598,369617215,1748661119142,1,0.0235,0.02316605,42.68,BTC-27JUN25-110000-C,103216.67,sell,0.4,0.4,,,,,,,1748661119.142
9599,369617229,1748661132455,1,0.0235,0.02318239,42.69,BTC-27JUN25-110000-C,103213.85,sell,3.8,3.8,,,,,,,1748661132.455
9600,369617235,1748661135018,1,0.0235,0.0231592,42.73,BTC-27JUN25-110000-C,103201.06,buy,2.2,2.2,,,,,,,1748661135.018
9601,369617236,1748661135018,1,0.0235,0.0231592,42.73,BTC-27JUN25-110000-C,103201.06,buy,1.5,1.5,,,,,,,1748661135.018
9602,369617237,1748661137602,1,0.0235,0.02313536,42.72,BTC-27JUN25-110000-C,103202.33,sell,6.0,6.0,,,,,,,1748661137.602
9603,369617465,1748661330181,0,0.024,0.02375429,42.84,BTC-27JUN25-110000-C,103320.75,buy,0.1,0.1,,,,,,,1748661330.181
9604,369617525,1748661395858,0,0.0245,0.02397344,43.17,BTC-27JUN25-110000-C,103374.61,buy,0.1,0.1,,,,,,,1748661395.858
9605,369618110,1748661782952,0,0.025,0.02447976,43.6,BTC-27JUN25-110000-C,103387.89,buy,0.1,0.1,,,,,,,1748661782.952
9606,369618277,1748661983647,0,0.0255,0.02506841,43.76,BTC-27JUN25-110000-C,103481.26,buy,0.1,0.1,,,,,,,1748661983.647
9607,369618383,1748662058043,1,0.0255,0.0251861,43.77,BTC-27JUN25-110000-C,103472.1,buy,0.3,0.3,,,,,,,1748662058.043
9608,369618736,1748662360274,1,0.0255,0.02538191,43.68,BTC-27JUN25-110000-C,103494.62,sell,0.1,0.1,,,,,,,1748662360.274
9609,369618738,1748662361902,1,0.0255,0.02537769,43.68,BTC-27JUN25-110000-C,103494.73,sell,0.1,0.1,,,,,,,1748662361.902
9611,369619057,1748662446350,1,0.0255,0.02494926,44.17,BTC-27JUN25-110000-C,103327.4,buy,0.7,0.7,,,,,,,1748662446.35
9610,369619056,1748662446350,1,0.0255,0.02494926,44.17,BTC-27JUN25-110000-C,103327.4,buy,6.0,6.0,,,,,,,1748662446.35
9612,369619429,1748662752127,0,0.026,0.02580512,44.1,BTC-27JUN25-110000-C,103505.08,buy,0.1,0.1,,,,,,,1748662752.127
9613,369619490,1748662906974,0,0.0265,0.02577006,44.66,BTC-27JUN25-110000-C,103494.05,buy,0.1,0.1,,,,,,,1748662906.974
9619,369619496,1748662906974,1,0.0265,0.02577006,44.66,BTC-27JUN25-110000-C,103494.05,buy,1.4,1.4,,,,,,,1748662906.974
9617,369619494,1748662906974,1,0.0265,0.02577006,44.66,BTC-27JUN25-110000-C,103494.05,buy,18.1,18.1,,,,,,,1748662906.974
9618,369619495,1748662906974,1,0.0265,0.02577006,44.66,BTC-27JUN25-110000-C,103494.05,buy,6.0,6.0,,,,,,,1748662906.974
9620,369619497,1748662906974,1,0.0265,0.02577006,44.66,BTC-27JUN25-110000-C,103494.05,buy,1.5,1.5,,,,,,,1748662906.974
9614,369619491,1748662906974,1,0.0265,0.02577006,44.66,BTC-27JUN25-110000-C,103494.05,buy,0.7,0.7,,,,,,,1748662906.974
9615,369619492,1748662906974,1,0.0265,0.02577006,44.66,BTC-27JUN25-110000-C,103494.05,buy,0.6,0.6,,,,,,,1748662906.974
9621,369619498,1748662906974,1,0.0265,0.02577006,44.66,BTC-27JUN25-110000-C,103494.05,buy,18.9,18.9,,,,,,,1748662906.974
9616,369619493,1748662906974,1,0.0265,0.02577006,44.66,BTC-27JUN25-110000-C,103494.05,buy,5.4,5.4,,,,,,,1748662906.974
9622,369619499,1748662906978,1,0.0265,0.02577006,44.66,BTC-27JUN25-110000-C,103494.05,sell,2.3,2.3,,,,,,,1748662906.978
9623,369619500,1748662906978,1,0.0265,0.02577006,44.66,BTC-27JUN25-110000-C,103494.05,sell,18.0,18.0,,,,,,,1748662906.978
9624,369619501,1748662906980,1,0.0265,0.02577006,44.66,BTC-27JUN25-110000-C,103494.05,sell,0.5,0.5,,,,,,,1748662906.98
9625,369621344,1748663850186,0,0.027,0.02680426,44.48,BTC-27JUN25-110000-C,103663.72,buy,0.1,0.1,,,,,,,1748663850.186
9626,369647728,1748679850727,2,0.026,0.02619962,43.76,BTC-27JUN25-110000-C,103689.36,buy,0.1,0.1,,,,,,,1748679850.727
9627,369648613,1748680872950,3,0.026,0.02591981,44.09,BTC-27JUN25-110000-C,103602.07,sell,0.6,0.6,,,,,,,1748680872.95
9628,369648614,1748680872961,3,0.026,0.02591981,44.09,BTC-27JUN25-110000-C,103602.07,sell,0.6,0.6,,,,,,,1748680872.961
9629,369649484,1748681627635,3,0.026,0.02623208,43.66,BTC-27JUN25-110000-C,103739.12,sell,0.1,0.1,,,,,,,1748681627.635
9630,369650660,1748682772104,3,0.026,0.02621011,43.68,BTC-27JUN25-110000-C,103741.14,sell,0.4,0.4,,,,,,,1748682772.104
9631,369650661,1748682772104,3,0.026,0.02621011,43.68,BTC-27JUN25-110000-C,103741.14,sell,0.6,0.6,,,,,,,1748682772.104
9632,369652201,1748683987092,2,0.025,0.02568981,43.21,BTC-27JUN25-110000-C,103587.78,sell,1.0,1.0,,,,,,,1748683987.092
9633,369652218,1748683991380,3,0.025,0.0256947,43.21,BTC-27JUN25-110000-C,103586.27,sell,1.0,1.0,,,,,,,1748683991.38
9634,369652238,1748683994890,3,0.025,0.025689,43.2,BTC-27JUN25-110000-C,103587.38,sell,1.0,1.0,,,,,,,1748683994.89
9635,369652249,1748684000965,3,0.025,0.02569671,43.2,BTC-27JUN25-110000-C,103587.69,sell,1.0,1.0,,,,,,,1748684000.965
9637,369652252,1748684010361,3,0.025,0.0256843,43.2,BTC-27JUN25-110000-C,103586.53,sell,0.7,0.7,,,,,,,1748684010.361
9636,369652251,1748684010361,3,0.025,0.0256843,43.2,BTC-27JUN25-110000-C,103586.53,sell,0.3,0.3,,,,,,,1748684010.361
9638,369656994,1748687130103,2,0.0245,0.02512631,43.0,BTC-27JUN25-110000-C,103526.75,sell,0.1,0.1,,,,,,,1748687130.103
9640,369658424,1748688752912,2,0.024,0.0246837,42.73,BTC-27JUN25-110000-C,103433.36,sell,0.3,0.3,,,,,,,1748688752.912
9639,369658423,1748688752912,3,0.0245,0.0246837,43.24,BTC-27JUN25-110000-C,103433.36,sell,0.4,0.4,,,,,,,1748688752.912
9641,369660233,1748690393342,0,0.0255,0.02512942,44.01,BTC-27JUN25-110000-C,103510.53,buy,1.0,1.0,,,,,,,1748690393.342
9642,369663312,1748694307327,0,0.0265,0.02628993,44.05,BTC-27JUN25-110000-C,103843.14,buy,0.1,0.1,,,,,,,1748694307.327
9643,369663314,1748694308731,1,0.0265,0.02629011,44.02,BTC-27JUN25-110000-C,103855.33,buy,0.1,0.1,,,,,,,1748694308.731
9644,369663325,1748694310845,1,0.0265,0.02632947,44.01,BTC-27JUN25-110000-C,103856.71,buy,0.1,0.1,,,,,,,1748694310.845
9645,369663330,1748694333698,2,0.026,0.02635678,43.49,BTC-27JUN25-110000-C,103860.63,sell,0.2,0.2,,,,,,,1748694333.698
9646,369663334,1748694372779,0,0.0265,0.02631285,44.03,BTC-27JUN25-110000-C,103846.58,buy,0.1,0.1,,,,,,,1748694372.779
9647,369663336,1748694375069,1,0.0265,0.02631103,44.01,BTC-27JUN25-110000-C,103852.34,buy,0.1,0.1,,,,,,,1748694375.069
9648,369663340,1748694376789,1,0.0265,0.02633001,44.02,BTC-27JUN25-110000-C,103850.3,buy,0.1,0.1,,,,,,,1748694376.789
9649,369663409,1748694438596,1,0.0265,0.02641244,44.0,BTC-27JUN25-110000-C,103852.13,buy,0.1,0.1,,,,,,,1748694438.596
9650,369663414,1748694439765,1,0.0265,0.02635877,44.01,BTC-27JUN25-110000-C,103851.41,buy,0.1,0.1,,,,,,,1748694439.765
9651,369663417,1748694441508,1,0.0265,0.02633726,44.01,BTC-27JUN25-110000-C,103851.33,buy,0.1,0.1,,,,,,,1748694441.508
9652,369663427,1748694504148,1,0.0265,0.02636077,43.99,BTC-27JUN25-110000-C,103860.05,buy,0.1,0.1,,,,,,,1748694504.148
9653,369663430,1748694505567,1,0.0265,0.02636075,43.99,BTC-27JUN25-110000-C,103859.79,sell,0.1,0.1,,,,,,,1748694505.567
9654,369663443,1748694567978,1,0.0265,0.02636602,43.99,BTC-27JUN25-110000-C,103852.33,buy,0.1,0.1,,,,,,,1748694567.978
9655,369663939,1748695413476,1,0.0265,0.02669022,43.73,BTC-27JUN25-110000-C,103929.07,sell,0.4,0.4,,,,,,,1748695413.476
9656,369664486,1748696095044,1,0.0265,0.02681102,43.41,BTC-27JUN25-110000-C,104026.58,sell,0.3,0.3,,,,,,,1748696095.044
9657,369664487,1748696095047,1,0.0265,0.02681102,43.41,BTC-27JUN25-110000-C,104026.58,buy,0.1,0.1,,,,,,,1748696095.047
9658,369665436,1748696625420,0,0.027,0.02709474,43.43,BTC-27JUN25-110000-C,104176.84,buy,0.1,0.1,,,,,,,1748696625.42
9659,369665459,1748696632101,1,0.027,0.02712569,43.41,BTC-27JUN25-110000-C,104182.17,buy,0.1,0.1,,,,,,,1748696632.101
9660,369665462,1748696633476,1,0.027,0.02712401,43.42,BTC-27JUN25-110000-C,104180.57,buy,0.1,0.1,,,,,,,1748696633.476
9661,369665463,1748696635140,1,0.027,0.02710927,43.42,BTC-27JUN25-110000-C,104179.47,sell,0.1,0.1,,,,,,,1748696635.14
9662,369666299,1748697258575,1,0.027,0.0268967,43.51,BTC-27JUN25-110000-C,104171.45,buy,0.1,0.1,,,,,,,1748697258.575
9663,369671199,1748700959678,0,0.0275,0.0277471,42.96,BTC-27JUN25-110000-C,104512.12,buy,0.1,0.1,,,,,,,1748700959.678
9664,369676051,1748704677408,0,0.028,0.02810208,42.85,BTC-27JUN25-110000-C,104723.13,buy,0.1,0.1,,,,,,,1748704677.408
9665,369676052,1748704677408,1,0.028,0.02810208,42.85,BTC-27JUN25-110000-C,104723.13,buy,0.1,0.1,,,,,,,1748704677.408
9666,369677534,1748705532354,0,0.0285,0.02846745,42.83,BTC-27JUN25-110000-C,104880.1,buy,0.1,0.1,,,,,,,1748705532.354
9667,369677535,1748705532354,1,0.0285,0.02846745,42.83,BTC-27JUN25-110000-C,104880.1,buy,0.6,0.6,,,,,,,1748705532.354
9668,369678399,1748706012326,2,0.0275,0.02748272,42.82,BTC-27JUN25-110000-C,104600.65,sell,2.5,2.5,,,,,,,1748706012.326
9669,369678453,1748706046533,3,0.0275,0.02754037,42.81,BTC-27JUN25-110000-C,104594.58,sell,0.5,0.5,,,,,,,1748706046.533
9671,369678644,1748706266194,3,0.0275,0.02747868,42.84,BTC-27JUN25-110000-C,104580.12,buy,0.5,0.5,,,,,,,1748706266.194
9670,369678643,1748706266194,3,0.0275,0.02747868,42.84,BTC-27JUN25-110000-C,104580.12,buy,0.3,0.3,,,,,,,1748706266.194
9672,369678957,1748706714326,3,0.0275,0.0273958,42.84,BTC-27JUN25-110000-C,104580.97,buy,0.2,0.2,,,,,,,1748706714.326
9673,369679324,1748707041714,2,0.027,0.02731589,42.4,BTC-27JUN25-110000-C,104573.05,sell,0.1,0.1,,,,,,,1748707041.714
9674,369680770,1748708884181,0,0.028,0.02787882,42.74,BTC-27JUN25-110000-C,104774.38,buy,0.1,0.1,,,,,,,1748708884.181
9675,369682211,1748710539838,2,0.0275,0.02733377,42.8,BTC-27JUN25-110000-C,104597.99,sell,4.3,4.3,,,,,,,1748710539.838
9676,369682212,1748710569840,3,0.0275,0.02734801,42.8,BTC-27JUN25-110000-C,104602.2,buy,1.5,1.5,,,,,,,1748710569.84
9679,369682351,1748710845682,3,0.0275,0.02734725,43.04,BTC-27JUN25-110000-C,104523.38,sell,8.1,8.1,,,,,,,1748710845.682
9677,369682349,1748710845682,3,0.0275,0.02734725,43.04,BTC-27JUN25-110000-C,104523.38,sell,3.3,3.3,,,,,,,1748710845.682
9678,369682350,1748710845682,3,0.0275,0.02734725,43.04,BTC-27JUN25-110000-C,104523.38,sell,0.1,0.1,,,,,,,1748710845.682
9680,369682410,1748710899849,3,0.0275,0.02714563,43.22,BTC-27JUN25-110000-C,104467.84,buy,2.1,2.1,,,,,,,1748710899.849
9681,369682411,1748710899849,3,0.0275,0.02714563,43.22,BTC-27JUN25-110000-C,104467.84,buy,0.5,0.5,,,,,,,1748710899.849
9682,369682419,1748710929841,3,0.0275,0.0271589,43.22,BTC-27JUN25-110000-C,104468.21,sell,5.3,5.3,,,,,,,1748710929.841
9684,369682448,1748711110017,1,0.028,0.02733238,43.7,BTC-27JUN25-110000-C,104470.07,buy,0.5,0.5,,,,,,,1748711110.017
9683,369682447,1748711110017,0,0.028,0.02733238,43.7,BTC-27JUN25-110000-C,104470.07,buy,8.3,8.3,,,,,,,1748711110.017
9685,369682524,1748711139847,1,0.028,0.02753924,43.55,BTC-27JUN25-110000-C,104513.7,buy,3.8,3.8,,,,,,,1748711139.847
9687,369682532,1748711169850,1,0.028,0.02755626,43.54,BTC-27JUN25-110000-C,104518.73,buy,2.1,2.1,,,,,,,1748711169.85
9688,369682533,1748711169850,1,0.028,0.02755626,43.54,BTC-27JUN25-110000-C,104518.73,buy,1.0,1.0,,,,,,,1748711169.85
9686,369682531,1748711169850,1,0.028,0.02755626,43.54,BTC-27JUN25-110000-C,104518.73,buy,0.6,0.6,,,,,,,1748711169.85
9690,369682566,1748711199850,1,0.0285,0.02765335,43.96,BTC-27JUN25-110000-C,104537.61,buy,0.6,0.6,,,,,,,1748711199.85
9691,369682567,1748711199850,1,0.0285,0.02765335,43.96,BTC-27JUN25-110000-C,104537.61,buy,2.6,2.6,,,,,,,1748711199.85
9689,369682565,1748711199850,0,0.0285,0.02765335,43.96,BTC-27JUN25-110000-C,104537.61,buy,0.6,0.6,,,,,,,1748711199.85
9692,369682568,1748711229843,1,0.0285,0.02764819,43.98,BTC-27JUN25-110000-C,104527.68,buy,3.8,3.8,,,,,,,1748711229.843
9693,369682623,1748711259845,2,0.028,0.02752141,43.65,BTC-27JUN25-110000-C,104476.23,buy,0.9,0.9,,,,,,,1748711259.845
9694,369682624,1748711259845,3,0.028,0.02752141,43.65,BTC-27JUN25-110000-C,104476.23,buy,2.9,2.9,,,,,,,1748711259.845
9695,369682627,1748711289840,3,0.028,0.02750875,43.66,BTC-27JUN25-110000-C,104477.97,buy,0.9,0.9,,,,,,,1748711289.84
9696,369682628,1748711289840,0,0.0285,0.02750875,44.15,BTC-27JUN25-110000-C,104477.97,buy,2.9,2.9,,,,,,,1748711289.84
9697,369682645,1748711319839,1,0.0285,0.02765671,44.02,BTC-27JUN25-110000-C,104515.39,buy,3.8,3.8,,,,,,,1748711319.839
9698,369682651,1748711349861,1,0.0285,0.027692,44.02,BTC-27JUN25-110000-C,104517.11,buy,1.9,1.9,,,,,,,1748711349.861
9699,369682652,1748711349861,1,0.0285,0.027692,44.02,BTC-27JUN25-110000-C,104517.11,buy,16.7,16.7,,,,,,,1748711349.861
9703,369682719,1748711379843,1,0.0285,0.0277363,44.02,BTC-27JUN25-110000-C,104512.19,buy,1.7,1.7,,,,,,,1748711379.843
9701,369682717,1748711379843,1,0.0285,0.0277363,44.02,BTC-27JUN25-110000-C,104512.19,buy,1.5,1.5,,,,,,,1748711379.843
9702,369682718,1748711379843,1,0.0285,0.0277363,44.02,BTC-27JUN25-110000-C,104512.19,buy,2.1,2.1,,,,,,,1748711379.843
9700,369682716,1748711379843,1,0.0285,0.0277363,44.02,BTC-27JUN25-110000-C,104512.19,buy,4.4,4.4,,,,,,,1748711379.843
9704,369682725,1748711409930,1,0.0285,0.02780295,44.02,BTC-27JUN25-110000-C,104508.52,buy,5.0,5.0,,,,,,,1748711409.93
9705,369682726,1748711409930,1,0.0285,0.02780295,44.02,BTC-27JUN25-110000-C,104508.52,buy,0.9,0.9,,,,,,,1748711409.93
9706,369682770,1748711439844,1,0.0285,0.02792093,43.94,BTC-27JUN25-110000-C,104525.29,sell,5.9,5.9,,,,,,,1748711439.844
9707,369682853,1748711589943,0,0.029,0.0283203,44.39,BTC-27JUN25-110000-C,104538.82,buy,0.1,0.1,,,,,,,1748711589.943
9708,369682854,1748711589943,1,0.029,0.0283203,44.39,BTC-27JUN25-110000-C,104538.82,buy,29.5,29.5,,,,,,,1748711589.943
9709,369682900,1748711619845,1,0.029,0.02846684,44.34,BTC-27JUN25-110000-C,104555.03,buy,5.9,5.9,,,,,,,1748711619.845
9710,369682951,1748711649844,1,0.029,0.02848472,44.34,BTC-27JUN25-110000-C,104556.11,buy,2.1,2.1,,,,,,,1748711649.844
9711,369682952,1748711649844,1,0.029,0.02848472,44.34,BTC-27JUN25-110000-C,104556.11,buy,3.9,3.9,,,,,,,1748711649.844
9713,369682989,1748711679843,0,0.0295,0.02854555,44.78,BTC-27JUN25-110000-C,104568.36,buy,0.1,0.1,,,,,,,1748711679.843
9714,369682990,1748711679843,1,0.0295,0.02854555,44.78,BTC-27JUN25-110000-C,104568.36,buy,5.6,5.6,,,,,,,1748711679.843
9712,369682988,1748711679843,1,0.029,0.02854555,44.29,BTC-27JUN25-110000-C,104568.36,buy,0.2,0.2,,,,,,,1748711679.843
9715,369683045,1748711709874,1,0.0295,0.02867355,44.68,BTC-27JUN25-110000-C,104594.05,buy,5.9,5.9,,,,,,,1748711709.874
9717,369683123,1748711739842,1,0.0295,0.02879401,44.59,BTC-27JUN25-110000-C,104615.36,buy,4.4,4.4,,,,,,,1748711739.842
9716,369683122,1748711739842,1,0.0295,0.02879401,44.59,BTC-27JUN25-110000-C,104615.36,buy,1.5,1.5,,,,,,,1748711739.842
9718,369683149,1748711769839,1,0.0295,0.02876911,44.63,BTC-27JUN25-110000-C,104597.25,buy,5.9,5.9,,,,,,,1748711769.839
9719,369683190,1748711799843,1,0.0295,0.02880795,44.62,BTC-27JUN25-110000-C,104605.88,buy,2.1,2.1,,,,,,,1748711799.843
9720,369683191,1748711799843,1,0.0295,0.02880795,44.62,BTC-27JUN25-110000-C,104605.88,buy,3.9,3.9,,,,,,,1748711799.843
9722,369683202,1748711829839,1,0.0295,0.0288367,44.6,BTC-27JUN25-110000-C,104612.05,buy,4.7,4.7,,,,,,,1748711829.839
9721,369683201,1748711829839,1,0.0295,0.0288367,44.6,BTC-27JUN25-110000-C,104612.05,buy,1.2,1.2,,,,,,,1748711829.839
9723,369683229,1748711859838,1,0.0295,0.02881412,44.62,BTC-27JUN25-110000-C,104603.15,buy,5.0,5.0,,,,,,,1748711859.838
9724,369683230,1748711859838,1,0.0295,0.02881412,44.62,BTC-27JUN25-110000-C,104603.15,buy,0.9,0.9,,,,,,,1748711859.838
9725,369683279,1748711889841,1,0.0295,0.02895627,44.52,BTC-27JUN25-110000-C,104637.93,buy,5.9,5.9,,,,,,,1748711889.841
9726,369683290,1748711919846,1,0.0295,0.02895777,44.54,BTC-27JUN25-110000-C,104626.82,sell,5.9,5.9,,,,,,,1748711919.846
9727,369683305,1748711949843,1,0.0295,0.02900251,44.53,BTC-27JUN25-110000-C,104628.64,sell,6.0,6.0,,,,,,,1748711949.843
9729,369683473,1748712026588,1,0.0295,0.02919489,44.44,BTC-27JUN25-110000-C,104661.93,sell,5.6,5.6,,,,,,,1748712026.588
9728,369683472,1748712026588,1,0.0295,0.02919489,44.44,BTC-27JUN25-110000-C,104661.93,sell,0.1,0.1,,,,,,,1748712026.588
9730,369683474,1748712026588,1,0.0295,0.02919489,44.44,BTC-27JUN25-110000-C,104661.93,sell,5.9,5.9,,,,,,,1748712026.588
9731,369683521,1748712069840,1,0.0295,0.02912645,44.56,BTC-27JUN25-110000-C,104625.89,sell,6.1,6.1,,,,,,,1748712069.84
9732,369683591,1748712189847,1,0.0295,0.029158,44.65,BTC-27JUN25-110000-C,104596.12,sell,10.4,10.4,,,,,,,1748712189.847
9733,369683623,1748712238468,1,0.0295,0.02935316,44.65,BTC-27JUN25-110000-C,104595.56,sell,9.7,9.7,,,,,,,1748712238.468
9734,369683624,1748712238468,1,0.0295,0.02935316,44.65,BTC-27JUN25-110000-C,104595.56,sell,5.2,5.2,,,,,,,1748712238.468
9735,369683726,1748712282441,1,0.0295,0.02926362,44.76,BTC-27JUN25-110000-C,104562.35,sell,0.2,0.2,,,,,,,1748712282.441
9736,369683757,1748712429888,1,0.0295,0.02935729,44.79,BTC-27JUN25-110000-C,104553.04,sell,10.0,10.0,,,,,,,1748712429.888
9737,369683813,1748712553789,1,0.0295,0.02943853,44.8,BTC-27JUN25-110000-C,104538.78,sell,4.7,4.7,,,,,,,1748712553.789
9739,369683820,1748712579892,1,0.03,0.02942775,45.31,BTC-27JUN25-110000-C,104526.64,buy,18.2,18.2,,,,,,,1748712579.892
9741,369683822,1748712579892,1,0.03,0.02942775,45.31,BTC-27JUN25-110000-C,104526.64,buy,17.7,17.7,,,,,,,1748712579.892
9743,369683824,1748712579892,1,0.03,0.02942775,45.31,BTC-27JUN25-110000-C,104526.64,buy,5.0,5.0,,,,,,,1748712579.892
9745,369683826,1748712579892,1,0.03,0.02942775,45.31,BTC-27JUN25-110000-C,104526.64,buy,2.1,2.1,,,,,,,1748712579.892
9746,369683827,1748712579892,1,0.03,0.02942775,45.31,BTC-27JUN25-110000-C,104526.64,buy,1.1,1.1,,,,,,,1748712579.892
9744,369683825,1748712579892,1,0.03,0.02942775,45.31,BTC-27JUN25-110000-C,104526.64,buy,3.5,3.5,,,,,,,1748712579.892
9740,369683821,1748712579892,1,0.03,0.02942775,45.31,BTC-27JUN25-110000-C,104526.64,buy,8.3,8.3,,,,,,,1748712579.892
9747,369683828,1748712579892,1,0.03,0.02942775,45.31,BTC-27JUN25-110000-C,104526.64,buy,0.6,0.6,,,,,,,1748712579.892
9738,369683819,1748712579892,0,0.03,0.02942775,45.31,BTC-27JUN25-110000-C,104526.64,buy,0.1,0.1,,,,,,,1748712579.892
9742,369683823,1748712579892,1,0.03,0.02942775,45.31,BTC-27JUN25-110000-C,104526.64,buy,1.5,1.5,,,,,,,1748712579.892
9748,369683914,1748712609980,1,0.03,0.02958872,45.29,BTC-27JUN25-110000-C,104529.08,sell,11.1,11.1,,,,,,,1748712609.98
9751,369684033,1748712635426,3,0.0295,0.02959658,44.81,BTC-27JUN25-110000-C,104525.2,sell,0.3,0.3,,,,,,,1748712635.426
9750,369684032,1748712635426,3,0.0295,0.02959658,44.81,BTC-27JUN25-110000-C,104525.2,sell,6.1,6.1,,,,,,,1748712635.426
9749,369684031,1748712635426,2,0.0295,0.02959658,44.81,BTC-27JUN25-110000-C,104525.2,sell,1.5,1.5,,,,,,,1748712635.426
9752,369684066,1748712642155,3,0.0295,0.02959369,44.82,BTC-27JUN25-110000-C,104523.96,buy,2.2,2.2,,,,,,,1748712642.155
9753,369684136,1748712652164,3,0.0295,0.02959094,44.82,BTC-27JUN25-110000-C,104521.4,sell,1.1,1.1,,,,,,,1748712652.164
9754,369684232,1748712669841,0,0.03,0.02951715,45.38,BTC-27JUN25-110000-C,104504.92,buy,6.1,6.1,,,,,,,1748712669.841
9755,369684336,1748712699845,1,0.03,0.02946191,45.43,BTC-27JUN25-110000-C,104490.9,buy,6.1,6.1,,,,,,,1748712699.845
9757,369684371,1748712729842,1,0.03,0.02946724,45.43,BTC-27JUN25-110000-C,104488.41,buy,0.6,0.6,,,,,,,1748712729.842
9756,369684370,1748712729842,1,0.03,0.02946724,45.43,BTC-27JUN25-110000-C,104488.41,buy,5.0,5.0,,,,,,,1748712729.842
9758,369684372,1748712729842,1,0.03,0.02946724,45.43,BTC-27JUN25-110000-C,104488.41,buy,0.5,0.5,,,,,,,1748712729.842
9759,369684508,1748712759845,1,0.03,0.02947432,45.43,BTC-27JUN25-110000-C,104487.25,buy,1.0,1.0,,,,,,,1748712759.845
9760,369684509,1748712759845,1,0.03,0.02947432,45.43,BTC-27JUN25-110000-C,104487.25,buy,1.2,1.2,,,,,,,1748712759.845
9763,369687875,1748714722517,1,0.03,0.02945067,45.42,BTC-27JUN25-110000-C,104505.15,buy,1.2,1.2,,,,,,,1748714722.517
9761,369687873,1748714722517,1,0.03,0.02945067,45.42,BTC-27JUN25-110000-C,104505.15,buy,0.6,0.6,,,,,,,1748714722.517
9762,369687874,1748714722517,1,0.03,0.02945067,45.42,BTC-27JUN25-110000-C,104505.15,buy,0.6,0.6,,,,,,,1748714722.517
9764,369687896,1748714752478,1,0.03,0.02951217,45.35,BTC-27JUN25-110000-C,104524.53,buy,2.4,2.4,,,,,,,1748714752.478
9767,369687908,1748714782468,1,0.03,0.02952513,45.35,BTC-27JUN25-110000-C,104524.29,buy,0.7,0.7,,,,,,,1748714782.468
9766,369687907,1748714782468,1,0.03,0.02952513,45.35,BTC-27JUN25-110000-C,104524.29,buy,1.0,1.0,,,,,,,1748714782.468
9765,369687906,1748714782468,1,0.03,0.02952513,45.35,BTC-27JUN25-110000-C,104524.29,buy,0.7,0.7,,,,,,,1748714782.468
9768,369687969,1748714812476,1,0.03,0.02966385,45.22,BTC-27JUN25-110000-C,104564.78,buy,1.0,1.0,,,,,,,1748714812.476
9769,369687970,1748714812476,1,0.03,0.02966385,45.22,BTC-27JUN25-110000-C,104564.78,buy,1.4,1.4,,,,,,,1748714812.476
9770,369687980,1748714842494,1,0.03,0.02968617,45.21,BTC-27JUN25-110000-C,104564.72,buy,0.7,0.7,,,,,,,1748714842.494
9771,369687981,1748714842496,1,0.03,0.02968617,45.21,BTC-27JUN25-110000-C,104564.72,sell,1.7,1.7,,,,,,,1748714842.496
9772,369687993,1748714872481,1,0.03,0.02972622,45.19,BTC-27JUN25-110000-C,104572.35,sell,2.4,2.4,,,,,,,1748714872.481
9773,369688001,1748714902423,1,0.03,0.02973437,45.19,BTC-27JUN25-110000-C,104573.08,sell,2.4,2.4,,,,,,,1748714902.423
9774,369688067,1748714932485,1,0.03,0.02974235,45.24,BTC-27JUN25-110000-C,104561.66,sell,2.4,2.4,,,,,,,1748714932.485
9775,369688068,1748714962473,1,0.03,0.02965149,45.3,BTC-27JUN25-110000-C,104550.61,buy,2.4,2.4,,,,,,,1748714962.473
9776,369688108,1748714992480,1,0.03,0.02974269,45.22,BTC-27JUN25-110000-C,104574.62,sell,2.4,2.4,,,,,,,1748714992.48
9777,369688117,1748715022473,1,0.03,0.02974855,45.23,BTC-27JUN25-110000-C,104574.89,sell,2.4,2.4,,,,,,,1748715022.473
9778,369688118,1748715023466,0,0.0305,0.02974855,45.72,BTC-27JUN25-110000-C,104574.91,buy,5.5,5.5,,,,,,,1748715023.466
9779,369688147,1748715052514,1,0.0305,0.02980325,45.67,BTC-27JUN25-110000-C,104586.69,buy,2.3,2.3,,,,,,,1748715052.514
9780,369688219,1748715082477,1,0.0305,0.02989463,45.59,BTC-27JUN25-110000-C,104604.06,buy,2.2,2.2,,,,,,,1748715082.477
9781,369688234,1748715112464,1,0.0305,0.02991176,45.58,BTC-27JUN25-110000-C,104604.08,buy,1.0,1.0,,,,,,,1748715112.464
9782,369688235,1748715112464,1,0.0305,0.02991176,45.58,BTC-27JUN25-110000-C,104604.08,buy,1.3,1.3,,,,,,,1748715112.464
9784,369688267,1748715142472,1,0.0305,0.02991592,45.6,BTC-27JUN25-110000-C,104596.44,buy,1.1,1.1,,,,,,,1748715142.472
9783,369688266,1748715142472,1,0.0305,0.02991592,45.6,BTC-27JUN25-110000-C,104596.44,buy,1.2,1.2,,,,,,,1748715142.472
9785,369688288,1748715172479,1,0.0305,0.02987451,45.63,BTC-27JUN25-110000-C,104583.9,buy,2.3,2.3,,,,,,,1748715172.479
9786,369688308,1748715202471,1,0.0305,0.02992221,45.59,BTC-27JUN25-110000-C,104594.65,buy,2.3,2.3,,,,,,,1748715202.471
9787,369688329,1748715232477,0,0.031,0.02995411,46.06,BTC-27JUN25-110000-C,104601.55,buy,0.1,0.1,,,,,,,1748715232.477
9788,369688330,1748715232477,1,0.031,0.02995411,46.06,BTC-27JUN25-110000-C,104601.55,buy,2.1,2.1,,,,,,,1748715232.477
9789,369688344,1748715262469,1,0.031,0.02997567,46.06,BTC-27JUN25-110000-C,104604.05,buy,2.3,2.3,,,,,,,1748715262.469
9790,369688394,1748715292474,1,0.031,0.02994616,46.12,BTC-27JUN25-110000-C,104588.62,buy,2.3,2.3,,,,,,,1748715292.474
9791,369688408,1748715322471,1,0.031,0.02997454,46.12,BTC-27JUN25-110000-C,104589.19,buy,2.3,2.3,,,,,,,1748715322.471
9792,369688416,1748715352471,1,0.031,0.03002501,46.1,BTC-27JUN25-110000-C,104593.08,buy,2.3,2.3,,,,,,,1748715352.471
9793,369688427,1748715382469,1,0.031,0.03006436,46.09,BTC-27JUN25-110000-C,104593.21,buy,2.2,2.2,,,,,,,1748715382.469
9794,369688432,1748715412478,1,0.031,0.03010869,46.07,BTC-27JUN25-110000-C,104597.69,buy,2.3,2.3,,,,,,,1748715412.478
9795,369688449,1748715442471,1,0.031,0.03012164,46.08,BTC-27JUN25-110000-C,104598.58,buy,2.3,2.3,,,,,,,1748715442.471
9796,369688538,1748715472495,1,0.031,0.030258,45.96,BTC-27JUN25-110000-C,104633.38,buy,2.3,2.3,,,,,,,1748715472.495
9797,369688547,1748715502470,1,0.031,0.03028516,45.94,BTC-27JUN25-110000-C,104638.85,buy,2.3,2.3,,,,,,,1748715502.47
9799,369688549,1748715532471,1,0.031,0.03031635,45.93,BTC-27JUN25-110000-C,104642.24,buy,1.7,1.7,,,,,,,1748715532.471
9798,369688548,1748715532471,1,0.031,0.03031635,45.93,BTC-27JUN25-110000-C,104642.24,buy,0.6,0.6,,,,,,,1748715532.471
9800,369688560,1748715562471,1,0.031,0.03033059,45.92,BTC-27JUN25-110000-C,104646.34,buy,2.2,2.2,,,,,,,1748715562.471
9801,369688575,1748715592472,1,0.031,0.03033936,45.93,BTC-27JUN25-110000-C,104646.21,buy,2.3,2.3,,,,,,,1748715592.472
9802,369688584,1748715622466,1,0.031,0.03034907,45.92,BTC-27JUN25-110000-C,104647.04,buy,2.3,2.3,,,,,,,1748715622.466
9803,369688589,1748715652479,1,0.031,0.03035932,45.92,BTC-27JUN25-110000-C,104649.06,buy,2.3,2.3,,,,,,,1748715652.479
9804,369688631,1748715682554,1,0.031,0.03036727,45.9,BTC-27JUN25-110000-C,104657.75,buy,2.3,2.3,,,,,,,1748715682.554
9805,369688672,1748715712470,1,0.031,0.03045629,45.84,BTC-27JUN25-110000-C,104670.32,buy,2.2,2.2,,,,,,,1748715712.47
9806,369688680,1748715742529,1,0.031,0.03038927,45.91,BTC-27JUN25-110000-C,104652.53,buy,2.3,2.3,,,,,,,1748715742.529
9807,369688681,1748715772466,1,0.031,0.03039426,45.91,BTC-27JUN25-110000-C,104653.49,buy,2.3,2.3,,,,,,,1748715772.466
9808,369688737,1748715802502,1,0.031,0.03032458,45.98,BTC-27JUN25-110000-C,104634.2,buy,1.0,1.0,,,,,,,1748715802.502
9809,369688738,1748715802502,1,0.031,0.03032458,45.98,BTC-27JUN25-110000-C,104634.2,buy,1.3,1.3,,,,,,,1748715802.502
9810,369688743,1748715832482,1,0.031,0.03034009,46.0,BTC-27JUN25-110000-C,104628.34,buy,0.8,0.8,,,,,,,1748715832.482
9811,369688744,1748715832482,1,0.031,0.03034009,46.0,BTC-27JUN25-110000-C,104628.34,buy,0.3,0.3,,,,,,,1748715832.482
9812,369688745,1748715832482,1,0.031,0.03034009,46.0,BTC-27JUN25-110000-C,104628.34,buy,1.2,1.2,,,,,,,1748715832.482
9813,369688748,1748715862470,1,0.031,0.03034559,45.99,BTC-27JUN25-110000-C,104630.8,buy,2.2,2.2,,,,,,,1748715862.47
9814,369688750,1748715892470,1,0.031,0.03035699,45.98,BTC-27JUN25-110000-C,104631.24,buy,2.3,2.3,,,,,,,1748715892.47
9815,369688757,1748715922469,1,0.031,0.0303966,45.96,BTC-27JUN25-110000-C,104638.02,sell,2.3,2.3,,,,,,,1748715922.469
9816,369688772,1748715952468,1,0.031,0.03043323,45.96,BTC-27JUN25-110000-C,104634.36,buy,1.0,1.0,,,,,,,1748715952.468
9817,369688778,1748715982474,1,0.031,0.03045226,45.97,BTC-27JUN25-110000-C,104627.07,sell,3.6,3.6,,,,,,,1748715982.474
9818,369688809,1748716012472,1,0.031,0.03043237,46.02,BTC-27JUN25-110000-C,104618.23,sell,2.2,2.2,,,,,,,1748716012.472
9819,369688823,1748716042484,1,0.031,0.03046756,46.02,BTC-27JUN25-110000-C,104619.28,sell,2.3,2.3,,,,,,,1748716042.484
9820,369688907,1748716069386,2,0.0305,0.03037415,45.66,BTC-27JUN25-110000-C,104584.68,sell,2.3,2.3,,,,,,,1748716069.386
9821,369688923,1748716102469,0,0.031,0.03033434,46.2,BTC-27JUN25-110000-C,104572.53,buy,2.3,2.3,,,,,,,1748716102.469
9822,369688927,1748716132481,1,0.031,0.03033015,46.21,BTC-27JUN25-110000-C,104570.37,buy,2.3,2.3,,,,,,,1748716132.481
9823,369688941,1748716162491,1,0.031,0.030378,46.17,BTC-27JUN25-110000-C,104579.77,buy,2.2,2.2,,,,,,,1748716162.491
9824,369688945,1748716192682,1,0.031,0.03040153,46.15,BTC-27JUN25-110000-C,104580.29,buy,2.3,2.3,,,,,,,1748716192.682
9825,369688947,1748716222502,1,0.031,0.03041067,46.15,BTC-27JUN25-110000-C,104580.11,buy,2.3,2.3,,,,,,,1748716222.502
9826,369688951,1748716252608,1,0.031,0.03041462,46.15,BTC-27JUN25-110000-C,104578.03,buy,2.1,2.1,,,,,,,1748716252.608
9827,369688952,1748716252608,1,0.031,0.03041462,46.15,BTC-27JUN25-110000-C,104578.03,buy,0.2,0.2,,,,,,,1748716252.608
9828,369688988,1748716282488,1,0.031,0.03039605,46.14,BTC-27JUN25-110000-C,104581.59,buy,2.3,2.3,,,,,,,1748716282.488
9829,369688989,1748716312471,1,0.031,0.03045091,46.13,BTC-27JUN25-110000-C,104580.21,buy,1.0,1.0,,,,,,,1748716312.471
9830,369689102,1748716794256,2,0.0305,0.03051196,45.73,BTC-27JUN25-110000-C,104548.82,sell,0.3,0.3,,,,,,,1748716794.256
9831,369701966,1748733129571,2,0.03,0.03040404,44.85,BTC-27JUN25-110000-C,104781.52,sell,0.8,0.8,,,,,,,1748733129.571
9832,369701967,1748733129578,3,0.03,0.03040404,44.85,BTC-27JUN25-110000-C,104781.52,buy,2.2,2.2,,,,,,,1748733129.578
9833,369703727,1748734685991,2,0.0295,0.02951098,44.48,BTC-27JUN25-110000-C,104737.13,buy,1.0,1.0,,,,,,,1748734685.991
9834,369710186,1748743263734,2,0.028,0.02757908,45.0,BTC-27JUN25-110000-C,104166.94,buy,0.6,0.6,,,,,,,1748743263.734
9835,369710187,1748743263734,3,0.028,0.02757908,45.0,BTC-27JUN25-110000-C,104166.94,buy,0.7,0.7,,,,,,,1748743263.734
9836,369710211,1748743293695,3,0.028,0.02751551,45.07,BTC-27JUN25-110000-C,104150.26,buy,0.3,0.3,,,,,,,1748743293.695
9837,369710212,1748743293695,3,0.028,0.02751551,45.07,BTC-27JUN25-110000-C,104150.26,buy,0.3,0.3,,,,,,,1748743293.695
9838,369710213,1748743293695,3,0.028,0.02751551,45.07,BTC-27JUN25-110000-C,104150.26,buy,0.8,0.8,,,,,,,1748743293.695
9840,369710279,1748743323739,3,0.028,0.02759074,44.99,BTC-27JUN25-110000-C,104177.18,buy,0.3,0.3,,,,,,,1748743323.739
9839,369710278,1748743323739,3,0.028,0.02759074,44.99,BTC-27JUN25-110000-C,104177.18,buy,1.0,1.0,,,,,,,1748743323.739
9841,369710313,1748743353727,3,0.028,0.02743664,45.11,BTC-27JUN25-110000-C,104136.37,buy,0.3,0.3,,,,,,,1748743353.727
9842,369710314,1748743353727,3,0.028,0.02743664,45.11,BTC-27JUN25-110000-C,104136.37,buy,1.0,1.0,,,,,,,1748743353.727
9843,369710315,1748743353727,3,0.028,0.02743664,45.11,BTC-27JUN25-110000-C,104136.37,buy,0.2,0.2,,,,,,,1748743353.727
9844,369710345,1748743383379,3,0.028,0.0275053,45.11,BTC-27JUN25-110000-C,104136.28,buy,1.4,1.4,,,,,,,1748743383.379
9845,369710431,1748743413703,3,0.028,0.02738117,45.21,BTC-27JUN25-110000-C,104111.63,buy,1.4,1.4,,,,,,,1748743413.703
9846,369710556,1748743443666,3,0.028,0.02730374,45.3,BTC-27JUN25-110000-C,104078.41,buy,1.3,1.3,,,,,,,1748743443.666
9847,369710592,1748743473711,3,0.028,0.02752215,45.08,BTC-27JUN25-110000-C,104139.74,buy,1.4,1.4,,,,,,,1748743473.711
9848,369710631,1748743503715,3,0.028,0.02742373,45.2,BTC-27JUN25-110000-C,104104.26,buy,1.4,1.4,,,,,,,1748743503.715
9849,369710686,1748743533703,3,0.028,0.02731161,45.28,BTC-27JUN25-110000-C,104082.94,buy,1.4,1.4,,,,,,,1748743533.703
9851,369712012,1748744922036,1,0.0285,0.0280539,45.22,BTC-27JUN25-110000-C,104244.87,buy,0.6,0.6,,,,,,,1748744922.036
9850,369712011,1748744922036,0,0.0285,0.0280539,45.22,BTC-27JUN25-110000-C,104244.87,buy,0.6,0.6,,,,,,,1748744922.036
9852,369712053,1748744952039,1,0.0285,0.0280386,45.23,BTC-27JUN25-110000-C,104241.0,buy,1.3,1.3,,,,,,,1748744952.039
9853,369712079,1748744982048,1,0.0285,0.02797206,45.3,BTC-27JUN25-110000-C,104219.28,buy,1.2,1.2,,,,,,,1748744982.048
9854,369712090,1748745012122,1,0.0285,0.02799655,45.28,BTC-27JUN25-110000-C,104229.15,buy,1.2,1.2,,,,,,,1748745012.122
9855,369712139,1748745042042,1,0.0285,0.02807157,45.16,BTC-27JUN25-110000-C,104262.08,buy,0.6,0.6,,,,,,,1748745042.042
9856,369712140,1748745042042,1,0.0285,0.02807157,45.16,BTC-27JUN25-110000-C,104262.08,buy,0.7,0.7,,,,,,,1748745042.042
9858,369712144,1748745072063,1,0.0285,0.02815654,45.12,BTC-27JUN25-110000-C,104268.78,buy,0.4,0.4,,,,,,,1748745072.063
9857,369712143,1748745072063,1,0.0285,0.02815654,45.12,BTC-27JUN25-110000-C,104268.78,buy,0.6,0.6,,,,,,,1748745072.063
9859,369712150,1748745102068,1,0.0285,0.02812396,45.16,BTC-27JUN25-110000-C,104253.62,buy,0.5,0.5,,,,,,,1748745102.068
9860,369712153,1748745132047,1,0.0285,0.02812057,45.16,BTC-27JUN25-110000-C,104259.19,buy,0.5,0.5,,,,,,,1748745132.047
9861,369712154,1748745162027,1,0.0285,0.02811549,45.15,BTC-27JUN25-110000-C,104258.7,buy,0.5,0.5,,,,,,,1748745162.027
9862,369712156,1748745192033,1,0.0285,0.02813067,45.15,BTC-27JUN25-110000-C,104257.08,buy,0.3,0.3,,,,,,,1748745192.033
9863,369712157,1748745221908,1,0.0285,0.02813461,45.16,BTC-27JUN25-110000-C,104259.08,sell,1.7,1.7,,,,,,,1748745221.908
9864,369712158,1748745221941,1,0.0285,0.02813344,45.16,BTC-27JUN25-110000-C,104259.08,sell,0.1,0.1,,,,,,,1748745221.941
9865,369712159,1748745226525,1,0.0285,0.02813344,45.16,BTC-27JUN25-110000-C,104259.2,sell,0.1,0.1,,,,,,,1748745226.525
9866,369712372,1748745921126,1,0.0285,0.02850455,45.19,BTC-27JUN25-110000-C,104255.15,sell,0.1,0.1,,,,,,,1748745921.126
9867,369712373,1748745921126,1,0.0285,0.02850455,45.19,BTC-27JUN25-110000-C,104255.15,sell,4.7,4.7,,,,,,,1748745921.126
9869,369712953,1748746985772,1,0.0285,0.02859552,45.24,BTC-27JUN25-110000-C,104246.33,sell,10.9,10.9,,,,,,,1748746985.772
9868,369712952,1748746985772,1,0.0285,0.02859552,45.24,BTC-27JUN25-110000-C,104246.33,sell,0.4,0.4,,,,,,,1748746985.772
9871,369713101,1748747357559,1,0.0285,0.02851369,45.48,BTC-27JUN25-110000-C,104160.7,sell,1.7,1.7,,,,,,,1748747357.559
9870,369713100,1748747357559,1,0.0285,0.02851369,45.48,BTC-27JUN25-110000-C,104160.7,sell,0.7,0.7,,,,,,,1748747357.559
9872,369713109,1748747365585,1,0.0285,0.02848411,45.51,BTC-27JUN25-110000-C,104150.77,sell,7.3,7.3,,,,,,,1748747365.585
9873,369713181,1748747411881,1,0.0285,0.02837989,45.61,BTC-27JUN25-110000-C,104124.92,buy,3.0,3.0,,,,,,,1748747411.881
9874,369713208,1748747522266,1,0.0285,0.02845147,45.59,BTC-27JUN25-110000-C,104126.31,sell,1.0,1.0,,,,,,,1748747522.266
9875,369713209,1748747522266,1,0.0285,0.02845147,45.59,BTC-27JUN25-110000-C,104126.31,sell,4.9,4.9,,,,,,,1748747522.266
9876,369713668,1748748241851,1,0.0285,0.02858102,45.69,BTC-27JUN25-110000-C,104081.07,sell,2.4,2.4,,,,,,,1748748241.851
9877,369713682,1748748252044,1,0.0285,0.02848027,45.74,BTC-27JUN25-110000-C,104067.96,sell,1.7,1.7,,,,,,,1748748252.044
9878,369713712,1748748285993,1,0.0285,0.02846408,45.75,BTC-27JUN25-110000-C,104062.07,sell,4.9,4.9,,,,,,,1748748285.993
9879,369715483,1748750570384,0,0.0292,0.02952753,45.01,BTC-27JUN25-110000-C,104507.78,sell,6.0,6.0,4.0,BLOCK-202537,,5078.0,,,1748750570.384
9880,369715486,1748750572525,0,0.0295,0.02952834,45.3,BTC-27JUN25-110000-C,104507.47,buy,0.4,0.4,,,,,,,1748750572.525
9881,369715510,1748750602533,1,0.0295,0.02948095,45.36,BTC-27JUN25-110000-C,104494.61,buy,0.6,0.6,,,,,,,1748750602.533
9882,369715512,1748750632832,1,0.0295,0.02950575,45.32,BTC-27JUN25-110000-C,104506.64,sell,2.5,2.5,,,,,,,1748750632.832
9883,369715515,1748750662534,1,0.0295,0.02946507,45.37,BTC-27JUN25-110000-C,104495.68,sell,1.7,1.7,,,,,,,1748750662.534
9884,369715532,1748750692536,1,0.0295,0.02939709,45.43,BTC-27JUN25-110000-C,104480.94,buy,0.9,0.9,,,,,,,1748750692.536
9885,369715534,1748750722540,1,0.0295,0.02939425,45.44,BTC-27JUN25-110000-C,104481.79,sell,2.7,2.7,,,,,,,1748750722.54
9886,369715535,1748750752545,1,0.0295,0.02939064,45.45,BTC-27JUN25-110000-C,104481.81,sell,1.7,1.7,,,,,,,1748750752.545
9887,369715543,1748750782547,1,0.0295,0.02938086,45.47,BTC-27JUN25-110000-C,104475.16,sell,1.8,1.8,,,,,,,1748750782.547
9889,369715567,1748750812535,1,0.0295,0.02928707,45.57,BTC-27JUN25-110000-C,104447.82,buy,0.4,0.4,,,,,,,1748750812.535
9888,369715566,1748750812535,1,0.0295,0.02928707,45.57,BTC-27JUN25-110000-C,104447.82,buy,0.6,0.6,,,,,,,1748750812.535
9890,369715578,1748750842535,1,0.0295,0.02926831,45.6,BTC-27JUN25-110000-C,104439.06,buy,0.4,0.4,,,,,,,1748750842.535
9891,369715589,1748750872533,1,0.0295,0.02925149,45.62,BTC-27JUN25-110000-C,104430.85,buy,0.4,0.4,,,,,,,1748750872.533
9892,369715596,1748750902538,1,0.0295,0.02926491,45.62,BTC-27JUN25-110000-C,104430.19,sell,2.3,2.3,,,,,,,1748750902.538
9893,369715604,1748750932544,1,0.0295,0.02925406,45.64,BTC-27JUN25-110000-C,104421.06,buy,1.4,1.4,,,,,,,1748750932.544
9894,369715678,1748750962535,1,0.0295,0.02936548,45.55,BTC-27JUN25-110000-C,104441.45,sell,2.2,2.2,,,,,,,1748750962.535
9895,369715701,1748750992534,1,0.0295,0.02932452,45.59,BTC-27JUN25-110000-C,104433.97,sell,1.8,1.8,,,,,,,1748750992.534
9896,369715709,1748751022629,1,0.0295,0.02932289,45.6,BTC-27JUN25-110000-C,104436.55,sell,1.9,1.9,,,,,,,1748751022.629
9897,369715717,1748751052534,1,0.0295,0.02932648,45.6,BTC-27JUN25-110000-C,104437.81,sell,1.8,1.8,,,,,,,1748751052.534
9898,369715742,1748751082529,1,0.0295,0.02937859,45.55,BTC-27JUN25-110000-C,104444.27,sell,1.8,1.8,,,,,,,1748751082.529
9899,369715744,1748751112540,1,0.0295,0.02942327,45.52,BTC-27JUN25-110000-C,104447.22,sell,1.8,1.8,,,,,,,1748751112.54
9900,369715746,1748751142533,1,0.0295,0.0294364,45.51,BTC-27JUN25-110000-C,104448.31,sell,1.9,1.9,,,,,,,1748751142.533
9901,369715760,1748751172637,1,0.0295,0.02945184,45.49,BTC-27JUN25-110000-C,104454.18,sell,1.8,1.8,,,,,,,1748751172.637
9902,369715798,1748751202538,1,0.0295,0.02948041,45.47,BTC-27JUN25-110000-C,104466.67,sell,1.8,1.8,,,,,,,1748751202.538
9904,369715836,1748751240242,1,0.0295,0.02958704,45.36,BTC-27JUN25-110000-C,104494.68,sell,1.8,1.8,,,,,,,1748751240.242
9903,369715835,1748751240242,1,0.0295,0.02958704,45.36,BTC-27JUN25-110000-C,104494.68,sell,0.7,0.7,,,,,,,1748751240.242
9905,369715854,1748751292550,1,0.0295,0.02951727,45.43,BTC-27JUN25-110000-C,104465.74,sell,1.9,1.9,,,,,,,1748751292.55
9906,369717041,1748753018163,1,0.0295,0.03017959,44.54,BTC-27JUN25-110000-C,104745.65,sell,0.1,0.1,,,,,,,1748753018.163
9907,369717343,1748753274864,0,0.03,0.02991039,45.21,BTC-27JUN25-110000-C,104705.99,buy,0.1,0.1,,,,,,,1748753274.864
9908,369718130,1748754199642,2,0.0295,0.02961816,44.67,BTC-27JUN25-110000-C,104713.72,buy,0.5,0.5,,,,,,,1748754199.642
9909,369718472,1748754826340,3,0.0295,0.02958294,44.59,BTC-27JUN25-110000-C,104734.9,buy,0.7,0.7,,,,,,,1748754826.34
9910,369718478,1748754906411,3,0.0295,0.02955101,44.6,BTC-27JUN25-110000-C,104735.73,buy,0.3,0.3,,,,,,,1748754906.411
9911,369718523,1748754931254,3,0.0295,0.02960928,44.54,BTC-27JUN25-110000-C,104751.42,buy,0.5,0.5,,,,,,,1748754931.254
9912,369718527,1748754937404,3,0.0295,0.02961299,44.54,BTC-27JUN25-110000-C,104751.36,buy,0.4,0.4,,,,,,,1748754937.404
9913,369722121,1748762157976,2,0.028,0.02818282,44.25,BTC-27JUN25-110000-C,104389.63,buy,1.0,1.0,,,,,,,1748762157.976
9914,369729672,1748770470384,2,0.0265,0.02668779,44.4,BTC-27JUN25-110000-C,103957.32,sell,0.1,0.1,,,,,,,1748770470.384
9915,369731264,1748771717092,3,0.0265,0.02637567,44.87,BTC-27JUN25-110000-C,103829.47,buy,0.6,0.6,,,,,,,1748771717.092
9916,369731273,1748771719037,3,0.0265,0.02636956,44.87,BTC-27JUN25-110000-C,103829.6,buy,0.4,0.4,,,,,,,1748771719.037
9917,369736336,1748779692067,0,0.0275,0.02746759,45.15,BTC-27JUN25-110000-C,104093.59,buy,1.0,1.0,,,,,,,1748779692.067
9919,369737955,1748782961835,1,0.028,0.02749666,45.93,BTC-27JUN25-110000-C,104013.84,buy,18.1,18.1,,,,,,,1748782961.835
9923,369737959,1748782961835,1,0.028,0.02749666,45.93,BTC-27JUN25-110000-C,104013.84,buy,2.9,2.9,,,,,,,1748782961.835
9920,369737956,1748782961835,1,0.028,0.02749666,45.93,BTC-27JUN25-110000-C,104013.84,buy,0.6,0.6,,,,,,,1748782961.835
9925,369737961,1748782961835,1,0.028,0.02749666,45.93,BTC-27JUN25-110000-C,104013.84,buy,5.0,5.0,,,,,,,1748782961.835
9922,369737958,1748782961835,1,0.028,0.02749666,45.93,BTC-27JUN25-110000-C,104013.84,buy,6.0,6.0,,,,,,,1748782961.835
9918,369737954,1748782961835,0,0.028,0.02749666,45.93,BTC-27JUN25-110000-C,104013.84,buy,15.0,15.0,,,,,,,1748782961.835
9921,369737957,1748782961835,1,0.028,0.02749666,45.93,BTC-27JUN25-110000-C,104013.84,buy,8.4,8.4,,,,,,,1748782961.835
9924,369737960,1748782961835,1,0.028,0.02749666,45.93,BTC-27JUN25-110000-C,104013.84,buy,1.0,1.0,,,,,,,1748782961.835
9927,369737963,1748782961838,1,0.028,0.02749666,45.93,BTC-27JUN25-110000-C,104013.84,sell,2.7,2.7,,,,,,,1748782961.838
9926,369737962,1748782961838,1,0.028,0.02749666,45.93,BTC-27JUN25-110000-C,104013.84,sell,5.9,5.9,,,,,,,1748782961.838
9928,369738098,1748783223494,1,0.028,0.02792418,45.67,BTC-27JUN25-110000-C,104069.79,sell,0.4,0.4,,,,,,,1748783223.494
9929,369738099,1748783223497,1,0.028,0.02792418,45.67,BTC-27JUN25-110000-C,104069.79,buy,0.7,0.7,,,,,,,1748783223.497
9930,369738100,1748783223498,1,0.028,0.02792418,45.67,BTC-27JUN25-110000-C,104069.79,buy,4.3,4.3,,,,,,,1748783223.498
9931,369738101,1748783223502,1,0.028,0.02792418,45.67,BTC-27JUN25-110000-C,104069.79,buy,3.6,3.6,,,,,,,1748783223.502
9932,369738719,1748783921060,0,0.0285,0.0288386,45.34,BTC-27JUN25-110000-C,104336.19,sell,0.1,0.1,,,,,,,1748783921.06
9933,369738994,1748784198710,0,0.029,0.02897888,45.75,BTC-27JUN25-110000-C,104358.21,sell,0.1,0.1,,,,,,,1748784198.71
9934,369742652,1748787221436,0,0.0296,0.02971452,45.57,BTC-27JUN25-110000-C,104575.44,sell,14.0,14.0,2.0,BLOCK-202546,,5089.0,,,1748787221.436
9935,369749356,1748792813176,0,0.0305,0.03043883,45.77,BTC-27JUN25-110000-C,104792.18,buy,0.3,0.3,,,,,,,1748792813.176
9936,369749358,1748792843197,1,0.0305,0.03044089,45.77,BTC-27JUN25-110000-C,104788.48,buy,0.3,0.3,,,,,,,1748792843.197
9937,369749361,1748792873192,1,0.0305,0.03045324,45.76,BTC-27JUN25-110000-C,104792.56,sell,4.6,4.6,,,,,,,1748792873.192
9938,369749399,1748792902880,1,0.0305,0.03030116,45.92,BTC-27JUN25-110000-C,104752.45,buy,0.4,0.4,,,,,,,1748792902.88
9939,369749400,1748792902880,1,0.0305,0.03030116,45.92,BTC-27JUN25-110000-C,104752.45,buy,0.3,0.3,,,,,,,1748792902.88
9940,369749453,1748792933191,1,0.0305,0.03021914,46.01,BTC-27JUN25-110000-C,104733.52,buy,4.6,4.6,,,,,,,1748792933.191
9941,369749484,1748792963194,1,0.0305,0.03023379,46.0,BTC-27JUN25-110000-C,104734.51,buy,0.5,0.5,,,,,,,1748792963.194
9942,369749485,1748792963198,1,0.0305,0.03023379,46.0,BTC-27JUN25-110000-C,104734.51,sell,0.5,0.5,,,,,,,1748792963.198
9943,369749513,1748792993196,1,0.0305,0.03031239,45.91,BTC-27JUN25-110000-C,104754.88,sell,4.2,4.2,,,,,,,1748792993.196
9944,369749532,1748793023186,1,0.0305,0.03041999,45.83,BTC-27JUN25-110000-C,104773.24,sell,2.7,2.7,,,,,,,1748793023.186
9945,369749540,1748793053188,1,0.0305,0.03043588,45.82,BTC-27JUN25-110000-C,104772.44,sell,2.6,2.6,,,,,,,1748793053.188
9946,369749561,1748793083202,1,0.0305,0.03047845,45.78,BTC-27JUN25-110000-C,104785.71,sell,2.6,2.6,,,,,,,1748793083.202
9947,369749601,1748793113209,1,0.0305,0.03047528,45.79,BTC-27JUN25-110000-C,104786.42,sell,2.7,2.7,,,,,,,1748793113.209
9948,369749609,1748793143310,1,0.0305,0.03047705,45.79,BTC-27JUN25-110000-C,104788.66,sell,2.6,2.6,,,,,,,1748793143.31
9950,369749624,1748793208904,1,0.0305,0.03049333,45.79,BTC-27JUN25-110000-C,104788.02,sell,3.0,3.0,,,,,,,1748793208.904
9949,369749623,1748793208904,1,0.0305,0.03049333,45.79,BTC-27JUN25-110000-C,104788.02,sell,0.2,0.2,,,,,,,1748793208.904
9951,369749639,1748793268071,1,0.0305,0.03041192,45.9,BTC-27JUN25-110000-C,104756.21,sell,2.5,2.5,,,,,,,1748793268.071
9952,369749640,1748793268071,1,0.0305,0.03041192,45.9,BTC-27JUN25-110000-C,104756.21,sell,0.8,0.8,,,,,,,1748793268.071
9954,369749648,1748793302609,1,0.0305,0.0304084,45.93,BTC-27JUN25-110000-C,104752.48,sell,4.8,4.8,,,,,,,1748793302.609
9953,369749647,1748793302609,1,0.0305,0.0304084,45.93,BTC-27JUN25-110000-C,104752.48,sell,2.8,2.8,,,,,,,1748793302.609
9955,369749909,1748793851773,2,0.03,0.03013287,45.46,BTC-27JUN25-110000-C,104740.7,sell,0.1,0.1,,,,,,,1748793851.773
9956,369749914,1748793857758,3,0.03,0.0300622,45.55,BTC-27JUN25-110000-C,104713.55,buy,0.7,0.7,,,,,,,1748793857.758
9957,369749987,1748793887765,3,0.03,0.03012736,45.46,BTC-27JUN25-110000-C,104733.43,buy,0.2,0.2,,,,,,,1748793887.765
9958,369753718,1748794327118,0,0.0315,0.03178422,45.28,BTC-27JUN25-110000-C,105228.72,sell,0.1,0.1,,,,,,,1748794327.118
9959,369754566,1748794636005,2,0.031,0.03106952,45.39,BTC-27JUN25-110000-C,105050.72,sell,0.2,0.2,,,,,,,1748794636.005
9960,369755836,1748795130519,3,0.031,0.03134944,44.67,BTC-27JUN25-110000-C,105263.58,buy,2.4,2.4,,,,,,,1748795130.519
9962,369756971,1748795521401,3,0.0305,0.03073757,44.45,BTC-27JUN25-110000-C,105191.35,sell,1.6,1.6,,,,,,,1748795521.401
9961,369756970,1748795521401,2,0.0305,0.03073757,44.45,BTC-27JUN25-110000-C,105191.35,sell,0.1,0.1,,,,,,,1748795521.401
9964,369757003,1748795535945,1,0.031,0.03062976,45.06,BTC-27JUN25-110000-C,105159.32,buy,0.3,0.3,,,,,,,1748795535.945
9965,369757004,1748795535945,1,0.031,0.03062976,45.06,BTC-27JUN25-110000-C,105159.32,buy,0.2,0.2,,,,,,,1748795535.945
9963,369757002,1748795535945,0,0.031,0.03062976,45.06,BTC-27JUN25-110000-C,105159.32,buy,2.4,2.4,,,,,,,1748795535.945
9966,369757017,1748795565951,1,0.031,0.03058919,45.08,BTC-27JUN25-110000-C,105152.84,buy,1.6,1.6,,,,,,,1748795565.951
9967,369757172,1748795595947,1,0.031,0.03053785,45.11,BTC-27JUN25-110000-C,105144.38,buy,1.6,1.6,,,,,,,1748795595.947
9968,369757222,1748795625952,1,0.031,0.03063519,45.03,BTC-27JUN25-110000-C,105167.14,buy,1.5,1.5,,,,,,,1748795625.952
9969,369757335,1748795655956,1,0.031,0.03060547,45.05,BTC-27JUN25-110000-C,105160.9,buy,1.6,1.6,,,,,,,1748795655.956
9970,369757337,1748795685951,1,0.031,0.03061926,45.02,BTC-27JUN25-110000-C,105168.31,buy,1.6,1.6,,,,,,,1748795685.951
9974,369757382,1748795715952,1,0.031,0.03049852,45.16,BTC-27JUN25-110000-C,105131.15,buy,0.5,0.5,,,,,,,1748795715.952
9972,369757380,1748795715952,1,0.031,0.03049852,45.16,BTC-27JUN25-110000-C,105131.15,buy,0.3,0.3,,,,,,,1748795715.952
9971,369757379,1748795715952,1,0.031,0.03049852,45.16,BTC-27JUN25-110000-C,105131.15,buy,0.1,0.1,,,,,,,1748795715.952
9973,369757381,1748795715952,1,0.031,0.03049852,45.16,BTC-27JUN25-110000-C,105131.15,buy,0.6,0.6,,,,,,,1748795715.952
9975,369757405,1748795746005,2,0.0305,0.03043896,44.71,BTC-27JUN25-110000-C,105121.82,sell,1.5,1.5,,,,,,,1748795746.005
9977,369758447,1748796255844,1,0.031,0.03097172,44.67,BTC-27JUN25-110000-C,105271.5,buy,0.4,0.4,,,,,,,1748796255.844
9976,369758446,1748796255844,0,0.031,0.03097172,44.67,BTC-27JUN25-110000-C,105271.5,buy,0.5,0.5,,,,,,,1748796255.844
9979,369758472,1748796296854,1,0.031,0.03094262,44.68,BTC-27JUN25-110000-C,105270.5,buy,1.0,1.0,,,,,,,1748796296.854
9978,369758471,1748796296854,1,0.031,0.03094262,44.68,BTC-27JUN25-110000-C,105270.5,buy,0.4,0.4,,,,,,,1748796296.854
9980,369758959,1748796742836,1,0.031,0.03073325,44.75,BTC-27JUN25-110000-C,105252.43,buy,1.0,1.0,,,,,,,1748796742.836
9981,369758960,1748796742836,1,0.031,0.03073325,44.75,BTC-27JUN25-110000-C,105252.43,buy,0.6,0.6,,,,,,,1748796742.836
9983,369758976,1748796772889,1,0.031,0.03070238,44.78,BTC-27JUN25-110000-C,105245.52,buy,1.0,1.0,,,,,,,1748796772.889
9982,369758975,1748796772889,1,0.031,0.03070238,44.78,BTC-27JUN25-110000-C,105245.52,buy,0.6,0.6,,,,,,,1748796772.889
9985,369758985,1748796802837,1,0.031,0.03073295,44.75,BTC-27JUN25-110000-C,105255.0,buy,1.0,1.0,,,,,,,1748796802.837
9984,369758984,1748796802837,1,0.031,0.03073295,44.75,BTC-27JUN25-110000-C,105255.0,buy,0.6,0.6,,,,,,,1748796802.837
9986,369758986,1748796832822,1,0.031,0.03071092,44.78,BTC-27JUN25-110000-C,105249.36,buy,0.6,0.6,,,,,,,1748796832.822
9988,369759013,1748796862830,1,0.031,0.03057706,44.92,BTC-27JUN25-110000-C,105208.89,buy,0.7,0.7,,,,,,,1748796862.83
9989,369759014,1748796862830,1,0.031,0.03057706,44.92,BTC-27JUN25-110000-C,105208.89,buy,1.6,1.6,,,,,,,1748796862.83
9987,369759012,1748796862830,1,0.031,0.03057706,44.92,BTC-27JUN25-110000-C,105208.89,buy,0.5,0.5,,,,,,,1748796862.83
9990,369759032,1748796892830,1,0.031,0.03064018,44.87,BTC-27JUN25-110000-C,105222.44,sell,2.8,2.8,,,,,,,1748796892.83
9991,369759036,1748796922833,1,0.031,0.03063722,44.87,BTC-27JUN25-110000-C,105221.85,sell,2.7,2.7,,,,,,,1748796922.833
9992,369759062,1748796952825,1,0.031,0.03069148,44.83,BTC-27JUN25-110000-C,105232.5,buy,0.3,0.3,,,,,,,1748796952.825
9993,369759064,1748796982837,1,0.031,0.03071611,44.82,BTC-27JUN25-110000-C,105231.43,sell,5.3,5.3,,,,,,,1748796982.837
9994,369759066,1748797012838,1,0.031,0.03073976,44.81,BTC-27JUN25-110000-C,105231.67,sell,2.7,2.7,,,,,,,1748797012.838
9995,369759077,1748797042840,1,0.031,0.03072696,44.84,BTC-27JUN25-110000-C,105231.35,sell,2.8,2.8,,,,,,,1748797042.84
9997,369759093,1748797093234,1,0.031,0.03073551,44.87,BTC-27JUN25-110000-C,105224.54,sell,2.6,2.6,,,,,,,1748797093.234
9996,369759092,1748797093234,1,0.031,0.03073551,44.87,BTC-27JUN25-110000-C,105224.54,sell,0.5,0.5,,,,,,,1748797093.234
9999,369759199,1748797108167,1,0.031,0.03071688,44.89,BTC-27JUN25-110000-C,105213.99,sell,0.1,0.1,,,,,,,1748797108.167
9998,369759198,1748797108167,1,0.031,0.03071688,44.89,BTC-27JUN25-110000-C,105213.99,sell,2.8,2.8,,,,,,,1748797108.167
10000,369759964,1748797162831,1,0.031,0.03035587,45.26,BTC-27JUN25-110000-C,105100.82,buy,2.8,2.8,,,,,,,1748797162.831
10001,369759978,1748797192825,1,0.031,0.03035207,45.27,BTC-27JUN25-110000-C,105096.16,buy,2.8,2.8,,,,,,,1748797192.825
10002,369760047,1748797222858,1,0.031,0.03040225,45.23,BTC-27JUN25-110000-C,105108.15,buy,2.8,2.8,,,,,,,1748797222.858
10003,369760074,1748797252837,1,0.031,0.03036914,45.25,BTC-27JUN25-110000-C,105103.67,buy,2.9,2.9,,,,,,,1748797252.837
10004,369760089,1748797282828,1,0.031,0.03037486,45.27,BTC-27JUN25-110000-C,105094.41,buy,2.8,2.8,,,,,,,1748797282.828
10005,369760283,1748797312829,1,0.031,0.03033558,45.33,BTC-27JUN25-110000-C,105083.67,buy,2.8,2.8,,,,,,,1748797312.829
10006,369760378,1748797342824,1,0.031,0.0303988,45.26,BTC-27JUN25-110000-C,105100.94,buy,2.8,2.8,,,,,,,1748797342.824
10007,369760459,1748797372839,1,0.031,0.03043834,45.23,BTC-27JUN25-110000-C,105106.25,buy,2.8,2.8,,,,,,,1748797372.839
10008,369760521,1748797402846,1,0.031,0.03029433,45.34,BTC-27JUN25-110000-C,105081.64,buy,0.8,0.8,,,,,,,1748797402.846
10010,369760523,1748797402846,1,0.031,0.03029433,45.34,BTC-27JUN25-110000-C,105081.64,buy,0.6,0.6,,,,,,,1748797402.846
10012,369760525,1748797402846,1,0.031,0.03029433,45.34,BTC-27JUN25-110000-C,105081.64,buy,0.3,0.3,,,,,,,1748797402.846
10009,369760522,1748797402846,1,0.031,0.03029433,45.34,BTC-27JUN25-110000-C,105081.64,buy,0.1,0.1,,,,,,,1748797402.846
10011,369760524,1748797402846,1,0.031,0.03029433,45.34,BTC-27JUN25-110000-C,105081.64,buy,1.0,1.0,,,,,,,1748797402.846
10013,369760544,1748797432827,1,0.031,0.03034349,45.34,BTC-27JUN25-110000-C,105078.84,buy,2.8,2.8,,,,,,,1748797432.827
10014,369760677,1748797462820,1,0.031,0.03047347,45.23,BTC-27JUN25-110000-C,105110.03,buy,0.6,0.6,,,,,,,1748797462.82
10015,369760678,1748797462820,1,0.031,0.03047347,45.23,BTC-27JUN25-110000-C,105110.03,buy,0.1,0.1,,,,,,,1748797462.82
10016,369760800,1748797495367,1,0.031,0.03053083,45.18,BTC-27JUN25-110000-C,105123.27,sell,4.0,4.0,,,,,,,1748797495.367
10018,369760935,1748797606553,1,0.031,0.03071944,45.27,BTC-27JUN25-110000-C,105102.27,sell,7.5,7.5,,,,,,,1748797606.553
10017,369760934,1748797606553,1,0.031,0.03071944,45.27,BTC-27JUN25-110000-C,105102.27,sell,3.1,3.1,,,,,,,1748797606.553
10019,369760972,1748797642831,1,0.031,0.03067556,45.34,BTC-27JUN25-110000-C,105085.4,buy,2.9,2.9,,,,,,,1748797642.831
10020,369761105,1748797672843,0,0.0315,0.03069279,45.83,BTC-27JUN25-110000-C,105083.74,buy,0.6,0.6,,,,,,,1748797672.843
10021,369761106,1748797672843,1,0.0315,0.03069279,45.83,BTC-27JUN25-110000-C,105083.74,buy,2.3,2.3,,,,,,,1748797672.843
10022,369761197,1748797702823,1,0.0315,0.0308232,45.71,BTC-27JUN25-110000-C,105112.58,buy,2.8,2.8,,,,,,,1748797702.823
10023,369761293,1748797732824,1,0.0315,0.03089484,45.64,BTC-27JUN25-110000-C,105125.5,buy,2.9,2.9,,,,,,,1748797732.824
10024,369761528,1748797762830,1,0.0315,0.03109163,45.45,BTC-27JUN25-110000-C,105178.75,buy,2.8,2.8,,,,,,,1748797762.83
10025,369761579,1748797793001,1,0.0315,0.03116986,45.39,BTC-27JUN25-110000-C,105191.44,sell,2.9,2.9,,,,,,,1748797793.001
10026,369761641,1748797822836,1,0.0315,0.0312799,45.27,BTC-27JUN25-110000-C,105223.99,sell,2.8,2.8,,,,,,,1748797822.836
10027,369761771,1748797874616,1,0.0315,0.03139162,45.23,BTC-27JUN25-110000-C,105243.26,sell,1.8,1.8,,,,,,,1748797874.616
10028,369761772,1748797874616,1,0.0315,0.03139162,45.23,BTC-27JUN25-110000-C,105243.26,sell,2.9,2.9,,,,,,,1748797874.616
10029,369761963,1748797922103,1,0.0315,0.03131896,45.33,BTC-27JUN25-110000-C,105218.99,sell,1.9,1.9,,,,,,,1748797922.103
10030,369761964,1748797922103,1,0.0315,0.03131896,45.33,BTC-27JUN25-110000-C,105218.99,sell,2.9,2.9,,,,,,,1748797922.103
10031,369761984,1748797972834,1,0.0315,0.03123751,45.42,BTC-27JUN25-110000-C,105199.53,sell,2.9,2.9,,,,,,,1748797972.834
10032,369762047,1748798002827,1,0.0315,0.03114247,45.5,BTC-27JUN25-110000-C,105179.0,buy,1.0,1.0,,,,,,,1748798002.827
10033,369762080,1748798032829,1,0.0315,0.0311841,45.49,BTC-27JUN25-110000-C,105181.57,buy,0.3,0.3,,,,,,,1748798032.829
10034,369762085,1748798062838,1,0.0315,0.03120955,45.48,BTC-27JUN25-110000-C,105186.13,buy,1.0,1.0,,,,,,,1748798062.838
10035,369762086,1748798062838,1,0.0315,0.03120955,45.48,BTC-27JUN25-110000-C,105186.13,buy,0.3,0.3,,,,,,,1748798062.838
10036,369762097,1748798092839,1,0.0315,0.03121371,45.48,BTC-27JUN25-110000-C,105185.96,buy,0.3,0.3,,,,,,,1748798092.839
10037,369762098,1748798092839,1,0.0315,0.03121371,45.48,BTC-27JUN25-110000-C,105185.96,buy,0.1,0.1,,,,,,,1748798092.839
10038,369762128,1748798122826,1,0.0315,0.03124105,45.47,BTC-27JUN25-110000-C,105189.56,buy,0.3,0.3,,,,,,,1748798122.826
10039,369762161,1748798152830,1,0.0315,0.03120003,45.53,BTC-27JUN25-110000-C,105176.29,buy,0.3,0.3,,,,,,,1748798152.83
10040,369762172,1748798182833,1,0.0315,0.03119961,45.54,BTC-27JUN25-110000-C,105174.47,buy,0.6,0.6,,,,,,,1748798182.833
10041,369762173,1748798182833,1,0.0315,0.03119961,45.54,BTC-27JUN25-110000-C,105174.47,buy,8.2,8.2,,,,,,,1748798182.833
10042,369762188,1748798212842,1,0.0315,0.03120089,45.56,BTC-27JUN25-110000-C,105171.48,sell,7.6,7.6,,,,,,,1748798212.842
10043,369762204,1748798242843,1,0.0315,0.0311549,45.62,BTC-27JUN25-110000-C,105157.46,buy,0.3,0.3,,,,,,,1748798242.843
10044,369762205,1748798242843,1,0.0315,0.0311549,45.62,BTC-27JUN25-110000-C,105157.46,buy,0.1,0.1,,,,,,,1748798242.843
10045,369762220,1748798272834,1,0.0315,0.03116435,45.63,BTC-27JUN25-110000-C,105153.23,sell,6.3,6.3,,,,,,,1748798272.834
10046,369762577,1748798880520,1,0.0315,0.03147435,45.54,BTC-27JUN25-110000-C,105150.7,sell,0.1,0.1,,,,,,,1748798880.52
10047,369762578,1748798880520,1,0.0315,0.03147435,45.54,BTC-27JUN25-110000-C,105150.7,sell,0.1,0.1,,,,,,,1748798880.52
10048,369762579,1748798880665,1,0.0315,0.03147435,45.54,BTC-27JUN25-110000-C,105150.7,sell,0.4,0.4,,,,,,,1748798880.665
10049,369762597,1748798931301,1,0.0315,0.03145169,45.57,BTC-27JUN25-110000-C,105141.95,sell,0.6,0.6,,,,,,,1748798931.301
10050,369762623,1748798961319,1,0.0315,0.03145981,45.57,BTC-27JUN25-110000-C,105140.6,sell,0.6,0.6,,,,,,,1748798961.319
10051,369762628,1748798991326,1,0.0315,0.03147273,45.55,BTC-27JUN25-110000-C,105142.45,sell,0.6,0.6,,,,,,,1748798991.326
10053,369763213,1748799705693,1,0.0315,0.03156767,45.61,BTC-27JUN25-110000-C,105147.34,sell,0.2,0.2,,,,,,,1748799705.693
10052,369763212,1748799705693,1,0.0315,0.03156767,45.61,BTC-27JUN25-110000-C,105147.34,sell,2.9,2.9,,,,,,,1748799705.693
10054,369763260,1748799741318,1,0.0315,0.03137592,45.77,BTC-27JUN25-110000-C,105103.51,buy,1.1,1.1,,,,,,,1748799741.318
10055,369763507,1748799771394,1,0.0315,0.03138457,45.75,BTC-27JUN25-110000-C,105110.99,sell,1.1,1.1,,,,,,,1748799771.394
10056,369763508,1748799801294,1,0.0315,0.03140216,45.75,BTC-27JUN25-110000-C,105107.52,sell,1.1,1.1,,,,,,,1748799801.294
10057,369763551,1748799831333,1,0.0315,0.03148592,45.67,BTC-27JUN25-110000-C,105127.75,sell,1.1,1.1,,,,,,,1748799831.333
10058,369763552,1748799861309,1,0.0315,0.03149231,45.66,BTC-27JUN25-110000-C,105127.81,sell,1.2,1.2,,,,,,,1748799861.309
10059,369763592,1748799891363,1,0.0315,0.03144626,45.71,BTC-27JUN25-110000-C,105114.51,sell,1.1,1.1,,,,,,,1748799891.363
10060,369763633,1748799932285,1,0.0315,0.03146689,45.71,BTC-27JUN25-110000-C,105117.95,sell,0.5,0.5,,,,,,,1748799932.285
10061,369763634,1748799932285,1,0.0315,0.03146689,45.71,BTC-27JUN25-110000-C,105117.95,sell,1.1,1.1,,,,,,,1748799932.285
10062,369763639,1748799981301,1,0.0315,0.03145613,45.71,BTC-27JUN25-110000-C,105111.62,buy,0.3,0.3,,,,,,,1748799981.301
10063,369763646,1748800011290,1,0.0315,0.03146452,45.71,BTC-27JUN25-110000-C,105111.99,buy,0.4,0.4,,,,,,,1748800011.29
10064,369763653,1748800041287,1,0.0315,0.03143551,45.73,BTC-27JUN25-110000-C,105109.04,buy,0.6,0.6,,,,,,,1748800041.287
10065,369763677,1748800071317,1,0.0315,0.03137346,45.79,BTC-27JUN25-110000-C,105095.34,sell,2.3,2.3,,,,,,,1748800071.317
10066,369763729,1748800101365,1,0.0315,0.03148181,45.69,BTC-27JUN25-110000-C,105123.96,sell,1.3,1.3,,,,,,,1748800101.365
10067,369764253,1748800889818,1,0.0315,0.03148469,45.72,BTC-27JUN25-110000-C,105115.46,sell,0.2,0.2,,,,,,,1748800889.818
10068,369764303,1748800934913,1,0.0315,0.03132139,45.88,BTC-27JUN25-110000-C,105073.91,buy,0.3,0.3,,,,,,,1748800934.913
10069,369764343,1748800964886,1,0.0315,0.03125099,45.95,BTC-27JUN25-110000-C,105059.06,buy,0.2,0.2,,,,,,,1748800964.886
10070,369764626,1748800994923,1,0.0315,0.03115574,46.03,BTC-27JUN25-110000-C,105030.9,buy,0.3,0.3,,,,,,,1748800994.923
10071,369764796,1748801024879,2,0.031,0.03095092,45.73,BTC-27JUN25-110000-C,104972.75,buy,0.3,0.3,,,,,,,1748801024.879
10072,369764846,1748801054989,3,0.031,0.03094131,45.72,BTC-27JUN25-110000-C,104974.21,buy,0.2,0.2,,,,,,,1748801054.989
10073,369764969,1748801084877,0,0.0315,0.03114667,46.01,BTC-27JUN25-110000-C,105021.35,buy,0.3,0.3,,,,,,,1748801084.877
10074,369765024,1748801114969,1,0.0315,0.03121142,45.94,BTC-27JUN25-110000-C,105034.71,buy,0.2,0.2,,,,,,,1748801114.969
10075,369765063,1748801144875,1,0.0315,0.03118645,45.95,BTC-27JUN25-110000-C,105025.62,buy,0.3,0.3,,,,,,,1748801144.875
10076,369765153,1748801175019,1,0.0315,0.03101568,46.11,BTC-27JUN25-110000-C,104979.54,buy,0.3,0.3,,,,,,,1748801175.019
10077,369765175,1748801204874,2,0.031,0.03099576,45.63,BTC-27JUN25-110000-C,104978.96,buy,0.2,0.2,,,,,,,1748801204.874
10078,369765221,1748801234887,0,0.0315,0.03106448,46.04,BTC-27JUN25-110000-C,105000.56,buy,0.3,0.3,,,,,,,1748801234.887
10079,369765231,1748801264884,1,0.0315,0.03108704,46.02,BTC-27JUN25-110000-C,105004.54,buy,0.2,0.2,,,,,,,1748801264.884
10081,369765842,1748802070743,3,0.031,0.03112849,45.52,BTC-27JUN25-110000-C,105014.69,sell,4.7,4.7,,,,,,,1748802070.743
10080,369765841,1748802070743,2,0.031,0.03112849,45.52,BTC-27JUN25-110000-C,105014.69,sell,0.3,0.3,,,,,,,1748802070.743
10082,369765874,1748802075397,3,0.031,0.03106195,45.54,BTC-27JUN25-110000-C,105009.27,buy,0.3,0.3,,,,,,,1748802075.397
10083,369765940,1748802104893,3,0.031,0.03101402,45.62,BTC-27JUN25-110000-C,104992.22,buy,0.5,0.5,,,,,,,1748802104.893
10084,369765941,1748802134879,3,0.031,0.03098724,45.65,BTC-27JUN25-110000-C,104985.86,buy,0.4,0.4,,,,,,,1748802134.879
10085,369765967,1748802164873,3,0.031,0.03087598,45.76,BTC-27JUN25-110000-C,104958.56,buy,0.5,0.5,,,,,,,1748802164.873
10086,369782299,1748815453161,0,0.032,0.03217796,44.4,BTC-27JUN25-110000-C,105687.43,buy,0.1,0.1,,,,,,,1748815453.161
10087,369783231,1748815995432,0,0.0325,0.03242387,44.73,BTC-27JUN25-110000-C,105769.43,sell,0.1,0.1,,,,,,,1748815995.432
10088,369783425,1748816222586,2,0.032,0.03195222,44.74,BTC-27JUN25-110000-C,105631.31,sell,0.3,0.3,,,,,,,1748816222.586
10089,369785406,1748818250147,2,0.0315,0.03152661,44.57,BTC-27JUN25-110000-C,105547.01,buy,1.0,1.0,,,,,,,1748818250.147
10090,369791217,1748822338913,3,0.0315,0.03158777,44.16,BTC-27JUN25-110000-C,105659.42,sell,0.3,0.3,,,,,,,1748822338.913
10091,369791312,1748822361063,3,0.0315,0.03159866,44.11,BTC-27JUN25-110000-C,105673.49,buy,0.2,0.2,,,,,,,1748822361.063
10092,369791747,1748822754497,3,0.0315,0.03158062,44.26,BTC-27JUN25-110000-C,105627.47,buy,0.1,0.1,,,,,,,1748822754.497
10093,369798620,1748829934809,2,0.0292,0.02911408,43.32,BTC-27JUN25-110000-C,105336.67,sell,150.0,150.0,8.0,BLOCK-202573,,5106.0,,,1748829934.809
10094,369798779,1748830085501,2,0.029,0.02904085,43.17,BTC-27JUN25-110000-C,105323.46,sell,150.0,150.0,8.0,BLOCK-202575,,5107.0,,,1748830085.501
10095,369798977,1748830183045,2,0.0289,0.02887319,43.24,BTC-27JUN25-110000-C,105278.43,sell,50.0,50.0,8.0,BLOCK-202576,,5108.0,,,1748830183.045
10096,369799023,1748830266200,3,0.0289,0.02895915,43.17,BTC-27JUN25-110000-C,105293.4,sell,50.0,50.0,8.0,BLOCK-202577,,5109.0,,,1748830266.2
10098,369803532,1748834076700,3,0.0275,0.0273443,43.3,BTC-27JUN25-110000-C,104852.05,buy,3.1,3.1,,,,,,,1748834076.7
10097,369803531,1748834076700,2,0.0275,0.0273443,43.3,BTC-27JUN25-110000-C,104852.05,buy,0.6,0.6,,,,,,,1748834076.7
10099,369803533,1748834076700,3,0.0275,0.0273443,43.3,BTC-27JUN25-110000-C,104852.05,buy,0.6,0.6,,,,,,,1748834076.7
10100,369803534,1748834076708,3,0.0275,0.0273443,43.3,BTC-27JUN25-110000-C,104852.05,sell,3.0,3.0,,,,,,,1748834076.708
10101,369803535,1748834077836,3,0.0275,0.02734391,43.3,BTC-27JUN25-110000-C,104851.68,sell,2.7,2.7,,,,,,,1748834077.836
10102,369806815,1748836210995,0,0.028,0.02761451,43.58,BTC-27JUN25-110000-C,104950.68,buy,0.1,0.1,,,,,,,1748836210.995
10103,369809103,1748837702600,2,0.0275,0.02754659,43.06,BTC-27JUN25-110000-C,104945.89,buy,0.3,0.3,,,,,,,1748837702.6
10104,369809104,1748837702605,3,0.0275,0.02754659,43.06,BTC-27JUN25-110000-C,104945.89,buy,0.3,0.3,,,,,,,1748837702.605
10105,369809118,1748837706072,3,0.0275,0.02757443,43.01,BTC-27JUN25-110000-C,104961.88,buy,0.3,0.3,,,,,,,1748837706.072
10106,369809123,1748837708496,3,0.0275,0.02760632,43.0,BTC-27JUN25-110000-C,104964.32,buy,0.2,0.2,,,,,,,1748837708.496
10108,369809131,1748837709633,3,0.0275,0.02760731,42.99,BTC-27JUN25-110000-C,104965.42,buy,0.3,0.3,,,,,,,1748837709.633
10107,369809130,1748837709633,3,0.0275,0.02760731,42.99,BTC-27JUN25-110000-C,104965.42,buy,0.3,0.3,,,,,,,1748837709.633
10109,369809132,1748837709774,3,0.0275,0.02760731,42.99,BTC-27JUN25-110000-C,104965.42,buy,0.2,0.2,,,,,,,1748837709.774
10110,369809148,1748837711446,3,0.0275,0.02761133,42.94,BTC-27JUN25-110000-C,104980.72,buy,0.1,0.1,,,,,,,1748837711.446
10111,369811707,1748842325375,2,0.027,0.02706329,42.89,BTC-27JUN25-110000-C,104844.72,sell,0.3,0.3,,,,,,,1748842325.375
10112,369813774,1748845582087,0,0.0275,0.02740946,43.14,BTC-27JUN25-110000-C,104933.24,buy,0.2,0.2,,,,,,,1748845582.087
10113,369815201,1748847091892,0,0.0288,0.02846767,43.39,BTC-27JUN25-110000-C,105242.79,buy,40.0,40.0,2.0,BLOCK-202642,BTC-CSR12-27JUN25-110000_120000,5166.0,,,1748847091.892
10115,369816639,1748849073004,1,0.029,0.02897495,42.98,BTC-27JUN25-110000-C,105414.93,buy,2.8,2.8,,,,,,,1748849073.004
10114,369816638,1748849073004,0,0.029,0.02897495,42.98,BTC-27JUN25-110000-C,105414.93,buy,0.2,0.2,,,,,,,1748849073.004
10116,369821643,1748852012646,1,0.029,0.02950893,42.59,BTC-27JUN25-110000-C,105549.9,sell,0.1,0.1,,,,,,,1748852012.646
10117,369822454,1748852823069,0,0.03,0.03008508,42.89,BTC-27JUN25-110000-C,105734.77,buy,0.5,0.5,,,,,,,1748852823.069
10118,369823810,1748853047136,1,0.03,0.03039647,42.52,BTC-27JUN25-110000-C,105864.54,sell,0.9,0.9,,,,,,,1748853047.136
10119,369825056,1748853972066,2,0.0289,0.02908285,42.61,BTC-27JUN25-110000-C,105531.26,sell,25.0,25.0,2.0,BLOCK-202648,BTC-RR-27JUN25-95000_110000,,,,1748853972.066
10120,369825167,1748854096278,2,0.0286,0.02911458,42.26,BTC-27JUN25-110000-C,105536.58,sell,25.0,25.0,2.0,BLOCK-202650,BTC-RR-27JUN25-95000_110000,,,,1748854096.278
10121,369825278,1748854173222,0,0.0288,0.02910173,42.45,BTC-27JUN25-110000-C,105538.18,sell,25.0,25.0,2.0,BLOCK-202651,BTC-RR-27JUN25-95000_110000,,,,1748854173.222
10122,369825461,1748854269805,2,0.0284,0.02854308,42.6,BTC-27JUN25-110000-C,105381.44,sell,25.0,25.0,2.0,BLOCK-202652,BTC-RR-27JUN25-95000_110000,,,,1748854269.805
10123,369832898,1748857731212,2,0.026,0.02618493,42.63,BTC-27JUN25-110000-C,104642.64,sell,0.7,0.7,,,,,,,1748857731.212
10124,369832899,1748857732299,3,0.026,0.0261872,42.63,BTC-27JUN25-110000-C,104641.91,buy,0.3,0.3,,,,,,,1748857732.299
10125,369835729,1748859384393,2,0.0255,0.02585897,42.32,BTC-27JUN25-110000-C,104587.04,sell,0.3,0.3,,,,,,,1748859384.393
10126,369835737,1748859384408,3,0.0255,0.02585897,42.32,BTC-27JUN25-110000-C,104587.04,sell,0.1,0.1,,,,,,,1748859384.408
10127,369835743,1748859384429,3,0.0255,0.02585897,42.32,BTC-27JUN25-110000-C,104587.04,sell,0.5,0.5,,,,,,,1748859384.429
10130,369837026,1748859778258,3,0.025,0.02526128,42.45,BTC-27JUN25-110000-C,104392.03,sell,0.4,0.4,,,,,,,1748859778.258
10128,369837024,1748859778258,2,0.025,0.02526128,42.45,BTC-27JUN25-110000-C,104392.03,sell,0.1,0.1,,,,,,,1748859778.258
10129,369837025,1748859778258,3,0.025,0.02526128,42.45,BTC-27JUN25-110000-C,104392.03,sell,1.0,1.0,,,,,,,1748859778.258
10131,369837465,1748859962189,0,0.0255,0.02541395,42.77,BTC-27JUN25-110000-C,104443.72,buy,0.6,0.6,,,,,,,1748859962.189
10134,369837783,1748860239503,3,0.025,0.02541045,42.29,BTC-27JUN25-110000-C,104442.2,sell,6.6,6.6,,,,,,,1748860239.503
10132,369837781,1748860239503,2,0.025,0.02541045,42.29,BTC-27JUN25-110000-C,104442.2,sell,0.9,0.9,,,,,,,1748860239.503
10133,369837782,1748860239503,3,0.025,0.02541045,42.29,BTC-27JUN25-110000-C,104442.2,sell,1.5,1.5,,,,,,,1748860239.503
10135,369838274,1748860385449,3,0.025,0.02512986,42.54,BTC-27JUN25-110000-C,104370.96,buy,0.4,0.4,,,,,,,1748860385.449
10136,369841314,1748863216618,0,0.0252,0.02490995,42.85,BTC-27JUN25-110000-C,104334.39,buy,100.0,100.0,2.0,BLOCK-202678,BTC-CDIAG-26SEP25_27JUN25-125000_110000,,,,1748863216.618
10137,369843677,1748864838554,2,0.024,0.02426558,42.36,BTC-27JUN25-110000-C,104106.37,sell,0.1,0.1,,,,,,,1748864838.554
10138,369843682,1748864842716,3,0.024,0.02424325,42.38,BTC-27JUN25-110000-C,104100.48,sell,0.2,0.2,,,,,,,1748864842.716
10139,369843683,1748864842718,3,0.024,0.02424325,42.38,BTC-27JUN25-110000-C,104100.48,buy,0.3,0.3,,,,,,,1748864842.718
10140,369843911,1748864917785,0,0.0245,0.02460848,42.48,BTC-27JUN25-110000-C,104217.31,buy,0.1,0.1,,,,,,,1748864917.785
10141,369846272,1748866050202,2,0.0235,0.0237444,42.28,BTC-27JUN25-110000-C,103976.49,sell,0.5,0.5,,,,,,,1748866050.202
10142,369846273,1748866056937,3,0.0235,0.02379282,42.22,BTC-27JUN25-110000-C,103993.63,sell,0.4,0.4,,,,,,,1748866056.937
10143,369846274,1748866056937,3,0.0235,0.02379282,42.22,BTC-27JUN25-110000-C,103993.63,sell,0.1,0.1,,,,,,,1748866056.937
10144,369846275,1748866058571,3,0.0235,0.02379322,42.22,BTC-27JUN25-110000-C,103993.42,sell,0.5,0.5,,,,,,,1748866058.571
10145,369846581,1748866228989,3,0.0235,0.02369685,42.3,BTC-27JUN25-110000-C,103978.61,sell,0.4,0.4,,,,,,,1748866228.989
10146,369848016,1748867291623,0,0.024,0.02393325,42.56,BTC-27JUN25-110000-C,104056.13,buy,0.5,0.5,,,,,,,1748867291.623
10147,369848159,1748867354627,0,0.0245,0.02402269,43.05,BTC-27JUN25-110000-C,104071.14,buy,0.1,0.1,,,,,,,1748867354.627
10148,369849088,1748868060518,1,0.0245,0.02439859,42.52,BTC-27JUN25-110000-C,104234.94,buy,0.5,0.5,,,,,,,1748868060.518
10150,369849737,1748868731596,1,0.0245,0.02422915,42.77,BTC-27JUN25-110000-C,104156.06,buy,1.4,1.4,,,,,,,1748868731.596
10149,369849736,1748868731596,1,0.0245,0.02422915,42.77,BTC-27JUN25-110000-C,104156.06,buy,0.9,0.9,,,,,,,1748868731.596
10151,369850532,1748869659102,2,0.024,0.02429613,42.36,BTC-27JUN25-110000-C,104132.36,sell,0.5,0.5,,,,,,,1748869659.102
10152,369857712,1748871206724,0,0.0245,0.02447956,42.63,BTC-27JUN25-110000-C,104223.58,buy,0.5,0.5,,,,,,,1748871206.724
10153,369858563,1748871395594,0,0.025,0.02494785,42.65,BTC-27JUN25-110000-C,104393.63,buy,0.1,0.1,,,,,,,1748871395.594
10154,369859092,1748871541193,0,0.0255,0.02540904,42.7,BTC-27JUN25-110000-C,104531.21,buy,0.1,0.1,,,,,,,1748871541.193
10155,369866727,1748872910997,2,0.0235,0.0233524,42.78,BTC-27JUN25-110000-C,103880.06,buy,1.0,1.0,,,,,,,1748872910.997
10156,369868117,1748873164126,3,0.0235,0.02349135,42.63,BTC-27JUN25-110000-C,103938.62,buy,0.1,0.1,,,,,,,1748873164.126
10157,369868989,1748873281447,0,0.024,0.02376185,42.78,BTC-27JUN25-110000-C,104053.96,buy,0.3,0.3,,,,,,,1748873281.447
10158,369873860,1748873920636,1,0.024,0.02382101,42.75,BTC-27JUN25-110000-C,104072.46,buy,1.0,1.0,,,,,,,1748873920.636
10159,369874167,1748873983771,0,0.0245,0.02430119,42.73,BTC-27JUN25-110000-C,104233.71,buy,0.3,0.3,,,,,,,1748873983.771
10160,369874168,1748873983771,1,0.0245,0.02430119,42.73,BTC-27JUN25-110000-C,104233.71,buy,0.1,0.1,,,,,,,1748873983.771
10161,369875599,1748874208077,1,0.0245,0.02476932,42.27,BTC-27JUN25-110000-C,104371.02,buy,0.2,0.2,,,,,,,1748874208.077
10162,369876677,1748874369385,0,0.025,0.02494094,42.47,BTC-27JUN25-110000-C,104469.7,buy,0.3,0.3,,,,,,,1748874369.385
10163,369879911,1748875250952,1,0.025,0.02505654,42.34,BTC-27JUN25-110000-C,104524.3,buy,0.1,0.1,,,,,,,1748875250.952
10164,369881254,1748875796944,2,0.0235,0.02389918,42.05,BTC-27JUN25-110000-C,104126.76,sell,0.1,0.1,,,,,,,1748875796.944
10165,369881730,1748875955450,3,0.0235,0.02385996,42.1,BTC-27JUN25-110000-C,104102.95,sell,0.3,0.3,,,,,,,1748875955.45
10166,369883033,1748876325250,0,0.024,0.02387185,42.43,BTC-27JUN25-110000-C,104166.03,buy,1.6,1.6,,,,,,,1748876325.25
10167,369883034,1748876325250,1,0.024,0.02387185,42.43,BTC-27JUN25-110000-C,104166.03,buy,1.0,1.0,,,,,,,1748876325.25
10168,369883035,1748876325255,1,0.024,0.02387185,42.43,BTC-27JUN25-110000-C,104166.03,sell,2.9,2.9,,,,,,,1748876325.255
10169,369883036,1748876325256,1,0.024,0.02387185,42.43,BTC-27JUN25-110000-C,104166.03,sell,4.5,4.5,,,,,,,1748876325.256
10170,369883093,1748876342432,2,0.0235,0.02383448,41.94,BTC-27JUN25-110000-C,104154.27,sell,0.1,0.1,,,,,,,1748876342.432
10171,369886513,1748876911641,3,0.0235,0.0235254,42.56,BTC-27JUN25-110000-C,103961.33,buy,0.3,0.3,,,,,,,1748876911.641
10172,369888205,1748877298386,0,0.024,0.02448165,42.1,BTC-27JUN25-110000-C,104268.23,sell,0.2,0.2,,,,,,,1748877298.386
10173,369888763,1748877457478,1,0.024,0.02442804,42.16,BTC-27JUN25-110000-C,104245.03,sell,0.1,0.1,,,,,,,1748877457.478
10174,369889420,1748877777371,0,0.0245,0.02464887,42.38,BTC-27JUN25-110000-C,104343.02,buy,0.1,0.1,,,,,,,1748877777.371
10175,369893093,1748879805083,1,0.0245,0.02482882,42.02,BTC-27JUN25-110000-C,104450.95,sell,0.7,0.7,,,,,,,1748879805.083
10176,369896815,1748881013263,2,0.024,0.02400588,41.95,BTC-27JUN25-110000-C,104319.11,buy,1.1,1.1,,,,,,,1748881013.263
10177,369896816,1748881013276,3,0.024,0.02400588,41.95,BTC-27JUN25-110000-C,104319.11,buy,1.1,1.1,,,,,,,1748881013.276
10178,369896857,1748881023318,3,0.024,0.02403165,41.94,BTC-27JUN25-110000-C,104320.23,buy,0.3,0.3,,,,,,,1748881023.318
10179,369896952,1748881055368,3,0.024,0.02411628,41.83,BTC-27JUN25-110000-C,104347.86,buy,1.0,1.0,,,,,,,1748881055.368
10180,369897061,1748881072019,3,0.024,0.02397575,41.92,BTC-27JUN25-110000-C,104322.43,buy,1.5,1.5,,,,,,,1748881072.019
10181,369898259,1748881442968,2,0.0235,0.02351417,41.73,BTC-27JUN25-110000-C,104231.96,sell,0.4,0.4,,,,,,,1748881442.968
10182,369901037,1748882869995,0,0.0237,0.02361828,41.9,BTC-27JUN25-110000-C,104231.78,buy,5.5,5.5,4.0,BLOCK-202707,,5209.0,,,1748882869.995
10183,369908853,1748889773108,0,0.024,0.02400749,41.74,BTC-27JUN25-110000-C,104420.03,sell,0.1,0.1,,,,,,,1748889773.108
10184,369908865,1748889782084,1,0.024,0.02395038,41.77,BTC-27JUN25-110000-C,104411.98,sell,0.1,0.1,,,,,,,1748889782.084
10185,369909027,1748890001550,1,0.024,0.02398152,41.75,BTC-27JUN25-110000-C,104428.34,sell,0.1,0.1,,,,,,,1748890001.55
10186,369909297,1748890110824,2,0.0235,0.02360022,41.68,BTC-27JUN25-110000-C,104298.52,sell,0.1,0.1,,,,,,,1748890110.824
10187,369910356,1748890876062,0,0.024,0.0239697,41.7,BTC-27JUN25-110000-C,104434.58,sell,0.1,0.1,,,,,,,1748890876.062
10188,369910358,1748890877468,1,0.024,0.02397211,41.7,BTC-27JUN25-110000-C,104436.33,sell,0.1,0.1,,,,,,,1748890877.468
10189,369913854,1748893185677,2,0.0235,0.02350941,41.72,BTC-27JUN25-110000-C,104310.43,sell,0.3,0.3,,,,,,,1748893185.677
10190,369913856,1748893195751,3,0.0235,0.023513,41.72,BTC-27JUN25-110000-C,104308.17,sell,0.3,0.3,,,,,,,1748893195.751
10191,369914206,1748893284180,2,0.023,0.02309063,41.67,BTC-27JUN25-110000-C,104164.52,sell,0.4,0.4,,,,,,,1748893284.18
10192,369914265,1748893302518,3,0.023,0.02297189,41.8,BTC-27JUN25-110000-C,104123.92,sell,0.5,0.5,,,,,,,1748893302.518
10193,369914415,1748893384649,3,0.023,0.02309472,41.66,BTC-27JUN25-110000-C,104158.09,sell,0.3,0.3,,,,,,,1748893384.649
10194,369914421,1748893404164,3,0.023,0.02305533,41.69,BTC-27JUN25-110000-C,104147.04,buy,0.2,0.2,,,,,,,1748893404.164
10195,369914422,1748893404169,3,0.023,0.02305533,41.69,BTC-27JUN25-110000-C,104147.04,buy,0.1,0.1,,,,,,,1748893404.169
10196,369916543,1748894873559,0,0.0245,0.02458774,41.51,BTC-27JUN25-110000-C,104668.31,buy,0.1,0.1,,,,,,,1748894873.559
10197,369917427,1748895046321,0,0.025,0.02507866,41.45,BTC-27JUN25-110000-C,104840.15,buy,0.1,0.1,,,,,,,1748895046.321
10198,369919659,1748895905028,1,0.025,0.02512493,41.46,BTC-27JUN25-110000-C,104849.98,sell,0.4,0.4,,,,,,,1748895905.028
10199,369919660,1748895905030,1,0.025,0.02512493,41.46,BTC-27JUN25-110000-C,104849.98,buy,0.1,0.1,,,,,,,1748895905.03
10200,369919661,1748895919888,1,0.025,0.02512377,41.46,BTC-27JUN25-110000-C,104848.39,buy,0.5,0.5,,,,,,,1748895919.888
10201,369923406,1748899208677,1,0.025,0.02530661,41.29,BTC-27JUN25-110000-C,104946.27,sell,0.3,0.3,,,,,,,1748899208.677
10202,369923751,1748899256974,2,0.0245,0.02502622,41.06,BTC-27JUN25-110000-C,104855.23,sell,0.1,0.1,,,,,,,1748899256.974
10203,369928077,1748902140913,0,0.0265,0.02595216,41.95,BTC-27JUN25-110000-C,105195.83,buy,0.5,0.5,,,,,,,1748902140.913
10204,369933240,1748903972835,0,0.027,0.02754671,40.9,BTC-27JUN25-110000-C,105623.88,sell,0.1,0.1,,,,,,,1748903972.835
10205,369935676,1748906315677,0,0.028,0.02818963,41.32,BTC-27JUN25-110000-C,105794.03,sell,0.9,0.9,,,,,,,1748906315.677
10206,369937776,1748907057999,0,0.0285,0.02860489,41.45,BTC-27JUN25-110000-C,105878.17,sell,1.5,1.5,,,,,,,1748907057.999
10207,369938907,1748907781960,1,0.0285,0.02859703,41.46,BTC-27JUN25-110000-C,105875.67,sell,1.0,1.0,,,,,,,1748907781.96
10208,369938962,1748907818677,1,0.0285,0.02870915,41.36,BTC-27JUN25-110000-C,105897.8,sell,1.0,1.0,,,,,,,1748907818.677
10209,369939209,1748908059968,1,0.0285,0.02866765,41.36,BTC-27JUN25-110000-C,105915.32,sell,1.0,1.0,,,,,,,1748908059.968
10210,369940191,1748908937222,1,0.0285,0.0285044,41.61,BTC-27JUN25-110000-C,105840.93,sell,1.0,1.0,,,,,,,1748908937.222
10211,369940203,1748908953123,1,0.0285,0.02848333,41.66,BTC-27JUN25-110000-C,105824.68,sell,1.0,1.0,,,,,,,1748908953.123
10212,369941420,1748909580099,0,0.0295,0.02968989,41.45,BTC-27JUN25-110000-C,106153.13,sell,1.5,1.5,,,,,,,1748909580.099
10213,369941967,1748909814379,0,0.03,0.03003839,41.56,BTC-27JUN25-110000-C,106264.32,sell,0.3,0.3,,,,,,,1748909814.379
10214,369941968,1748909817069,1,0.03,0.03003839,41.6,BTC-27JUN25-110000-C,106254.56,sell,0.7,0.7,,,,,,,1748909817.069
10215,369942040,1748909853624,1,0.03,0.03002844,41.58,BTC-27JUN25-110000-C,106256.57,sell,0.8,0.8,,,,,,,1748909853.624
10216,369942421,1748910014308,0,0.0305,0.03048076,41.69,BTC-27JUN25-110000-C,106354.89,buy,0.1,0.1,,,,,,,1748910014.308
10217,369943142,1748910380958,2,0.03,0.03038698,41.33,BTC-27JUN25-110000-C,106352.7,sell,0.1,0.1,,,,,,,1748910380.958
10218,369944384,1748911206317,3,0.03,0.03015512,41.49,BTC-27JUN25-110000-C,106283.33,sell,1.5,1.5,,,,,,,1748911206.317
10219,369944815,1748911758343,3,0.03,0.03009345,41.44,BTC-27JUN25-110000-C,106305.78,sell,0.2,0.2,,,,,,,1748911758.343
10220,369945491,1748912421509,3,0.03,0.03025305,41.23,BTC-27JUN25-110000-C,106366.17,sell,1.3,1.3,,,,,,,1748912421.509
10221,369945875,1748912717383,0,0.0305,0.03049351,41.51,BTC-27JUN25-110000-C,106412.29,buy,0.3,0.3,,,,,,,1748912717.383
10222,369945876,1748912717387,1,0.0305,0.03049351,41.51,BTC-27JUN25-110000-C,106412.29,sell,1.0,1.0,,,,,,,1748912717.387
10223,369945880,1748912717395,1,0.0305,0.03049351,41.51,BTC-27JUN25-110000-C,106412.29,sell,0.7,0.7,,,,,,,1748912717.395
10224,369947552,1748914010049,2,0.03,0.03015424,41.34,BTC-27JUN25-110000-C,106334.64,sell,0.3,0.3,,,,,,,1748914010.049
10225,369947553,1748914010052,3,0.03,0.03015424,41.34,BTC-27JUN25-110000-C,106334.64,buy,0.7,0.7,,,,,,,1748914010.052
10226,369948981,1748915729889,0,0.0305,0.03036869,41.56,BTC-27JUN25-110000-C,106425.51,buy,12.0,12.0,3.0,BLOCK-202756,,5222.0,,,1748915729.889
10228,369949151,1748915832394,1,0.0305,0.03039943,41.52,BTC-27JUN25-110000-C,106431.14,buy,5.3,5.3,,,,,,,1748915832.394
10227,369949150,1748915832394,1,0.0305,0.03039943,41.52,BTC-27JUN25-110000-C,106431.14,buy,0.7,0.7,,,,,,,1748915832.394
10229,369950511,1748916270671,0,0.031,0.03076664,41.63,BTC-27JUN25-110000-C,106538.01,buy,0.1,0.1,,,,,,,1748916270.671
10230,369950589,1748916300265,2,0.0305,0.03068809,41.32,BTC-27JUN25-110000-C,106489.43,sell,0.1,0.1,,,,,,,1748916300.265
10232,369950683,1748916324455,3,0.0305,0.03056157,41.37,BTC-27JUN25-110000-C,106468.62,sell,1.0,1.0,,,,,,,1748916324.455
10231,369950682,1748916324455,3,0.0305,0.03056157,41.37,BTC-27JUN25-110000-C,106468.62,sell,1.4,1.4,,,,,,,1748916324.455
10233,369950905,1748916462586,2,0.0304,0.03030718,41.57,BTC-27JUN25-110000-C,106390.64,buy,17.0,17.0,2.0,BLOCK-202758,,5224.0,,,1748916462.586
10234,369952057,1748917192290,2,0.0295,0.02962264,41.39,BTC-27JUN25-110000-C,106195.77,sell,1.5,1.5,,,,,,,1748917192.29
10235,369952920,1748918114262,3,0.0295,0.0293464,41.55,BTC-27JUN25-110000-C,106157.76,buy,5.0,5.0,,,,,,,1748918114.262
10236,369952983,1748918161555,3,0.0295,0.02949552,41.4,BTC-27JUN25-110000-C,106189.26,sell,1.4,1.4,,,,,,,1748918161.555
10237,369955322,1748919468176,2,0.028,0.02802021,41.39,BTC-27JUN25-110000-C,105767.75,sell,0.2,0.2,,,,,,,1748919468.176
10238,369955327,1748919469171,3,0.028,0.02801765,41.41,BTC-27JUN25-110000-C,105763.18,sell,0.3,0.3,,,,,,,1748919469.171
10239,369956491,1748920153831,2,0.027,0.02726007,41.21,BTC-27JUN25-110000-C,105545.94,sell,0.1,0.1,,,,,,,1748920153.831
10240,369956495,1748920164289,3,0.027,0.02721947,41.24,BTC-27JUN25-110000-C,105537.85,sell,0.1,0.1,,,,,,,1748920164.289
10241,369956594,1748920268576,3,0.027,0.02729066,41.18,BTC-27JUN25-110000-C,105554.94,sell,0.1,0.1,,,,,,,1748920268.576
10242,369956934,1748920447819,2,0.0265,0.0270503,40.92,BTC-27JUN25-110000-C,105494.79,sell,0.1,0.1,,,,,,,1748920447.819
10244,369956936,1748920467677,1,0.027,0.02705614,41.4,BTC-27JUN25-110000-C,105503.46,buy,1.4,1.4,,,,,,,1748920467.677
10243,369956935,1748920467677,0,0.027,0.02705614,41.4,BTC-27JUN25-110000-C,105503.46,buy,0.1,0.1,,,,,,,1748920467.677
10245,369956955,1748920494139,2,0.0265,0.02699406,40.96,BTC-27JUN25-110000-C,105484.6,sell,0.1,0.1,,,,,,,1748920494.139
10246,369956982,1748920508964,0,0.027,0.02704684,41.4,BTC-27JUN25-110000-C,105505.88,buy,0.1,0.1,,,,,,,1748920508.964
10247,369956983,1748920508964,1,0.027,0.02704684,41.4,BTC-27JUN25-110000-C,105505.88,buy,1.2,1.2,,,,,,,1748920508.964
10248,369957025,1748920517056,1,0.027,0.02719368,41.22,BTC-27JUN25-110000-C,105552.54,sell,0.1,0.1,,,,,,,1748920517.056
10249,369957190,1748920819375,0,0.0275,0.02758885,41.28,BTC-27JUN25-110000-C,105675.3,buy,0.1,0.1,,,,,,,1748920819.375
10250,369957377,1748921077112,1,0.0275,0.02753001,41.33,BTC-27JUN25-110000-C,105667.35,sell,0.5,0.5,,,,,,,1748921077.112
10251,369958257,1748922107240,2,0.027,0.02721631,41.2,BTC-27JUN25-110000-C,105570.18,sell,0.1,0.1,,,,,,,1748922107.24
10252,369958258,1748922111946,3,0.027,0.02719414,41.21,BTC-27JUN25-110000-C,105568.28,sell,0.1,0.1,,,,,,,1748922111.946
10253,369958259,1748922116131,3,0.027,0.02719024,41.21,BTC-27JUN25-110000-C,105568.31,buy,0.1,0.1,,,,,,,1748922116.131
10254,369958296,1748922221391,3,0.027,0.02718958,41.19,BTC-27JUN25-110000-C,105571.84,sell,0.1,0.1,,,,,,,1748922221.391
10255,369958320,1748922257145,3,0.027,0.02718971,41.14,BTC-27JUN25-110000-C,105579.94,sell,0.1,0.1,,,,,,,1748922257.145
10256,369959051,1748923628195,0,0.0275,0.02694553,42.07,BTC-27JUN25-110000-C,105482.25,buy,0.1,0.1,,,,,,,1748923628.195
10257,369959262,1748923851337,1,0.0275,0.02668548,42.38,BTC-27JUN25-110000-C,105393.51,buy,0.1,0.1,,,,,,,1748923851.337
10258,369959343,1748923965513,1,0.0275,0.02681647,42.31,BTC-27JUN25-110000-C,105401.73,buy,0.1,0.1,,,,,,,1748923965.513
10259,369959354,1748924017242,1,0.0275,0.02689222,42.25,BTC-27JUN25-110000-C,105413.78,buy,0.1,0.1,,,,,,,1748924017.242
10260,369959370,1748924066777,1,0.0275,0.02688056,42.27,BTC-27JUN25-110000-C,105408.97,buy,0.1,0.1,,,,,,,1748924066.777
10261,369959778,1748925027847,2,0.0265,0.02697956,41.35,BTC-27JUN25-110000-C,105397.15,sell,0.1,0.1,,,,,,,1748925027.847
10262,369959780,1748925033937,3,0.0265,0.02698504,41.35,BTC-27JUN25-110000-C,105396.76,sell,0.1,0.1,,,,,,,1748925033.937
10263,369959788,1748925052331,3,0.0265,0.02699013,41.38,BTC-27JUN25-110000-C,105386.87,sell,0.1,0.1,,,,,,,1748925052.331
10264,369961301,1748926631411,3,0.0265,0.02642081,42.04,BTC-27JUN25-110000-C,105211.83,sell,0.1,0.1,,,,,,,1748926631.411
10265,369961406,1748926818052,3,0.0265,0.0265544,41.89,BTC-27JUN25-110000-C,105248.67,buy,0.4,0.4,,,,,,,1748926818.052
10267,369961612,1748927180546,1,0.027,0.02707328,41.76,BTC-27JUN25-110000-C,105424.06,buy,0.1,0.1,,,,,,,1748927180.546
10268,369961613,1748927180546,1,0.027,0.02707328,41.76,BTC-27JUN25-110000-C,105424.06,buy,0.2,0.2,,,,,,,1748927180.546
10266,369961611,1748927180546,0,0.027,0.02707328,41.76,BTC-27JUN25-110000-C,105424.06,buy,0.1,0.1,,,,,,,1748927180.546
10269,369963952,1748932166344,2,0.0265,0.02659735,41.78,BTC-27JUN25-110000-C,105320.83,sell,5.0,5.0,,,,,,,1748932166.344
10270,369965272,1748933951341,0,0.0269,0.026921,41.77,BTC-27JUN25-110000-C,105437.82,buy,34.0,34.0,2.0,BLOCK-202813,,5244.0,,,1748933951.341
10271,369966147,1748934396680,0,0.0273,0.02692611,42.18,BTC-27JUN25-110000-C,105460.71,buy,15.0,15.0,4.0,BLOCK-202816,,5246.0,,,1748934396.68
10272,369971845,1748937863913,2,0.0265,0.02654239,42.0,BTC-27JUN25-110000-C,105285.77,sell,0.8,0.8,,,,,,,1748937863.913
10273,369972102,1748938155232,3,0.0265,0.02643709,42.09,BTC-27JUN25-110000-C,105262.27,buy,0.1,0.1,,,,,,,1748938155.232
10274,369974363,1748939116456,2,0.0255,0.0257694,41.88,BTC-27JUN25-110000-C,105001.85,sell,0.1,0.1,,,,,,,1748939116.456
10275,369974366,1748939130587,3,0.0255,0.0257221,41.91,BTC-27JUN25-110000-C,104997.53,sell,0.1,0.1,,,,,,,1748939130.587
10276,369976258,1748940129349,2,0.025,0.02556551,41.53,BTC-27JUN25-110000-C,104973.96,sell,0.3,0.3,,,,,,,1748940129.349
10277,369977711,1748940864062,0,0.026,0.02601409,42.08,BTC-27JUN25-110000-C,105117.62,buy,0.1,0.1,,,,,,,1748940864.062
10278,369977714,1748940870952,1,0.026,0.02601685,42.08,BTC-27JUN25-110000-C,105119.55,buy,0.1,0.1,,,,,,,1748940870.952
10279,369977718,1748940883164,1,0.026,0.02601996,42.08,BTC-27JUN25-110000-C,105121.72,sell,1.2,1.2,,,,,,,1748940883.164
10280,369978329,1748941190888,1,0.026,0.02611131,42.0,BTC-27JUN25-110000-C,105146.97,sell,0.6,0.6,,,,,,,1748941190.888
10281,369978330,1748941198281,1,0.026,0.0260749,42.01,BTC-27JUN25-110000-C,105142.18,sell,0.6,0.6,,,,,,,1748941198.281
10282,369978350,1748941244811,1,0.026,0.02610836,41.99,BTC-27JUN25-110000-C,105157.03,sell,0.6,0.6,,,,,,,1748941244.811
10283,369981779,1748943625026,0,0.0265,0.02653311,42.04,BTC-27JUN25-110000-C,105303.3,buy,0.1,0.1,,,,,,,1748943625.026
10284,369981780,1748943625028,1,0.0265,0.02653311,42.04,BTC-27JUN25-110000-C,105303.3,sell,0.9,0.9,,,,,,,1748943625.028
10285,369985865,1748948118545,2,0.026,0.02620833,41.54,BTC-27JUN25-110000-C,105298.86,sell,0.7,0.7,,,,,,,1748948118.545
10286,369986073,1748948245485,0,0.0264,0.02633003,41.81,BTC-27JUN25-110000-C,105332.79,buy,2.0,2.0,5.0,BLOCK-202844,,5258.0,,,1748948245.485
10287,369986110,1748948410693,0,0.0265,0.02636147,41.86,BTC-27JUN25-110000-C,105352.19,buy,0.1,0.1,,,,,,,1748948410.693
10289,369986112,1748948410693,1,0.0265,0.02636147,41.86,BTC-27JUN25-110000-C,105352.19,buy,0.6,0.6,,,,,,,1748948410.693
10288,369986111,1748948410693,1,0.0265,0.02636147,41.86,BTC-27JUN25-110000-C,105352.19,buy,0.3,0.3,,,,,,,1748948410.693
10290,369986601,1748948643143,0,0.0266,0.02656744,41.76,BTC-27JUN25-110000-C,105406.84,buy,2.0,2.0,2.0,BLOCK-202845,,5259.0,,,1748948643.143
10291,369986632,1748948718130,0,0.0268,0.02654573,41.98,BTC-27JUN25-110000-C,105398.56,buy,2.0,2.0,2.0,BLOCK-202846,,5260.0,,,1748948718.13
10292,369986715,1748948874945,0,0.027,0.02642603,42.32,BTC-27JUN25-110000-C,105369.74,buy,2.0,2.0,2.0,BLOCK-202848,,5262.0,,,1748948874.945
10293,369988344,1748950805726,2,0.026,0.02604301,41.72,BTC-27JUN25-110000-C,105271.05,sell,0.5,0.5,,,,,,,1748950805.726
10294,369989926,1748952459387,3,0.026,0.02600105,41.64,BTC-27JUN25-110000-C,105305.85,sell,0.1,0.1,,,,,,,1748952459.387
10295,369990138,1748952870954,0,0.0265,0.02637206,41.78,BTC-27JUN25-110000-C,105407.08,buy,0.4,0.4,,,,,,,1748952870.954
10296,369990805,1748953347839,2,0.026,0.02623802,41.3,BTC-27JUN25-110000-C,105409.49,sell,0.3,0.3,,,,,,,1748953347.839
10297,369991206,1748954135390,3,0.026,0.02596514,41.42,BTC-27JUN25-110000-C,105392.87,buy,0.6,0.6,,,,,,,1748954135.39
10298,369991229,1748954141992,3,0.026,0.02589856,41.51,BTC-27JUN25-110000-C,105367.65,buy,5.0,5.0,,,,,,,1748954141.992
10299,369991234,1748954163568,3,0.026,0.02591707,41.47,BTC-27JUN25-110000-C,105375.91,buy,0.3,0.3,,,,,,,1748954163.568
10300,369991712,1748955232631,3,0.026,0.02596211,41.4,BTC-27JUN25-110000-C,105380.35,buy,0.6,0.6,,,,,,,1748955232.631
10301,369991716,1748955247012,3,0.026,0.02595669,41.41,BTC-27JUN25-110000-C,105379.22,buy,0.6,0.6,,,,,,,1748955247.012
10302,369991752,1748955487316,3,0.026,0.02592194,41.45,BTC-27JUN25-110000-C,105369.32,buy,0.6,0.6,,,,,,,1748955487.316
10303,369991856,1748955580094,3,0.026,0.02595204,41.42,BTC-27JUN25-110000-C,105379.96,buy,0.6,0.6,,,,,,,1748955580.094
10304,369992958,1748956529097,0,0.0265,0.02607007,41.64,BTC-27JUN25-110000-C,105483.33,buy,0.1,0.1,,,,,,,1748956529.097
10305,369992959,1748956529097,1,0.0265,0.02607007,41.64,BTC-27JUN25-110000-C,105483.33,buy,0.4,0.4,,,,,,,1748956529.097
10309,369993005,1748956535056,1,0.0265,0.02606931,41.64,BTC-27JUN25-110000-C,105483.36,buy,1.6,1.6,,,,,,,1748956535.056
10306,369993002,1748956535056,1,0.0265,0.02606931,41.64,BTC-27JUN25-110000-C,105483.36,buy,0.2,0.2,,,,,,,1748956535.056
10310,369993006,1748956535056,1,0.0265,0.02606931,41.64,BTC-27JUN25-110000-C,105483.36,buy,5.8,5.8,,,,,,,1748956535.056
10307,369993003,1748956535056,1,0.0265,0.02606931,41.64,BTC-27JUN25-110000-C,105483.36,buy,0.6,0.6,,,,,,,1748956535.056
10308,369993004,1748956535056,1,0.0265,0.02606931,41.64,BTC-27JUN25-110000-C,105483.36,buy,1.8,1.8,,,,,,,1748956535.056
10312,369995471,1748958079841,1,0.027,0.02670059,41.52,BTC-27JUN25-110000-C,105645.46,buy,0.6,0.6,,,,,,,1748958079.841
10311,369995470,1748958079841,0,0.027,0.02670059,41.52,BTC-27JUN25-110000-C,105645.46,buy,0.1,0.1,,,,,,,1748958079.841
10313,369995625,1748958084150,1,0.027,0.02690782,41.3,BTC-27JUN25-110000-C,105706.52,buy,0.5,0.5,,,,,,,1748958084.15
10314,369995849,1748958107687,1,0.027,0.02682078,41.43,BTC-27JUN25-110000-C,105673.51,buy,1.1,1.1,,,,,,,1748958107.687
10315,369997393,1748958730054,2,0.026,0.0260135,41.28,BTC-27JUN25-110000-C,105416.91,buy,0.1,0.1,,,,,,,1748958730.054
10316,369997780,1748959062157,0,0.0265,0.02662725,41.14,BTC-27JUN25-110000-C,105616.74,buy,0.1,0.1,,,,,,,1748959062.157
10317,369998098,1748959201596,1,0.0265,0.0262072,41.57,BTC-27JUN25-110000-C,105508.58,buy,0.1,0.1,,,,,,,1748959201.596
10318,369998738,1748959317362,2,0.026,0.02626878,41.04,BTC-27JUN25-110000-C,105508.76,sell,0.1,0.1,,,,,,,1748959317.362
10319,370000235,1748960357014,0,0.0265,0.0267402,40.99,BTC-27JUN25-110000-C,105656.15,buy,0.1,0.1,,,,,,,1748960357.014
10321,370001916,1748961040775,1,0.027,0.0272234,40.77,BTC-27JUN25-110000-C,105895.73,buy,0.1,0.1,,,,,,,1748961040.775
10320,370001915,1748961040775,0,0.027,0.0272234,40.77,BTC-27JUN25-110000-C,105895.73,buy,0.1,0.1,,,,,,,1748961040.775
10322,370002278,1748961165619,0,0.0275,0.02758963,40.9,BTC-27JUN25-110000-C,105992.3,buy,0.1,0.1,,,,,,,1748961165.619
10323,370003146,1748961621545,1,0.0275,0.02756859,40.91,BTC-27JUN25-110000-C,105985.69,buy,0.1,0.1,,,,,,,1748961621.545
10324,370003445,1748961679635,0,0.028,0.02795118,41.0,BTC-27JUN25-110000-C,106096.86,buy,0.1,0.1,,,,,,,1748961679.635
10325,370004162,1748961865548,0,0.0285,0.02854299,40.92,BTC-27JUN25-110000-C,106257.99,buy,0.1,0.1,,,,,,,1748961865.548
10326,370004163,1748961865548,1,0.0285,0.02854299,40.92,BTC-27JUN25-110000-C,106257.99,buy,0.5,0.5,,,,,,,1748961865.548
10327,370004177,1748961865553,1,0.0285,0.02854299,40.92,BTC-27JUN25-110000-C,106257.99,buy,0.3,0.3,,,,,,,1748961865.553
10328,370004600,1748961898278,0,0.029,0.02907245,40.88,BTC-27JUN25-110000-C,106409.93,buy,0.1,0.1,,,,,,,1748961898.278
10329,370004601,1748961898278,1,0.029,0.02907245,40.88,BTC-27JUN25-110000-C,106409.93,buy,0.1,0.1,,,,,,,1748961898.278
10330,370005256,1748962036425,1,0.029,0.02898187,41.08,BTC-27JUN25-110000-C,106365.29,sell,0.1,0.1,,,,,,,1748962036.425
10331,370005261,1748962040484,1,0.029,0.02890689,41.09,BTC-27JUN25-110000-C,106360.74,sell,0.1,0.1,,,,,,,1748962040.484
10332,370005753,1748962220404,1,0.029,0.02883469,41.27,BTC-27JUN25-110000-C,106304.36,buy,0.1,0.1,,,,,,,1748962220.404
10333,370006900,1748962387503,0,0.03,0.02979882,41.37,BTC-27JUN25-110000-C,106566.91,buy,0.1,0.1,,,,,,,1748962387.503
10334,370008872,1748962647083,1,0.03,0.02996862,41.28,BTC-27JUN25-110000-C,106604.46,sell,0.5,0.5,,,,,,,1748962647.083
10335,370009614,1748962828910,0,0.031,0.03066437,41.73,BTC-27JUN25-110000-C,106738.77,buy,0.3,0.3,,,,,,,1748962828.91
10336,370009615,1748962828915,1,0.031,0.03066437,41.73,BTC-27JUN25-110000-C,106738.77,sell,0.1,0.1,,,,,,,1748962828.915
10337,370011275,1748963369722,2,0.03,0.03020689,41.32,BTC-27JUN25-110000-C,106563.06,sell,0.1,0.1,,,,,,,1748963369.722
10338,370011431,1748963416329,0,0.0305,0.0303752,41.62,BTC-27JUN25-110000-C,106610.08,buy,0.1,0.1,,,,,,,1748963416.329
10339,370013277,1748964136480,0,0.031,0.03078344,41.77,BTC-27JUN25-110000-C,106707.45,buy,0.1,0.1,,,,,,,1748964136.48
10340,370015868,1748964907857,2,0.0305,0.03055924,41.34,BTC-27JUN25-110000-C,106686.53,buy,0.1,0.1,,,,,,,1748964907.857
10341,370019464,1748966370757,2,0.03,0.03032436,40.86,BTC-27JUN25-110000-C,106676.25,sell,1.0,1.0,,,,,,,1748966370.757
10342,370020031,1748966702710,2,0.0295,0.02968391,41.0,BTC-27JUN25-110000-C,106492.3,sell,1.0,1.0,,,,,,,1748966702.71
10343,370020252,1748966796093,3,0.0295,0.02956437,41.11,BTC-27JUN25-110000-C,106458.24,sell,1.0,1.0,,,,,,,1748966796.093
10344,370020537,1748966910918,3,0.0295,0.02975912,40.97,BTC-27JUN25-110000-C,106492.47,sell,0.8,0.8,,,,,,,1748966910.918
10345,370020538,1748966910921,3,0.0295,0.02975912,40.97,BTC-27JUN25-110000-C,106492.47,buy,0.2,0.2,,,,,,,1748966910.921
10346,370021804,1748967757924,2,0.029,0.02942497,40.6,BTC-27JUN25-110000-C,106477.63,sell,0.3,0.3,,,,,,,1748967757.924
10347,370031349,1748975908957,2,0.0265,0.02647462,40.57,BTC-27JUN25-110000-C,105810.28,buy,1.1,1.1,,,,,,,1748975908.957
10348,370034610,1748979807374,0,0.0285,0.02858616,40.52,BTC-27JUN25-110000-C,106417.05,sell,0.3,0.3,,,,,,,1748979807.374
10349,370050437,1748995319629,2,0.025,0.02522545,40.57,BTC-27JUN25-110000-C,105449.59,sell,0.3,0.3,,,,,,,1748995319.629
10350,370050438,1748995319629,3,0.025,0.02522545,40.57,BTC-27JUN25-110000-C,105449.59,sell,0.2,0.2,,,,,,,1748995319.629
10351,370050440,1748995323084,3,0.025,0.02522291,40.57,BTC-27JUN25-110000-C,105449.93,sell,0.5,0.5,,,,,,,1748995323.084
10352,370050480,1748995333286,3,0.025,0.02528702,40.5,BTC-27JUN25-110000-C,105470.54,sell,0.5,0.5,,,,,,,1748995333.286
10353,370050520,1748995366465,3,0.025,0.02550003,40.29,BTC-27JUN25-110000-C,105531.14,sell,0.1,0.1,,,,,,,1748995366.465
10354,370050522,1748995373242,3,0.025,0.02550073,40.29,BTC-27JUN25-110000-C,105532.42,sell,0.1,0.1,,,,,,,1748995373.242
10355,370050630,1748995569909,0,0.0255,0.02563145,40.63,BTC-27JUN25-110000-C,105586.32,buy,0.1,0.1,,,,,,,1748995569.909
10356,370050938,1748995905274,2,0.025,0.02530732,40.46,BTC-27JUN25-110000-C,105486.15,sell,0.6,0.6,,,,,,,1748995905.274
10357,370050939,1748995905274,3,0.025,0.02530732,40.46,BTC-27JUN25-110000-C,105486.15,sell,0.4,0.4,,,,,,,1748995905.274
10358,370051052,1748996015412,3,0.025,0.02524112,40.52,BTC-27JUN25-110000-C,105470.17,sell,1.0,1.0,,,,,,,1748996015.412
10359,370051112,1748996058793,3,0.025,0.02513623,40.63,BTC-27JUN25-110000-C,105438.47,sell,0.8,0.8,,,,,,,1748996058.793
10360,370051187,1748996113639,3,0.025,0.02518084,40.56,BTC-27JUN25-110000-C,105460.57,buy,0.2,0.2,,,,,,,1748996113.639
10361,370052054,1748997094526,2,0.0245,0.02480597,40.48,BTC-27JUN25-110000-C,105342.37,sell,0.3,0.3,,,,,,,1748997094.526
10362,370052738,1748997407057,3,0.0245,0.02473738,40.65,BTC-27JUN25-110000-C,105299.65,sell,1.0,1.0,,,,,,,1748997407.057
10363,370052752,1748997420949,3,0.0245,0.02467797,40.66,BTC-27JUN25-110000-C,105293.42,sell,0.2,0.2,,,,,,,1748997420.949
10364,370052755,1748997426553,3,0.0245,0.02468669,40.66,BTC-27JUN25-110000-C,105294.42,buy,0.1,0.1,,,,,,,1748997426.553
10365,370054110,1748998039492,3,0.0245,0.02461653,40.57,BTC-27JUN25-110000-C,105323.57,sell,0.7,0.7,,,,,,,1748998039.492
10366,370054793,1748998904409,0,0.0255,0.02550555,40.68,BTC-27JUN25-110000-C,105589.79,buy,0.1,0.1,,,,,,,1748998904.409
10367,370054804,1748998905188,1,0.0255,0.02550555,40.68,BTC-27JUN25-110000-C,105589.79,buy,0.3,0.3,,,,,,,1748998905.188
10368,370055652,1748999980876,1,0.0255,0.0257659,40.49,BTC-27JUN25-110000-C,105643.82,sell,1.0,1.0,,,,,,,1748999980.876
10370,370055658,1749000001507,1,0.0255,0.02573197,40.52,BTC-27JUN25-110000-C,105631.73,sell,0.5,0.5,,,,,,,1749000001.507
10369,370055657,1749000001507,1,0.0255,0.02573197,40.52,BTC-27JUN25-110000-C,105631.73,sell,0.5,0.5,,,,,,,1749000001.507
10371,370055660,1749000017248,1,0.0255,0.02572821,40.52,BTC-27JUN25-110000-C,105630.46,sell,0.5,0.5,,,,,,,1749000017.248
10372,370055661,1749000017864,1,0.0255,0.02572798,40.52,BTC-27JUN25-110000-C,105630.46,buy,0.5,0.5,,,,,,,1749000017.864
10373,370055687,1749000112776,1,0.0255,0.02571721,40.53,BTC-27JUN25-110000-C,105626.91,sell,0.8,0.8,,,,,,,1749000112.776
10374,370055702,1749000147352,1,0.0255,0.02576855,40.46,BTC-27JUN25-110000-C,105643.19,sell,0.2,0.2,,,,,,,1749000147.352
10375,370056583,1749001076080,1,0.0255,0.0256333,40.56,BTC-27JUN25-110000-C,105624.44,sell,0.9,0.9,,,,,,,1749001076.08
10376,370056656,1749001219060,0,0.0259,0.02558396,41.04,BTC-27JUN25-110000-C,105610.3,buy,25.0,25.0,2.0,BLOCK-202992,BTC-CDIAG-25JUL25_27JUN25-112000_110000,,,,1749001219.06
10377,370056667,1749001226385,0,0.026,0.02559298,41.13,BTC-27JUN25-110000-C,105615.7,buy,101.9,101.9,2.0,BLOCK-202993,BTC-CDIAG-25JUL25_27JUN25-112000_110000,,,,1749001226.385
10378,370056709,1749001291906,2,0.0259,0.02557389,41.07,BTC-27JUN25-110000-C,105608.49,buy,25.0,25.0,2.0,BLOCK-202995,BTC-CDIAG-25JUL25_27JUN25-112000_110000,,,,1749001291.906
10379,370056732,1749001352740,2,0.0255,0.02563074,40.59,BTC-27JUN25-110000-C,105622.17,buy,0.1,0.1,,,,,,,1749001352.74
10380,370056753,1749001425176,0,0.0259,0.02572808,40.91,BTC-27JUN25-110000-C,105641.14,buy,100.0,100.0,2.0,BLOCK-202996,BTC-CDIAG-25JUL25_27JUN25-112000_110000,,,,1749001425.176
10381,370056756,1749001425191,0,0.026,0.02572808,41.01,BTC-27JUN25-110000-C,105641.14,buy,25.0,25.0,2.0,BLOCK-202997,BTC-CDIAG-25JUL25_27JUN25-112000_110000,,,,1749001425.191
10382,370056757,1749001435305,2,0.0259,0.0257354,40.9,BTC-27JUN25-110000-C,105642.04,buy,25.0,25.0,2.0,BLOCK-202998,BTC-CDIAG-25JUL25_27JUN25-112000_110000,,,,1749001435.305
10383,370057657,1749002804156,2,0.0258,0.02597746,40.5,BTC-27JUN25-110000-C,105745.32,sell,150.0,150.0,2.0,BLOCK-203003,BTC-CDIAG-27JUN25_13JUN25-110000_108000,,,,1749002804.156
10384,370057848,1749002930753,0,0.026,0.02616773,40.44,BTC-27JUN25-110000-C,105815.8,buy,3.2,3.2,,,,,,,1749002930.753
10385,370058072,1749002962403,1,0.026,0.02629864,40.29,BTC-27JUN25-110000-C,105865.94,buy,2.8,2.8,,,,,,,1749002962.403
10386,370058073,1749002962403,1,0.026,0.02629864,40.29,BTC-27JUN25-110000-C,105865.94,buy,3.2,3.2,,,,,,,1749002962.403
10387,370058672,1749003393911,0,0.0261,0.02618579,40.39,BTC-27JUN25-110000-C,105874.3,buy,8.0,8.0,4.0,BLOCK-203006,,5338.0,,,1749003393.911
10388,370058912,1749003470317,2,0.0255,0.02593192,40.0,BTC-27JUN25-110000-C,105815.04,sell,3.1,3.1,,,,,,,1749003470.317
10389,370058913,1749003470317,3,0.0255,0.02593192,40.0,BTC-27JUN25-110000-C,105815.04,sell,2.9,2.9,,,,,,,1749003470.317
10390,370059365,1749003677665,0,0.0263,0.02598806,40.79,BTC-27JUN25-110000-C,105813.71,buy,14.0,14.0,4.0,BLOCK-203007,,5339.0,,,1749003677.665
10391,370059635,1749003823367,2,0.0255,0.0259403,40.03,BTC-27JUN25-110000-C,105795.7,sell,1.1,1.1,,,,,,,1749003823.367
10392,370059636,1749003823367,3,0.0255,0.0259403,40.03,BTC-27JUN25-110000-C,105795.7,sell,4.9,4.9,,,,,,,1749003823.367
10395,370060080,1749004605164,3,0.025,0.02542388,39.97,BTC-27JUN25-110000-C,105681.55,sell,2.0,2.0,,,,,,,1749004605.164
10393,370060078,1749004605164,2,0.025,0.02542388,39.97,BTC-27JUN25-110000-C,105681.55,sell,2.6,2.6,,,,,,,1749004605.164
10394,370060079,1749004605164,3,0.025,0.02542388,39.97,BTC-27JUN25-110000-C,105681.55,sell,1.4,1.4,,,,,,,1749004605.164
