trade_seq,trade_id,timestamp,tick_direction,price,mark_price,iv,instrument_name,index_price,direction,contracts,block_trade_leg_count,block_trade_id,amount,combo_id,combo_trade_id,block_rfq_id,liquidation,unix_sec
633,ETH-252343073,1748713272935,0,0.0685,0.067922,67.69,ETH-25JUL25-2800-C,2538.43,buy,1.0,,,1.0,,,,,1748713272.935
634,ETH-252343074,1748713272937,1,0.0685,0.067922,67.69,ETH-25JUL25-2800-C,2538.43,sell,2.0,,,2.0,,,,,1748713272.937
635,ETH-252371680,1748745071138,2,0.0645,0.065417,67.48,ETH-25JUL25-2800-C,2512.67,sell,1.0,,,1.0,,,,,1748745071.138
638,ETH-252431964,1748799283900,1,0.0705,0.07031,68.95,ETH-25JUL25-2800-C,2545.78,buy,5.0,,,5.0,,,,,1748799283.9
636,ETH-252431962,1748799283900,0,0.0705,0.07031,68.95,ETH-25JUL25-2800-C,2545.78,buy,1.0,,,1.0,,,,,1748799283.9
637,ETH-252431963,1748799283900,1,0.0705,0.07031,68.95,ETH-25JUL25-2800-C,2545.78,buy,185.0,,,185.0,,,,,1748799283.9
639,ETH-252431965,1748799283905,1,0.0705,0.07031,68.95,ETH-25JUL25-2800-C,2545.78,sell,125.0,,,125.0,,,,,1748799283.905
641,ETH-252558199,1748882893581,3,0.0645,0.064877,65.85,ETH-25JUL25-2800-C,2544.66,sell,7.0,,,7.0,,,,,1748882893.581
640,ETH-252558198,1748882893581,2,0.0645,0.064877,65.85,ETH-25JUL25-2800-C,2544.66,sell,7.0,,,7.0,,,,,1748882893.581
642,ETH-252584209,1748897437475,2,0.0635,0.063569,65.74,ETH-25JUL25-2800-C,2540.34,sell,100.0,,,100.0,,,,,1748897437.475
643,ETH-252629625,1748923369807,0,0.0725,0.072268,65.74,ETH-25JUL25-2800-C,2605.68,buy,1.0,,,1.0,,,,,1748923369.807
644,ETH-252630962,1748925912998,2,0.0715,0.0709,66.01,ETH-25JUL25-2800-C,2596.41,buy,1.0,,,1.0,,,,,1748925912.998
645,ETH-252633012,1748930234342,0,0.074,0.073506,66.11,ETH-25JUL25-2800-C,2613.04,buy,1.0,,,1.0,,,,,1748930234.342
646,ETH-252649892,1748948716730,2,0.0725,0.072599,64.85,ETH-25JUL25-2800-C,2617.66,buy,12.0,,,12.0,,,,,1748948716.73
647,ETH-252666982,1748959630365,0,0.0735,0.073429,65.16,ETH-25JUL25-2800-C,2622.06,sell,50.0,,,50.0,,,,,1748959630.365
648,ETH-252672217,1748962514720,0,0.0775,0.077014,65.29,ETH-25JUL25-2800-C,2648.3,buy,1.0,,,1.0,,,,,1748962514.72
649,ETH-252690427,1748975836656,2,0.071,0.071577,64.51,ETH-25JUL25-2800-C,2612.89,sell,1.0,,,1.0,,,,,1748975836.656
650,ETH-252699102,1748984405450,0,0.0715,0.071872,64.58,ETH-25JUL25-2800-C,2616.64,sell,1.0,,,1.0,,,,,1748984405.45
651,ETH-252726969,1749013204330,0,0.0745,0.074059,64.71,ETH-25JUL25-2800-C,2639.21,buy,1.0,,,1.0,,,,,1749013204.33
652,ETH-252726977,1749013227394,1,0.0745,0.073935,64.78,ETH-25JUL25-2800-C,2638.54,buy,1.0,,,1.0,,,,,1749013227.394
653,ETH-252726999,1749013241344,2,0.074,0.073827,64.54,ETH-25JUL25-2800-C,2637.56,sell,1.0,,,1.0,,,,,1749013241.344
654,ETH-252727022,1749013257358,3,0.074,0.073741,64.59,ETH-25JUL25-2800-C,2637.01,sell,1.0,,,1.0,,,,,1749013257.358
657,ETH-252727673,1749013674485,1,0.0755,0.074944,64.88,ETH-25JUL25-2800-C,2644.25,buy,53.0,,,53.0,,,,,1749013674.485
655,ETH-252727671,1749013674485,0,0.0755,0.074944,64.88,ETH-25JUL25-2800-C,2644.25,buy,6.0,,,6.0,,,,,1749013674.485
656,ETH-252727672,1749013674485,1,0.0755,0.074944,64.88,ETH-25JUL25-2800-C,2644.25,buy,1.0,,,1.0,,,,,1749013674.485
658,ETH-252757413,1749045600145,2,0.07,0.070202,64.2,ETH-25JUL25-2800-C,2616.11,sell,237.0,,,237.0,,,,,1749045600.145
659,ETH-252757568,1749045600844,3,0.07,0.070202,64.2,ETH-25JUL25-2800-C,2616.11,sell,7.0,,,7.0,,,,,1749045600.844
660,ETH-252763852,1749046782944,3,0.07,0.06988,64.51,ETH-25JUL25-2800-C,2613.59,buy,1.0,,,1.0,,,,,1749046782.944
661,ETH-252785470,1749055282784,0,0.077,0.076662,64.63,ETH-25JUL25-2800-C,2661.34,buy,1.0,,,1.0,,,,,1749055282.784
662,ETH-252793690,1749063426773,2,0.072,0.07218,64.37,ETH-25JUL25-2800-C,2629.66,buy,1.0,,,1.0,,,,,1749063426.773
663,ETH-252793747,1749063459660,3,0.072,0.072364,64.25,ETH-25JUL25-2800-C,2630.88,buy,1.0,,,1.0,,,,,1749063459.66
664,ETH-252793784,1749063497577,3,0.072,0.072312,64.26,ETH-25JUL25-2800-C,2630.9,buy,1.0,,,1.0,,,,,1749063497.577
665,ETH-252797663,1749066929799,2,0.0715,0.071794,64.29,ETH-25JUL25-2800-C,2627.19,sell,1.0,,,1.0,,,,,1749066929.799
666,ETH-252852241,1749126007692,0,0.072,0.071347,64.79,ETH-25JUL25-2800-C,2628.62,buy,1.0,,,1.0,,,,,1749126007.692
667,ETH-252852242,1749126007697,1,0.072,0.071347,64.79,ETH-25JUL25-2800-C,2628.62,sell,65.0,,,65.0,,,,,1749126007.697
668,ETH-252856771,1749127757364,0,0.0735,0.072509,65.6,ETH-25JUL25-2800-C,2631.31,buy,26.0,,,26.0,,,,,1749127757.364
669,ETH-252866731,1749131080216,2,0.071,0.070723,65.54,ETH-25JUL25-2800-C,2614.79,buy,1.0,,,1.0,,,,,1749131080.216
670,ETH-252890306,1749134898517,2,0.07,0.069733,65.64,ETH-25JUL25-2800-C,2607.28,buy,1.0,,,1.0,,,,,1749134898.517
672,ETH-252904409,1749140889863,3,0.064,0.06453,65.29,ETH-25JUL25-2800-C,2569.51,sell,4.0,,,4.0,,,,,1749140889.863
671,ETH-252904408,1749140889863,2,0.064,0.06453,65.29,ETH-25JUL25-2800-C,2569.51,sell,6.0,,,6.0,,,,,1749140889.863
673,ETH-252904436,1749140902599,3,0.064,0.064227,65.48,ETH-25JUL25-2800-C,2567.55,buy,50.0,,,50.0,,,,,1749140902.599
674,ETH-252904812,1749141159106,3,0.064,0.06397,65.66,ETH-25JUL25-2800-C,2565.62,buy,233.0,,,233.0,,,,,1749141159.106
675,ETH-252904813,1749141159118,3,0.064,0.06397,65.66,ETH-25JUL25-2800-C,2565.62,buy,1.0,,,1.0,,,,,1749141159.118
676,ETH-252907237,1749142149783,2,0.063,0.063372,65.36,ETH-25JUL25-2800-C,2561.52,sell,1.0,,,1.0,,,,,1749142149.783
677,ETH-252910896,1749143708603,0,0.0655,0.065129,65.98,ETH-25JUL25-2800-C,2573.17,buy,1.0,,,1.0,,,,,1749143708.603
678,ETH-252942376,1749154439258,2,0.0555,0.05502,66.44,ETH-25JUL25-2800-C,2495.5,buy,1.0,,,1.0,,,,,1749154439.258
679,ETH-252962340,1749155760593,2,0.051,0.050412,67.14,ETH-25JUL25-2800-C,2450.43,buy,1.0,,,1.0,,,,,1749155760.593
680,ETH-252983815,1749157381690,2,0.049,0.048364,68.68,ETH-25JUL25-2800-C,2416.4,buy,1.0,,,1.0,,,,,1749157381.69
681,ETH-252990603,1749158585074,2,0.0485,0.048664,68.3,ETH-25JUL25-2800-C,2417.37,buy,60.0,,,60.0,,,,,1749158585.074
682,ETH-252994957,1749159723601,0,0.0515,0.050917,68.84,ETH-25JUL25-2800-C,2437.12,buy,1.0,,,1.0,,,,,1749159723.601
683,ETH-253005562,1749162361192,2,0.049,0.049254,68.27,ETH-25JUL25-2800-C,2422.79,buy,5.0,,,5.0,,,,,1749162361.192
684,ETH-253008372,1749164459360,0,0.0495,0.049887,67.95,ETH-25JUL25-2800-C,2431.23,buy,250.0,,,250.0,,,,,1749164459.36
685,ETH-253024551,1749170270879,1,0.0495,0.049131,68.87,ETH-25JUL25-2800-C,2420.7,buy,1.0,,,1.0,,,,,1749170270.879
686,ETH-253024924,1749170462541,2,0.049,0.049314,68.32,ETH-25JUL25-2800-C,2422.72,sell,1.0,,,1.0,,,,,1749170462.541
687,ETH-253034077,1749177786358,2,0.0489,0.048533,68.56,ETH-25JUL25-2800-C,2419.72,buy,1.0,,,1.0,ETH-CS-25JUL25-2800_3500,ETH-253034075,,,1749177786.358
688,ETH-253034079,1749177786362,3,0.0489,0.048533,68.56,ETH-25JUL25-2800-C,2419.72,sell,1.0,,,1.0,ETH-CS-25JUL25-2800_3500,ETH-253034078,,,1749177786.362
689,ETH-253034089,1749177816367,2,0.0488,0.048471,68.53,ETH-25JUL25-2800-C,2419.17,sell,1.0,,,1.0,ETH-CS-25JUL25-2800_3500,ETH-253034087,,,1749177816.367
690,ETH-253034101,1749177867001,3,0.0488,0.048428,68.56,ETH-25JUL25-2800-C,2419.05,buy,2.0,,,2.0,ETH-CS-25JUL25-2800_3500,ETH-253034100,,,1749177867.001
691,ETH-253041890,1749182652506,0,0.052,0.052028,67.76,ETH-25JUL25-2800-C,2455.98,buy,1.0,,,1.0,,,,,1749182652.506
692,ETH-253062221,1749195911068,1,0.052,0.051704,67.91,ETH-25JUL25-2800-C,2456.23,sell,1.0,,,1.0,,,,,1749195911.068
693,ETH-253094598,1749216529399,0,0.054,0.05373,66.81,ETH-25JUL25-2800-C,2485.16,buy,1.0,,,1.0,,,,,1749216529.399
694,ETH-253103365,1749221022178,0,0.058,0.058086,66.7,ETH-25JUL25-2800-C,2518.51,buy,3.0,,,3.0,,,,,1749221022.178
696,ETH-253103453,1749221089545,1,0.058,0.057982,66.62,ETH-25JUL25-2800-C,2519.42,buy,3.0,,,3.0,,,,,1749221089.545
695,ETH-253103452,1749221089545,1,0.058,0.057982,66.62,ETH-25JUL25-2800-C,2519.42,buy,1.0,,,1.0,,,,,1749221089.545
697,ETH-253103454,1749221089545,1,0.058,0.057982,66.62,ETH-25JUL25-2800-C,2519.42,buy,202.0,,,202.0,,,,,1749221089.545
698,ETH-253158314,1749299910181,2,0.0535,0.053223,65.67,ETH-25JUL25-2800-C,2502.11,buy,1.0,,,1.0,,,,,1749299910.181
699,ETH-253160548,1749301991669,3,0.0535,0.053077,65.63,ETH-25JUL25-2800-C,2502.69,buy,1.0,,,1.0,,,,,1749301991.669
700,ETH-253163471,1749304953329,0,0.054,0.053605,65.6,ETH-25JUL25-2800-C,2507.63,buy,1.0,,,1.0,,,,,1749304953.329
701,ETH-253164758,1749305688391,0,0.0565,0.0561,66.78,ETH-25JUL25-2800-C,2513.1,buy,5.0,,,5.0,,,,,1749305688.391
702,ETH-253166596,1749306670678,0,0.059,0.058303,68.66,ETH-25JUL25-2800-C,2511.52,buy,1.0,,,1.0,,,,,1749306670.678
703,ETH-253167433,1749307422177,2,0.0585,0.059227,67.7,ETH-25JUL25-2800-C,2517.88,buy,87.0,,,87.0,,,,,1749307422.177
704,ETH-253167434,1749307422177,3,0.0585,0.059227,67.7,ETH-25JUL25-2800-C,2517.88,buy,115.0,,,115.0,,,,,1749307422.177
705,ETH-253167435,1749307422332,3,0.0585,0.059227,67.69,ETH-25JUL25-2800-C,2518.01,buy,1.0,,,1.0,,,,,1749307422.332
707,ETH-253167441,1749307423072,3,0.0585,0.059227,67.69,ETH-25JUL25-2800-C,2518.01,buy,1.0,,,1.0,,,,,1749307423.072
706,ETH-253167440,1749307423072,3,0.0585,0.059227,67.69,ETH-25JUL25-2800-C,2518.01,buy,3.0,,,3.0,,,,,1749307423.072
708,ETH-253167447,1749307424368,3,0.0585,0.059221,67.68,ETH-25JUL25-2800-C,2518.15,buy,2.0,,,2.0,,,,,1749307424.368
709,ETH-253168084,1749308100944,0,0.059,0.0588,68.3,ETH-25JUL25-2800-C,2515.66,buy,1.0,,,1.0,,,,,1749308100.944
710,ETH-253182237,1749335549670,0,0.06,0.059136,67.72,ETH-25JUL25-2800-C,2532.51,buy,1.0,,,1.0,,,,,1749335549.67
711,ETH-253182540,1749335553358,0,0.0605,0.059945,67.53,ETH-25JUL25-2800-C,2538.04,buy,1.0,,,1.0,,,,,1749335553.358
713,ETH-253207141,1749385265524,3,0.056,0.05563,67.11,ETH-25JUL25-2800-C,2513.25,buy,1.0,,,1.0,,,,,1749385265.524
712,ETH-253207140,1749385265524,2,0.056,0.05563,67.11,ETH-25JUL25-2800-C,2513.25,buy,2.0,,,2.0,,,,,1749385265.524
714,ETH-253207142,1749385265526,3,0.056,0.05563,67.11,ETH-25JUL25-2800-C,2513.25,sell,63.0,,,63.0,,,,,1749385265.526
715,ETH-253217887,1749406508432,0,0.059,0.058612,67.51,ETH-25JUL25-2800-C,2533.34,buy,1.0,,,1.0,,,,,1749406508.432
716,ETH-253225239,1749420799291,2,0.0575,0.057686,67.3,ETH-25JUL25-2800-C,2526.1,buy,1.0,,,1.0,,,,,1749420799.291
717,ETH-253225573,1749420803319,0,0.0577,0.057461,67.91,ETH-25JUL25-2800-C,2521.47,sell,50.0,,,50.0,ETH-CS-25JUL25-2800_3200,ETH-253225572,,,1749420803.319
718,ETH-253236643,1749429900129,2,0.055,0.055273,67.52,ETH-25JUL25-2800-C,2504.85,sell,7.0,,,7.0,,,,,1749429900.129
719,ETH-253241192,1749435736272,2,0.054,0.054207,67.16,ETH-25JUL25-2800-C,2502.26,buy,1.0,,,1.0,,,,,1749435736.272
720,ETH-253258917,1749462821958,3,0.054,0.054276,66.01,ETH-25JUL25-2800-C,2517.6,buy,4.0,,,4.0,,,,,1749462821.958
721,ETH-253258918,1749462822101,3,0.054,0.054276,66.01,ETH-25JUL25-2800-C,2517.6,buy,3.0,,,3.0,,,,,1749462822.101
722,ETH-253259322,1749463212028,2,0.053,0.052967,65.88,ETH-25JUL25-2800-C,2511.25,buy,2.0,,,2.0,,,,,1749463212.028
723,ETH-253259324,1749463213790,3,0.053,0.052982,65.86,ETH-25JUL25-2800-C,2511.45,buy,1.0,,,1.0,,,,,1749463213.79
724,ETH-253259326,1749463214515,3,0.053,0.052993,65.84,ETH-25JUL25-2800-C,2511.59,buy,1.0,,,1.0,,,,,1749463214.515
725,ETH-253259327,1749463214626,3,0.053,0.052993,65.84,ETH-25JUL25-2800-C,2511.59,buy,14.0,,,14.0,,,,,1749463214.626
726,ETH-253259328,1749463214780,3,0.053,0.052993,65.84,ETH-25JUL25-2800-C,2511.59,buy,1.0,,,1.0,,,,,1749463214.78
727,ETH-253259330,1749463217417,3,0.053,0.053042,65.79,ETH-25JUL25-2800-C,2512.12,buy,3.0,,,3.0,,,,,1749463217.417
728,ETH-253259331,1749463217478,3,0.053,0.053042,65.79,ETH-25JUL25-2800-C,2512.12,buy,1.0,,,1.0,,,,,1749463217.478
729,ETH-253259425,1749463270989,3,0.053,0.053037,65.74,ETH-25JUL25-2800-C,2512.49,buy,180.0,,,180.0,,,,,1749463270.989
730,ETH-253291414,1749481213666,0,0.0555,0.055606,65.98,ETH-25JUL25-2800-C,2531.79,buy,3.0,,,3.0,,,,,1749481213.666
732,ETH-253292466,1749482033426,1,0.057,0.056726,66.14,ETH-25JUL25-2800-C,2541.59,buy,4.0,,,4.0,,,,,1749482033.426
731,ETH-253292465,1749482033426,0,0.057,0.056726,66.14,ETH-25JUL25-2800-C,2541.59,buy,1.0,,,1.0,,,,,1749482033.426
733,ETH-253295198,1749485139657,1,0.057,0.056743,66.2,ETH-25JUL25-2800-C,2541.49,buy,1.0,,,1.0,,,,,1749485139.657
734,ETH-253301643,1749485773671,0,0.0585,0.058663,65.96,ETH-25JUL25-2800-C,2553.72,sell,1.0,,,1.0,,,,,1749485773.671
735,ETH-253301857,1749485787870,2,0.058,0.058144,65.93,ETH-25JUL25-2800-C,2550.26,sell,1.0,,,1.0,,,,,1749485787.87
736,ETH-253306932,1749486164204,0,0.0585,0.058459,65.77,ETH-25JUL25-2800-C,2555.6,buy,200.0,,,200.0,,,,,1749486164.204
737,ETH-253307057,1749486177176,1,0.0585,0.058424,65.81,ETH-25JUL25-2800-C,2555.32,buy,4.0,,,4.0,,,,,1749486177.176
739,ETH-253307059,1749486177176,1,0.0585,0.058424,65.81,ETH-25JUL25-2800-C,2555.32,buy,3.0,,,3.0,,,,,1749486177.176
738,ETH-253307058,1749486177176,1,0.0585,0.058424,65.81,ETH-25JUL25-2800-C,2555.32,buy,4.0,,,4.0,,,,,1749486177.176
740,ETH-253328498,1749494046198,0,0.0625,0.062168,66.19,ETH-25JUL25-2800-C,2581.79,buy,1.0,,,1.0,,,,,1749494046.198
741,ETH-253329179,1749494346862,2,0.062,0.061797,66.11,ETH-25JUL25-2800-C,2579.18,sell,1.0,,,1.0,,,,,1749494346.862
742,ETH-253329472,1749494420727,3,0.062,0.06159,66.25,ETH-25JUL25-2800-C,2577.89,buy,1.0,,,1.0,,,,,1749494420.727
743,ETH-253329473,1749494422460,3,0.062,0.061576,66.25,ETH-25JUL25-2800-C,2577.91,buy,1.0,,,1.0,,,,,1749494422.46
744,ETH-253329474,1749494423820,3,0.062,0.061579,66.27,ETH-25JUL25-2800-C,2577.7,buy,1.0,,,1.0,,,,,1749494423.82
745,ETH-253329835,1749494957431,2,0.061,0.061092,65.85,ETH-25JUL25-2800-C,2574.65,buy,1.0,,,1.0,,,,,1749494957.431
746,ETH-253330583,1749495822243,0,0.062,0.062364,65.64,ETH-25JUL25-2800-C,2584.09,buy,12.0,,,12.0,,,,,1749495822.243
747,ETH-253330584,1749495822309,1,0.062,0.062364,65.64,ETH-25JUL25-2800-C,2584.09,buy,1.0,,,1.0,,,,,1749495822.309
748,ETH-253330969,1749496363299,2,0.061,0.061274,65.31,ETH-25JUL25-2800-C,2580.38,sell,191.0,,,191.0,,,,,1749496363.299
749,ETH-253330970,1749496363423,2,0.0605,0.061274,64.94,ETH-25JUL25-2800-C,2580.38,sell,4.0,,,4.0,,,,,1749496363.423
750,ETH-253330971,1749496363517,3,0.0605,0.061274,64.94,ETH-25JUL25-2800-C,2580.38,sell,3.0,,,3.0,,,,,1749496363.517
752,ETH-253341957,1749503506599,1,0.0675,0.067732,65.32,ETH-25JUL25-2800-C,2626.75,buy,150.0,,,150.0,,,,,1749503506.599
751,ETH-253341956,1749503506599,0,0.0675,0.067732,65.32,ETH-25JUL25-2800-C,2626.75,buy,3.0,,,3.0,,,,,1749503506.599
754,ETH-253341961,1749503506607,1,0.0675,0.067732,65.32,ETH-25JUL25-2800-C,2626.75,buy,4.0,,,4.0,,,,,1749503506.607
753,ETH-253341960,1749503506607,1,0.0675,0.067732,65.32,ETH-25JUL25-2800-C,2626.75,buy,54.0,,,54.0,,,,,1749503506.607
755,ETH-253368900,1749513569601,0,0.078,0.077234,67.04,ETH-25JUL25-2800-C,2681.07,buy,1.0,,,1.0,,,,,1749513569.601
756,ETH-253369187,1749513757557,2,0.0775,0.077221,66.82,ETH-25JUL25-2800-C,2680.23,sell,25.0,,,25.0,,,,,1749513757.557
757,ETH-253375744,1749515067509,0,0.0825,0.081949,66.84,ETH-25JUL25-2800-C,2710.99,buy,1.0,,,1.0,,,,,1749515067.509
758,ETH-253378608,1749515662543,0,0.083,0.083445,66.24,ETH-25JUL25-2800-C,2720.02,buy,1.0,,,1.0,,,,,1749515662.543
759,ETH-253383077,1749517651030,2,0.0805,0.081122,66.05,ETH-25JUL25-2800-C,2706.29,sell,1.0,,,1.0,,,,,1749517651.03
760,ETH-253386157,1749520569103,3,0.0805,0.080591,65.95,ETH-25JUL25-2800-C,2707.23,buy,1.0,,,1.0,,,,,1749520569.103
761,ETH-253397708,1749530275572,2,0.0785,0.077923,66.73,ETH-25JUL25-2800-C,2687.75,buy,1.0,,,1.0,,,,,1749530275.572
762,ETH-253397709,1749530275572,3,0.0785,0.077923,66.73,ETH-25JUL25-2800-C,2687.75,buy,99.0,,,99.0,,,,,1749530275.572
763,ETH-253398120,1749530609347,0,0.079,0.078725,66.63,ETH-25JUL25-2800-C,2691.81,buy,1.0,,,1.0,,,,,1749530609.347
764,ETH-253398156,1749530631321,1,0.079,0.078905,66.62,ETH-25JUL25-2800-C,2691.94,sell,99.0,,,99.0,,,,,1749530631.321
766,ETH-253405426,1749534254697,3,0.077,0.076636,66.68,ETH-25JUL25-2800-C,2678.46,buy,4.0,,,4.0,,,,,1749534254.697
765,ETH-253405425,1749534254697,2,0.077,0.076636,66.68,ETH-25JUL25-2800-C,2678.46,buy,1.0,,,1.0,,,,,1749534254.697
767,ETH-253407090,1749535448455,2,0.074,0.074415,66.11,ETH-25JUL25-2800-C,2664.16,buy,1.0,,,1.0,,,,,1749535448.455
768,ETH-253407123,1749535463472,2,0.0735,0.074212,65.88,ETH-25JUL25-2800-C,2663.03,sell,1.0,,,1.0,,,,,1749535463.472
769,ETH-253407124,1749535464619,3,0.0735,0.074222,65.88,ETH-25JUL25-2800-C,2663.08,sell,1.0,,,1.0,,,,,1749535464.619
770,ETH-253407125,1749535466045,3,0.0735,0.074227,65.89,ETH-25JUL25-2800-C,2662.99,sell,1.0,,,1.0,,,,,1749535466.045
771,ETH-253407126,1749535468928,0,0.074,0.074217,66.25,ETH-25JUL25-2800-C,2663.0,buy,1.0,,,1.0,,,,,1749535468.928
772,ETH-253407683,1749535615224,1,0.074,0.073803,66.54,ETH-25JUL25-2800-C,2660.25,sell,1.0,,,1.0,,,,,1749535615.224
773,ETH-253412008,1749539971550,0,0.0754,0.075904,66.18,ETH-25JUL25-2800-C,2672.99,sell,250.0,2.0,BLOCK-204279,250.0,ETH-CDIAG-25JUL25_13JUN25-2800_2550,,,,1749539971.55
774,ETH-253412222,1749540054016,0,0.076,0.075754,66.74,ETH-25JUL25-2800-C,2672.09,buy,1.0,,,1.0,,,,,1749540054.016
775,ETH-253418888,1749544575454,0,0.078,0.07745,66.96,ETH-25JUL25-2800-C,2683.44,buy,2.0,,,2.0,,,,T,1749544575.454
776,ETH-253423410,1749550152492,0,0.08,0.079636,67.31,ETH-25JUL25-2800-C,2693.42,sell,1.0,,,1.0,,,,,1749550152.492
777,ETH-253427490,1749554109289,0,0.0835,0.082441,68.02,ETH-25JUL25-2800-C,2708.97,buy,1.0,,,1.0,,,,,1749554109.289
778,ETH-253428411,1749554191423,0,0.086,0.08523,67.86,ETH-25JUL25-2800-C,2726.14,buy,1.0,,,1.0,,,,,1749554191.423
779,ETH-253428577,1749554192176,2,0.0844,0.085266,66.56,ETH-25JUL25-2800-C,2727.57,sell,152.0,2.0,BLOCK-204320,152.0,ETH-CDIAG-25JUL25_13JUN25-2800_2550,,,,1749554192.176
780,ETH-253430559,1749554323278,0,0.089,0.088458,67.71,ETH-25JUL25-2800-C,2746.83,sell,187.0,,,187.0,,,,,1749554323.278
781,ETH-253430560,1749554323282,1,0.089,0.088458,67.71,ETH-25JUL25-2800-C,2746.83,sell,10.0,,,10.0,,,,,1749554323.282
782,ETH-253430564,1749554324291,1,0.089,0.088458,67.65,ETH-25JUL25-2800-C,2747.27,sell,179.0,,,179.0,,,,,1749554324.291
783,ETH-253430565,1749554324481,1,0.089,0.088458,67.65,ETH-25JUL25-2800-C,2747.27,sell,124.0,,,124.0,,,,,1749554324.481
784,ETH-253432693,1749554683469,0,0.0895,0.088846,67.86,ETH-25JUL25-2800-C,2748.06,buy,1.0,,,1.0,,,,,1749554683.469
785,ETH-253433077,1749554823918,1,0.0895,0.089271,67.59,ETH-25JUL25-2800-C,2750.13,buy,1.0,,,1.0,,,,,1749554823.918
786,ETH-253433105,1749554832782,1,0.0895,0.089288,67.51,ETH-25JUL25-2800-C,2750.86,buy,24.0,,,24.0,,,,,1749554832.782
787,ETH-253437095,1749555419193,0,0.094,0.093589,68.03,ETH-25JUL25-2800-C,2774.23,sell,1.0,,,1.0,,,,,1749555419.193
788,ETH-253439797,1749555901469,0,0.096,0.096308,67.61,ETH-25JUL25-2800-C,2789.71,buy,5.0,,,5.0,,,,,1749555901.469
789,ETH-253445849,1749557609824,2,0.0905,0.091214,67.97,ETH-25JUL25-2800-C,2752.88,sell,5.0,,,5.0,,,,,1749557609.824
790,ETH-253445850,1749557609826,3,0.0905,0.091214,67.97,ETH-25JUL25-2800-C,2752.88,buy,1.0,,,1.0,,,,,1749557609.826
791,ETH-253449521,1749559227207,0,0.0924,0.092017,69.13,ETH-25JUL25-2800-C,2754.01,buy,250.0,2.0,BLOCK-204364,250.0,ETH-CCAL-25JUL25_27JUN25-2800,,,,1749559227.207
792,ETH-253449553,1749559266551,2,0.092,0.092193,68.66,ETH-25JUL25-2800-C,2755.45,buy,125.0,2.0,BLOCK-204365,125.0,ETH-CCAL-25JUL25_27JUN25-2800,,,,1749559266.551
793,ETH-253450291,1749559472081,0,0.095,0.093763,69.78,ETH-25JUL25-2800-C,2764.68,buy,36.0,,,36.0,,,,,1749559472.081
794,ETH-253450300,1749559472233,1,0.095,0.093763,69.78,ETH-25JUL25-2800-C,2764.68,buy,30.0,,,30.0,,,,,1749559472.233
795,ETH-253453786,1749561308044,0,0.096,0.095868,69.46,ETH-25JUL25-2800-C,2773.97,sell,25.0,,,25.0,,,,,1749561308.044
796,ETH-253454377,1749561492090,1,0.096,0.095961,69.41,ETH-25JUL25-2800-C,2774.43,buy,91.0,,,91.0,,,,,1749561492.09
797,ETH-253454378,1749561492110,1,0.096,0.096006,69.4,ETH-25JUL25-2800-C,2774.56,buy,70.0,,,70.0,,,,,1749561492.11
798,ETH-253454379,1749561492254,1,0.096,0.096006,69.4,ETH-25JUL25-2800-C,2774.56,buy,39.0,,,39.0,,,,,1749561492.254
799,ETH-253454433,1749561530037,1,0.096,0.095926,69.6,ETH-25JUL25-2800-C,2772.75,buy,1.0,,,1.0,,,,,1749561530.037
800,ETH-253454569,1749561615161,1,0.096,0.09613,69.61,ETH-25JUL25-2800-C,2772.61,sell,1.0,,,1.0,,,,,1749561615.161
801,ETH-253455575,1749561936236,2,0.0955,0.095697,69.77,ETH-25JUL25-2800-C,2768.05,sell,14.0,,,14.0,,,,,1749561936.236
802,ETH-253455940,1749562103269,3,0.0955,0.095545,69.85,ETH-25JUL25-2800-C,2767.43,sell,11.0,,,11.0,,,,,1749562103.269
803,ETH-253458594,1749562483718,2,0.092,0.091828,69.78,ETH-25JUL25-2800-C,2746.92,buy,1.0,,,1.0,,,,,1749562483.718
804,ETH-253458653,1749562500848,3,0.092,0.092006,69.6,ETH-25JUL25-2800-C,2748.42,buy,1.0,,,1.0,,,,,1749562500.848
805,ETH-253462371,1749563126215,2,0.0887,0.088652,69.74,ETH-25JUL25-2800-C,2726.66,buy,125.0,2.0,BLOCK-204382,125.0,ETH-CCAL-25JUL25_27JUN25-2800,,,,1749563126.215
806,ETH-253466297,1749564583186,0,0.09,0.089909,69.77,ETH-25JUL25-2800-C,2734.8,buy,250.0,2.0,BLOCK-204402,250.0,ETH-CCAL-25JUL25_27JUN25-2800,,,,1749564583.186
807,ETH-253467850,1749564959405,0,0.0917,0.091684,69.94,ETH-25JUL25-2800-C,2744.18,buy,250.0,2.0,BLOCK-204409,250.0,ETH-CCAL-25JUL25_27JUN25-2800,,,,1749564959.405
808,ETH-253468475,1749565226950,2,0.091,0.090806,70.05,ETH-25JUL25-2800-C,2739.07,buy,1.0,,,1.0,,,,,1749565226.95
809,ETH-253475092,1749567801839,2,0.0905,0.090489,69.89,ETH-25JUL25-2800-C,2737.81,buy,1.0,,,1.0,,,,,1749567801.839
810,ETH-253475126,1749567803483,3,0.0905,0.090503,69.88,ETH-25JUL25-2800-C,2737.9,buy,1.0,,,1.0,,,,,1749567803.483
811,ETH-253478425,1749569116996,0,0.091,0.090996,70.03,ETH-25JUL25-2800-C,2739.26,buy,1.0,,,1.0,,,,,1749569116.996
812,ETH-253478682,1749569312893,2,0.09,0.090837,69.41,ETH-25JUL25-2800-C,2738.51,sell,50.0,,,50.0,,,,,1749569312.893
813,ETH-253480250,1749569569104,2,0.087,0.086875,70.05,ETH-25JUL25-2800-C,2713.94,buy,1.0,,,1.0,,,,,1749569569.104
814,ETH-253484429,1749570232046,0,0.0875,0.087224,70.33,ETH-25JUL25-2800-C,2714.76,sell,85.0,,,85.0,,,,,1749570232.046
815,ETH-253491710,1749572597796,0,0.091,0.090589,70.52,ETH-25JUL25-2800-C,2735.39,buy,1.0,,,1.0,,,,,1749572597.796
816,ETH-253491893,1749572646911,2,0.0908,0.090862,70.25,ETH-25JUL25-2800-C,2736.33,buy,250.0,2.0,BLOCK-204451,250.0,ETH-CCAL-25JUL25_27JUN25-2800,,,,1749572646.911
817,ETH-253493120,1749573086306,0,0.0909,0.090974,70.0,ETH-25JUL25-2800-C,2739.6,buy,250.0,2.0,BLOCK-204453,250.0,ETH-CCAL-25JUL25_27JUN25-2800,,,,1749573086.306
818,ETH-253496633,1749574683402,2,0.0905,0.090529,70.32,ETH-25JUL25-2800-C,2734.08,sell,1.0,,,1.0,,,,,1749574683.402
819,ETH-253496705,1749574687275,3,0.0905,0.09039,70.39,ETH-25JUL25-2800-C,2733.48,sell,23.0,,,23.0,,,,,1749574687.275
820,ETH-253496742,1749574693113,3,0.0905,0.090367,70.42,ETH-25JUL25-2800-C,2733.25,sell,1.0,,,1.0,,,,,1749574693.113
821,ETH-253500093,1749576618486,0,0.0915,0.091512,70.4,ETH-25JUL25-2800-C,2739.86,sell,8.0,,,8.0,,,,,1749576618.486
822,ETH-253500096,1749576618603,1,0.0915,0.091512,70.41,ETH-25JUL25-2800-C,2739.73,sell,1.0,,,1.0,,,,,1749576618.603
823,ETH-253500105,1749576619634,1,0.0915,0.091499,70.47,ETH-25JUL25-2800-C,2739.23,sell,1.0,,,1.0,,,,,1749576619.634
824,ETH-253500345,1749576669865,1,0.0915,0.091467,70.53,ETH-25JUL25-2800-C,2738.27,sell,15.0,,,15.0,,,,,1749576669.865
827,ETH-253501593,1749577291046,3,0.0905,0.091279,69.74,ETH-25JUL25-2800-C,2739.4,sell,100.0,,,100.0,,,,,1749577291.046
826,ETH-253501592,1749577291046,3,0.0905,0.091279,69.74,ETH-25JUL25-2800-C,2739.4,sell,10.0,,,10.0,,,,,1749577291.046
828,ETH-253501594,1749577291046,3,0.0905,0.091279,69.74,ETH-25JUL25-2800-C,2739.4,sell,40.0,,,40.0,,,,,1749577291.046
825,ETH-253501591,1749577291046,2,0.0905,0.091279,69.74,ETH-25JUL25-2800-C,2739.4,sell,50.0,,,50.0,,,,,1749577291.046
829,ETH-253507179,1749580929734,0,0.0915,0.091633,69.9,ETH-25JUL25-2800-C,2744.27,buy,154.0,,,154.0,,,,,1749580929.734
830,ETH-253507205,1749580951330,1,0.0915,0.09155,69.88,ETH-25JUL25-2800-C,2744.65,buy,60.0,,,60.0,,,,,1749580951.33
831,ETH-253507206,1749580951335,1,0.0915,0.09155,69.88,ETH-25JUL25-2800-C,2744.65,buy,60.0,,,60.0,,,,,1749580951.335
832,ETH-253507207,1749580952103,1,0.0915,0.091543,69.85,ETH-25JUL25-2800-C,2744.87,buy,26.0,,,26.0,,,,,1749580952.103
834,ETH-253508458,1749581268294,1,0.094,0.093306,70.48,ETH-25JUL25-2800-C,2754.41,buy,5.0,,,5.0,,,,,1749581268.294
833,ETH-253508457,1749581268294,0,0.094,0.093306,70.48,ETH-25JUL25-2800-C,2754.41,buy,1.0,,,1.0,,,,,1749581268.294
835,ETH-253508766,1749581290891,2,0.0938,0.093721,70.07,ETH-25JUL25-2800-C,2756.84,buy,156.0,2.0,BLOCK-204459,156.0,ETH-CCAL-25JUL25_27JUN25-2800,,,,1749581290.891
836,ETH-253509771,1749581444911,0,0.095,0.094446,70.47,ETH-25JUL25-2800-C,2760.79,buy,1.0,,,1.0,,,,,1749581444.911
838,ETH-253518031,1749583853298,1,0.099,0.098464,71.13,ETH-25JUL25-2800-C,2779.56,buy,19.0,,,19.0,,,,,1749583853.298
837,ETH-253518030,1749583853298,0,0.099,0.098464,71.13,ETH-25JUL25-2800-C,2779.56,buy,1.0,,,1.0,,,,,1749583853.298
839,ETH-253523052,1749584498272,0,0.1025,0.102145,71.05,ETH-25JUL25-2800-C,2802.05,buy,10.0,,,10.0,,,,,1749584498.272
840,ETH-253534931,1749589068745,2,0.0975,0.097142,70.85,ETH-25JUL25-2800-C,2773.31,buy,1.0,,,1.0,,,,,1749589068.745
841,ETH-253552139,1749594903253,0,0.1055,0.105696,71.38,ETH-25JUL25-2800-C,2816.33,sell,1.0,,,1.0,,,,,1749594903.253
842,ETH-253576586,1749607843523,2,0.1017,0.101368,71.34,ETH-25JUL25-2800-C,2797.5,buy,200.0,,,200.0,ETH-CS-25JUL25-2800_3200,ETH-253576585,,,1749607843.523
843,ETH-253576592,1749607858985,0,0.1019,0.101501,71.34,ETH-25JUL25-2800-C,2798.44,buy,22.0,,,22.0,ETH-CS-25JUL25-2800_3200,ETH-253576591,,,1749607858.985
844,ETH-253577124,1749608494034,2,0.0993,0.098869,71.2,ETH-25JUL25-2800-C,2783.9,sell,500.0,2.0,BLOCK-204508,500.0,,,5955.0,,1749608494.034
845,ETH-253577307,1749608802934,2,0.0992,0.098867,70.96,ETH-25JUL25-2800-C,2785.1,buy,66.0,,,66.0,ETH-CS-25JUL25-2800_3200,ETH-253577305,,,1749608802.934
846,ETH-253577601,1749609174291,2,0.0971,0.097877,70.12,ETH-25JUL25-2800-C,2779.72,sell,500.0,2.0,BLOCK-204510,500.0,,,5959.0,,1749609174.291
847,ETH-253577896,1749609734823,0,0.0985,0.098569,70.44,ETH-25JUL25-2800-C,2785.27,sell,2.0,,,2.0,,,,,1749609734.823
848,ETH-253577897,1749609734863,1,0.0985,0.098569,70.44,ETH-25JUL25-2800-C,2785.27,sell,3.0,,,3.0,,,,,1749609734.863
849,ETH-253577898,1749609734986,1,0.0985,0.098569,70.44,ETH-25JUL25-2800-C,2785.27,sell,7.0,,,7.0,,,,,1749609734.986
850,ETH-253577899,1749609735046,1,0.0985,0.098569,70.44,ETH-25JUL25-2800-C,2785.27,sell,3.0,,,3.0,,,,,1749609735.046
851,ETH-253577900,1749609735087,1,0.0985,0.098569,70.44,ETH-25JUL25-2800-C,2785.27,sell,5.0,,,5.0,,,,,1749609735.087
852,ETH-253580042,1749611032239,2,0.098,0.098144,70.31,ETH-25JUL25-2800-C,2783.35,sell,6.0,,,6.0,,,,,1749611032.239
853,ETH-253580287,1749611234187,0,0.099,0.098838,70.55,ETH-25JUL25-2800-C,2787.34,sell,3.0,,,3.0,,,,,1749611234.187
854,ETH-253580334,1749611292397,1,0.099,0.09876,70.62,ETH-25JUL25-2800-C,2786.86,sell,2.0,,,2.0,,,,,1749611292.397
855,ETH-253580461,1749611384843,0,0.0995,0.099416,70.54,ETH-25JUL25-2800-C,2790.43,sell,1.0,,,1.0,,,,,1749611384.843
856,ETH-253580798,1749611711708,2,0.099,0.09916,70.32,ETH-25JUL25-2800-C,2789.24,sell,1.0,,,1.0,,,,,1749611711.708
857,ETH-253580832,1749611731998,3,0.099,0.099254,70.25,ETH-25JUL25-2800-C,2789.99,sell,1.0,,,1.0,,,,,1749611731.998
858,ETH-253580898,1749611788582,2,0.0985,0.09875,70.29,ETH-25JUL25-2800-C,2786.68,sell,1.0,,,1.0,,,,,1749611788.582
859,ETH-253580900,1749611789279,3,0.0985,0.09875,70.29,ETH-25JUL25-2800-C,2786.68,sell,2.0,,,2.0,,,,,1749611789.279
860,ETH-253581206,1749612005710,0,0.0995,0.099133,70.72,ETH-25JUL25-2800-C,2788.95,sell,1.0,,,1.0,,,,,1749612005.71
861,ETH-253581506,1749612197548,1,0.0995,0.099736,70.25,ETH-25JUL25-2800-C,2792.89,sell,1.0,,,1.0,,,,,1749612197.548
862,ETH-253581788,1749612413664,1,0.0995,0.099422,70.45,ETH-25JUL25-2800-C,2791.58,sell,1.0,,,1.0,,,,,1749612413.664
863,ETH-253584203,1749614288872,1,0.0995,0.099241,70.43,ETH-25JUL25-2800-C,2791.49,sell,1.0,,,1.0,,,,,1749614288.872
864,ETH-253584204,1749614288943,1,0.0995,0.099238,70.43,ETH-25JUL25-2800-C,2791.47,sell,1.0,,,1.0,,,,,1749614288.943
865,ETH-253584216,1749614298010,2,0.099,0.099158,70.12,ETH-25JUL25-2800-C,2791.16,sell,1.0,,,1.0,,,,,1749614298.01
866,ETH-253586868,1749616288630,0,0.1,0.099723,70.22,ETH-25JUL25-2800-C,2796.42,sell,1.0,,,1.0,,,,,1749616288.63
867,ETH-253588613,1749618024343,1,0.1,0.099882,70.24,ETH-25JUL25-2800-C,2796.94,sell,1.0,,,1.0,,,,,1749618024.343
868,ETH-253590956,1749621657540,1,0.1,0.09995,70.46,ETH-25JUL25-2800-C,2795.41,sell,1.0,,,1.0,,,,,1749621657.54
869,ETH-253592967,1749623900730,2,0.098,0.097728,70.61,ETH-25JUL25-2800-C,2782.09,buy,1.0,,,1.0,,,,,1749623900.73
870,ETH-253593238,1749624240465,0,0.099,0.09853,70.74,ETH-25JUL25-2800-C,2787.32,buy,2.0,,,2.0,,,,,1749624240.465
871,ETH-253593352,1749624422651,2,0.0985,0.098039,70.71,ETH-25JUL25-2800-C,2784.31,buy,1.0,,,1.0,,,,,1749624422.651
872,ETH-253593353,1749624422653,3,0.0985,0.098039,70.71,ETH-25JUL25-2800-C,2784.31,sell,2.0,,,2.0,,,,,1749624422.653
873,ETH-253593446,1749624478068,2,0.098,0.097976,70.4,ETH-25JUL25-2800-C,2783.83,sell,2.0,,,2.0,,,,,1749624478.068
874,ETH-253593447,1749624478639,3,0.098,0.097965,70.4,ETH-25JUL25-2800-C,2783.84,sell,1.0,,,1.0,,,,,1749624478.639
875,ETH-253614948,1749637844259,2,0.094,0.094224,69.48,ETH-25JUL25-2800-C,2769.81,buy,1.0,,,1.0,,,,,1749637844.259
876,ETH-253617124,1749640416898,0,0.0945,0.094128,70.07,ETH-25JUL25-2800-C,2768.47,buy,1.0,,,1.0,,,,,1749640416.898
877,ETH-253617125,1749640416899,1,0.0945,0.094128,70.07,ETH-25JUL25-2800-C,2768.47,sell,1.0,,,1.0,,,,,1749640416.899
878,ETH-253617326,1749640746541,2,0.0935,0.093383,69.89,ETH-25JUL25-2800-C,2763.97,buy,2.0,,,2.0,,,,,1749640746.541
879,ETH-253627616,1749644808772,0,0.094,0.093659,69.74,ETH-25JUL25-2800-C,2768.15,buy,4.0,,,4.0,,,,,1749644808.772
880,ETH-253627618,1749644813106,1,0.094,0.093598,69.8,ETH-25JUL25-2800-C,2767.69,buy,4.0,,,4.0,,,,,1749644813.106
881,ETH-253627623,1749644814721,1,0.094,0.093581,69.79,ETH-25JUL25-2800-C,2767.7,buy,4.0,,,4.0,,,,,1749644814.721
882,ETH-253632573,1749645256555,0,0.1,0.09969,69.85,ETH-25JUL25-2800-C,2802.99,buy,1.0,,,1.0,,,,,1749645256.555
883,ETH-253634330,1749645424729,0,0.1005,0.100105,70.03,ETH-25JUL25-2800-C,2804.64,buy,20.0,,,20.0,,,,,1749645424.729
884,ETH-253634637,1749645443999,1,0.1005,0.099637,70.44,ETH-25JUL25-2800-C,2801.27,buy,1.0,,,1.0,,,,,1749645443.999
885,ETH-253641514,1749646755271,1,0.1005,0.100044,70.29,ETH-25JUL25-2800-C,2802.94,buy,1.0,,,1.0,,,,,1749646755.271
886,ETH-253644507,1749648087891,0,0.1018,0.102345,69.6,ETH-25JUL25-2800-C,2815.78,sell,1000.0,2.0,BLOCK-204617,1000.0,ETH-STRD-25JUL25-2800,,,,1749648087.891
887,ETH-253644508,1749648088332,0,0.1019,0.10234,69.67,ETH-25JUL25-2800-C,2815.84,sell,250.0,2.0,BLOCK-204618,250.0,ETH-STRD-25JUL25-2800,,,,1749648088.332
888,ETH-253644857,1749648264021,0,0.102,0.101842,70.13,ETH-25JUL25-2800-C,2812.77,sell,1.0,,,1.0,,,,,1749648264.021
889,ETH-253645144,1749648378817,2,0.1018,0.10217,69.72,ETH-25JUL25-2800-C,2814.88,sell,250.0,2.0,BLOCK-204623,250.0,ETH-STRD-25JUL25-2800,,,,1749648378.817
890,ETH-253655427,1749651341732,0,0.102,0.101642,70.24,ETH-25JUL25-2800-C,2812.43,buy,1.0,,,1.0,,,,,1749651341.732
891,ETH-253663705,1749652446901,0,0.109,0.108516,70.6,ETH-25JUL25-2800-C,2850.46,buy,1.0,,,1.0,,,,,1749652446.901
892,ETH-253667412,1749653267626,2,0.107,0.107087,70.06,ETH-25JUL25-2800-C,2843.33,buy,250.0,2.0,BLOCK-204632,250.0,ETH-CS-25JUL25-2800_3200,,,,1749653267.626
893,ETH-253667607,1749653333714,0,0.1073,0.106775,70.49,ETH-25JUL25-2800-C,2841.88,buy,250.0,2.0,BLOCK-204633,250.0,ETH-CS-25JUL25-2800_3200,,,,1749653333.714
894,ETH-253667733,1749653362149,2,0.1067,0.106624,70.24,ETH-25JUL25-2800-C,2840.15,buy,250.0,2.0,BLOCK-204634,250.0,ETH-CS-25JUL25-2800_3200,,,,1749653362.149
895,ETH-253667957,1749653421872,3,0.1067,0.106154,70.54,ETH-25JUL25-2800-C,2837.73,buy,250.0,2.0,BLOCK-204636,250.0,ETH-CS-25JUL25-2800_3200,,,,1749653421.872
896,ETH-253668127,1749653465020,2,0.1066,0.105901,70.62,ETH-25JUL25-2800-C,2836.33,buy,250.0,2.0,BLOCK-204638,250.0,ETH-CS-25JUL25-2800_3200,,,,1749653465.02
897,ETH-253668171,1749653486055,2,0.1064,0.10628,70.28,ETH-25JUL25-2800-C,2837.75,buy,250.0,2.0,BLOCK-204640,250.0,ETH-CS-25JUL25-2800_3200,,,,1749653486.055
898,ETH-253668307,1749653523178,0,0.1073,0.106933,70.46,ETH-25JUL25-2800-C,2841.38,buy,250.0,2.0,BLOCK-204641,250.0,ETH-CS-25JUL25-2800_3200,,,,1749653523.178
899,ETH-253668414,1749653576750,0,0.1076,0.106951,70.75,ETH-25JUL25-2800-C,2840.9,buy,250.0,2.0,BLOCK-204642,250.0,ETH-CS-25JUL25-2800_3200,,,,1749653576.75
900,ETH-253668523,1749653632271,2,0.107,0.10664,70.55,ETH-25JUL25-2800-C,2838.98,buy,250.0,2.0,BLOCK-204643,250.0,ETH-CS-25JUL25-2800_3200,,,,1749653632.271
901,ETH-253668582,1749653665418,3,0.107,0.106478,70.68,ETH-25JUL25-2800-C,2837.97,buy,250.0,2.0,BLOCK-204644,250.0,ETH-CS-25JUL25-2800_3200,,,,1749653665.418
902,ETH-253668602,1749653675075,2,0.1067,0.106533,70.42,ETH-25JUL25-2800-C,2838.31,buy,250.0,2.0,BLOCK-204645,250.0,ETH-CS-25JUL25-2800_3200,,,,1749653675.075
903,ETH-253668658,1749653699802,2,0.1062,0.106825,69.82,ETH-25JUL25-2800-C,2840.0,buy,250.0,2.0,BLOCK-204646,250.0,ETH-CS-25JUL25-2800_3200,,,,1749653699.802
904,ETH-253669201,1749653824046,0,0.1069,0.106418,70.77,ETH-25JUL25-2800-C,2836.61,buy,250.0,2.0,BLOCK-204648,250.0,ETH-CS-25JUL25-2800_3200,,,,1749653824.046
905,ETH-253669314,1749653866696,2,0.1066,0.106155,70.72,ETH-25JUL25-2800-C,2835.12,buy,250.0,2.0,BLOCK-204649,250.0,ETH-CS-25JUL25-2800_3200,,,,1749653866.696
906,ETH-253669538,1749653945121,0,0.1073,0.106687,70.84,ETH-25JUL25-2800-C,2838.18,buy,250.0,2.0,BLOCK-204650,250.0,ETH-CS-25JUL25-2800_3200,,,,1749653945.121
907,ETH-253669876,1749654052506,0,0.1074,0.106696,70.95,ETH-25JUL25-2800-C,2838.05,buy,250.0,2.0,BLOCK-204651,250.0,ETH-CS-25JUL25-2800_3200,,,,1749654052.506
908,ETH-253675796,1749655825503,0,0.11,0.109335,70.77,ETH-25JUL25-2800-C,2855.22,buy,17.0,,,17.0,,,,,1749655825.503
909,ETH-253675798,1749655825506,1,0.11,0.109335,70.77,ETH-25JUL25-2800-C,2855.22,buy,13.0,,,13.0,,,,,1749655825.506
910,ETH-253684802,1749657491649,0,0.111,0.111068,70.33,ETH-25JUL25-2800-C,2864.0,buy,37.0,,,37.0,,,,,1749657491.649
911,ETH-253684803,1749657491657,1,0.111,0.111068,70.33,ETH-25JUL25-2800-C,2864.0,buy,13.0,,,13.0,,,,,1749657491.657
912,ETH-253687788,1749658241930,2,0.1085,0.108845,70.27,ETH-25JUL25-2800-C,2850.5,sell,10.0,,,10.0,,,,,1749658241.93
913,ETH-253696353,1749661514386,2,0.1065,0.10644,70.39,ETH-25JUL25-2800-C,2838.4,buy,1.0,,,1.0,,,,,1749661514.386
914,ETH-253703082,1749662959943,0,0.112,0.111404,70.75,ETH-25JUL25-2800-C,2867.47,buy,1.0,,,1.0,,,,,1749662959.943
915,ETH-253722669,1749668249337,2,0.104,0.104214,70.14,ETH-25JUL25-2800-C,2826.5,buy,1.0,,,1.0,,,,,1749668249.337
916,ETH-253722670,1749668252852,3,0.104,0.104175,70.22,ETH-25JUL25-2800-C,2825.86,buy,1.0,,,1.0,,,,,1749668252.852
917,ETH-253722701,1749668283720,3,0.104,0.104312,70.12,ETH-25JUL25-2800-C,2826.66,buy,1.0,,,1.0,,,,,1749668283.72
918,ETH-253722764,1749668306777,3,0.104,0.104243,70.12,ETH-25JUL25-2800-C,2826.65,buy,1.0,,,1.0,,,,,1749668306.777
919,ETH-253722808,1749668353881,3,0.104,0.104231,70.14,ETH-25JUL25-2800-C,2826.46,buy,1.0,,,1.0,,,,,1749668353.881
920,ETH-253722809,1749668358294,3,0.104,0.104233,70.13,ETH-25JUL25-2800-C,2826.58,buy,1.0,,,1.0,,,,,1749668358.294
921,ETH-253722970,1749668404810,2,0.1035,0.103552,70.28,ETH-25JUL25-2800-C,2822.62,buy,1.0,,,1.0,,,,,1749668404.81
922,ETH-253753444,1749680514768,2,0.0905,0.090574,68.55,ETH-25JUL25-2800-C,2760.41,sell,1.0,,,1.0,,,,,1749680514.768
923,ETH-253810868,1749727782321,2,0.0835,0.084029,67.15,ETH-25JUL25-2800-C,2733.5,sell,1.0,,,1.0,,,,,1749727782.321
924,ETH-253811675,1749727786762,2,0.0815,0.082484,66.73,ETH-25JUL25-2800-C,2724.69,sell,4.0,,,4.0,,,,T,1749727786.762
925,ETH-253814168,1749728384552,0,0.0835,0.083536,67.61,ETH-25JUL25-2800-C,2729.73,sell,1.0,,,1.0,,,,,1749728384.552
926,ETH-253814690,1749728752666,0,0.0845,0.084273,67.76,ETH-25JUL25-2800-C,2734.8,buy,2.0,,,2.0,,,,,1749728752.666
927,ETH-253814898,1749728770285,2,0.084,0.084388,67.29,ETH-25JUL25-2800-C,2735.68,sell,1.0,,,1.0,,,,,1749728770.285
928,ETH-253824899,1749732133918,0,0.086,0.086003,67.79,ETH-25JUL25-2800-C,2743.99,buy,1.0,,,1.0,,,,,1749732133.918
929,ETH-253825436,1749732536447,2,0.0855,0.08542,67.7,ETH-25JUL25-2800-C,2741.9,buy,3.0,,,3.0,,,,,1749732536.447
930,ETH-253825583,1749732723168,2,0.0845,0.0845,67.63,ETH-25JUL25-2800-C,2736.23,buy,5.0,,,5.0,,,,,1749732723.168
931,ETH-253828044,1749734165441,0,0.0855,0.085134,67.68,ETH-25JUL25-2800-C,2742.43,buy,15.0,,,15.0,,,,,1749734165.441
932,ETH-253832108,1749735443572,0,0.0865,0.086273,67.6,ETH-25JUL25-2800-C,2749.23,buy,6.0,,,6.0,,,,,1749735443.572
933,ETH-253832749,1749735576038,0,0.087,0.086586,67.74,ETH-25JUL25-2800-C,2751.12,buy,2.0,,,2.0,,,,,1749735576.038
934,ETH-253835344,1749737382091,0,0.088,0.087859,67.72,ETH-25JUL25-2800-C,2757.38,sell,1.0,,,1.0,,,,,1749737382.091
935,ETH-253835353,1749737385190,1,0.088,0.087839,67.77,ETH-25JUL25-2800-C,2756.95,sell,3.0,,,3.0,,,,,1749737385.19
936,ETH-253845681,1749743626191,2,0.0825,0.081938,67.83,ETH-25JUL25-2800-C,2721.85,buy,1.0,,,1.0,,,,,1749743626.191
937,ETH-253846513,1749743834170,2,0.0815,0.081522,67.69,ETH-25JUL25-2800-C,2716.7,sell,1.0,,,1.0,,,,,1749743834.17
938,ETH-253854286,1749748533667,0,0.0865,0.086459,67.4,ETH-25JUL25-2800-C,2751.36,sell,1.0,,,1.0,,,,,1749748533.667
939,ETH-253859130,1749752082704,1,0.0865,0.086779,67.14,ETH-25JUL25-2800-C,2754.38,sell,1.0,,,1.0,,,,,1749752082.704
940,ETH-253859138,1749752085898,0,0.087,0.086767,67.55,ETH-25JUL25-2800-C,2754.0,buy,1.0,,,1.0,,,,,1749752085.898
941,ETH-253859183,1749752095805,2,0.086,0.08637,67.11,ETH-25JUL25-2800-C,2751.63,sell,1.0,,,1.0,,,,,1749752095.805
942,ETH-253860262,1749752812129,2,0.0835,0.083732,67.24,ETH-25JUL25-2800-C,2734.8,sell,1.0,,,1.0,,,,,1749752812.129
943,ETH-253862291,1749753403577,0,0.0845,0.084683,67.1,ETH-25JUL25-2800-C,2742.27,sell,1.0,,,1.0,,,,,1749753403.577
944,ETH-253865181,1749754491743,2,0.083,0.083264,67.05,ETH-25JUL25-2800-C,2733.6,sell,1.0,,,1.0,,,,,1749754491.743
945,ETH-253868438,1749756901272,3,0.083,0.083196,66.84,ETH-25JUL25-2800-C,2735.73,sell,1.0,,,1.0,,,,,1749756901.272
946,ETH-253869501,1749757508033,2,0.0805,0.080691,66.85,ETH-25JUL25-2800-C,2720.02,sell,1.0,,,1.0,,,,,1749757508.033
947,ETH-253871345,1749757710998,2,0.0798,0.079411,67.22,ETH-25JUL25-2800-C,2712.06,buy,30.0,,,30.0,ETH-CS-25JUL25-2800_3500,ETH-253871344,,,1749757710.998
948,ETH-253885848,1749760686113,2,0.074,0.074496,67.0,ETH-25JUL25-2800-C,2677.05,sell,15.0,,,15.0,,,,,1749760686.113
949,ETH-253890210,1749761042656,2,0.0715,0.071523,67.33,ETH-25JUL25-2800-C,2658.31,buy,1.0,,,1.0,,,,,1749761042.656
950,ETH-253890211,1749761042658,3,0.0715,0.071523,67.33,ETH-25JUL25-2800-C,2658.31,sell,9.0,,,9.0,,,,,1749761042.658
951,ETH-253890652,1749761050362,2,0.0695,0.070251,66.89,ETH-25JUL25-2800-C,2649.21,buy,2.0,,,2.0,,,,M,1749761050.362
952,ETH-253896623,1749761461946,2,0.068,0.067987,67.29,ETH-25JUL25-2800-C,2634.99,sell,10.0,,,10.0,,,,,1749761461.946
953,ETH-253903248,1749761931640,0,0.0685,0.068295,67.66,ETH-25JUL25-2800-C,2634.85,sell,97.0,,,97.0,,,,,1749761931.64
955,ETH-253903699,1749761978098,1,0.07,0.069334,67.95,ETH-25JUL25-2800-C,2642.18,buy,2.0,,,2.0,,,,,1749761978.098
954,ETH-253903698,1749761978098,0,0.07,0.069334,67.95,ETH-25JUL25-2800-C,2642.18,buy,1.0,,,1.0,,,,,1749761978.098
956,ETH-253916674,1749765978080,1,0.07,0.069859,67.83,ETH-25JUL25-2800-C,2642.88,sell,2.0,,,2.0,,,,,1749765978.08
957,ETH-253928838,1749772964374,2,0.065,0.065859,67.03,ETH-25JUL25-2800-C,2616.74,sell,10.0,,,10.0,,,,,1749772964.374
958,ETH-253940109,1749773443966,2,0.062,0.060978,68.61,ETH-25JUL25-2800-C,2580.76,buy,1.0,,,1.0,,,,,1749773443.966
959,ETH-253940110,1749773443966,3,0.062,0.060978,68.61,ETH-25JUL25-2800-C,2580.76,buy,9.0,,,9.0,,,,,1749773443.966
960,ETH-253946656,1749773559721,2,0.0585,0.05873,68.47,ETH-25JUL25-2800-C,2556.81,sell,10.0,,,10.0,,,,,1749773559.721
961,ETH-253964783,1749774328631,2,0.056,0.056848,67.64,ETH-25JUL25-2800-C,2545.47,buy,28.0,,,28.0,,,,M,1749774328.631
962,ETH-253972497,1749774826762,2,0.0555,0.054403,69.59,ETH-25JUL25-2800-C,2522.69,buy,10.0,,,10.0,,,,,1749774826.762
963,ETH-253998881,1749776611833,2,0.055,0.05507,69.92,ETH-25JUL25-2800-C,2514.74,buy,1.0,,,1.0,,,,,1749776611.833
964,ETH-254008611,1749777055935,2,0.052,0.051897,70.67,ETH-25JUL25-2800-C,2484.69,sell,10.0,,,10.0,,,,,1749777055.935
965,ETH-254008612,1749777055935,3,0.052,0.051897,70.67,ETH-25JUL25-2800-C,2484.69,sell,4.0,,,4.0,,,,,1749777055.935
966,ETH-254028274,1749777827147,0,0.055,0.054997,71.52,ETH-25JUL25-2800-C,2498.71,buy,3.0,,,3.0,,,,,1749777827.147
967,ETH-254028276,1749777827556,1,0.055,0.054978,71.48,ETH-25JUL25-2800-C,2499.13,buy,1.0,,,1.0,,,,,1749777827.556
969,ETH-254028278,1749777827556,1,0.055,0.054978,71.48,ETH-25JUL25-2800-C,2499.13,buy,4.0,,,4.0,,,,,1749777827.556
968,ETH-254028277,1749777827556,1,0.055,0.054978,71.48,ETH-25JUL25-2800-C,2499.13,buy,3.0,,,3.0,,,,,1749777827.556
970,ETH-254028279,1749777827860,1,0.055,0.054978,71.48,ETH-25JUL25-2800-C,2499.13,buy,1.0,,,1.0,,,,,1749777827.86
971,ETH-254028283,1749777829380,1,0.055,0.055024,71.45,ETH-25JUL25-2800-C,2499.44,buy,1.0,,,1.0,,,,,1749777829.38
972,ETH-254028316,1749777832354,1,0.055,0.055051,71.41,ETH-25JUL25-2800-C,2499.8,buy,11.0,,,11.0,,,,,1749777832.354
973,ETH-254029030,1749777953601,1,0.055,0.05507,71.2,ETH-25JUL25-2800-C,2501.97,buy,183.0,,,183.0,,,,,1749777953.601
974,ETH-254046110,1749780225795,2,0.0545,0.054647,71.61,ETH-25JUL25-2800-C,2494.02,buy,124.0,,,124.0,,,,,1749780225.795
976,ETH-254046200,1749780260058,3,0.0545,0.054496,71.61,ETH-25JUL25-2800-C,2493.96,buy,4.0,,,4.0,,,,,1749780260.058
977,ETH-254046201,1749780260058,3,0.0545,0.054496,71.61,ETH-25JUL25-2800-C,2493.96,buy,3.0,,,3.0,,,,,1749780260.058
975,ETH-254046199,1749780260058,3,0.0545,0.054496,71.61,ETH-25JUL25-2800-C,2493.96,buy,76.0,,,76.0,,,,,1749780260.058
978,ETH-254047704,1749780473464,2,0.053,0.053344,71.32,ETH-25JUL25-2800-C,2485.15,buy,2.0,,,2.0,,,,,1749780473.464
979,ETH-254051474,1749781206615,0,0.054,0.053598,71.8,ETH-25JUL25-2800-C,2488.51,sell,3.0,,,3.0,,,,,1749781206.615
980,ETH-254051732,1749781238429,2,0.0535,0.053347,71.64,ETH-25JUL25-2800-C,2486.21,sell,3.0,,,3.0,,,,,1749781238.429
981,ETH-254060642,1749782625575,2,0.05,0.050083,71.47,ETH-25JUL25-2800-C,2459.92,sell,10.0,,,10.0,,,,,1749782625.575
982,ETH-254073497,1749784198793,0,0.0535,0.05409,70.8,ETH-25JUL25-2800-C,2494.93,sell,1.0,,,1.0,,,,,1749784198.793
983,ETH-254074687,1749784422549,0,0.054,0.054348,70.76,ETH-25JUL25-2800-C,2499.44,buy,200.0,,,200.0,,,,,1749784422.549
984,ETH-254074689,1749784422674,1,0.054,0.054348,70.76,ETH-25JUL25-2800-C,2499.44,buy,4.0,,,4.0,,,,,1749784422.674
985,ETH-254074690,1749784422799,1,0.054,0.054348,70.76,ETH-25JUL25-2800-C,2499.44,buy,3.0,,,3.0,,,,,1749784422.799
986,ETH-254076510,1749785023050,1,0.054,0.054177,70.81,ETH-25JUL25-2800-C,2498.63,buy,4.0,,,4.0,,,,,1749785023.05
987,ETH-254076647,1749785085507,1,0.054,0.053998,70.85,ETH-25JUL25-2800-C,2497.97,buy,122.0,,,122.0,,,,,1749785085.507
988,ETH-254076648,1749785085525,1,0.054,0.053998,70.85,ETH-25JUL25-2800-C,2497.97,buy,4.0,,,4.0,,,,,1749785085.525
989,ETH-254076649,1749785085549,1,0.054,0.053998,70.85,ETH-25JUL25-2800-C,2497.97,buy,1.0,,,1.0,,,,,1749785085.549
990,ETH-254076650,1749785085803,1,0.054,0.053998,70.85,ETH-25JUL25-2800-C,2497.97,buy,1.0,,,1.0,,,,,1749785085.803
991,ETH-254076651,1749785085986,1,0.054,0.053998,70.85,ETH-25JUL25-2800-C,2497.97,buy,1.0,,,1.0,,,,,1749785085.986
992,ETH-254076688,1749785101702,1,0.054,0.054011,70.75,ETH-25JUL25-2800-C,2498.99,buy,1.0,,,1.0,,,,,1749785101.702
993,ETH-254076689,1749785101710,1,0.054,0.054011,70.75,ETH-25JUL25-2800-C,2498.99,buy,1.0,,,1.0,,,,,1749785101.71
994,ETH-254076725,1749785103720,1,0.054,0.054053,70.73,ETH-25JUL25-2800-C,2499.19,buy,1.0,,,1.0,,,,,1749785103.72
995,ETH-254076726,1749785103782,1,0.054,0.054053,70.73,ETH-25JUL25-2800-C,2499.19,buy,2.0,,,2.0,,,,,1749785103.782
996,ETH-254076740,1749785108814,1,0.054,0.054041,70.72,ETH-25JUL25-2800-C,2499.28,buy,67.0,,,67.0,,,,,1749785108.814
997,ETH-254076741,1749785108814,1,0.054,0.054041,70.72,ETH-25JUL25-2800-C,2499.28,buy,3.0,,,3.0,,,,,1749785108.814
999,ETH-254084853,1749787604413,1,0.0545,0.054838,70.38,ETH-25JUL25-2800-C,2507.12,buy,201.0,,,201.0,,,,,1749787604.413
1000,ETH-254084854,1749787604413,1,0.0545,0.054838,70.38,ETH-25JUL25-2800-C,2507.12,buy,4.0,,,4.0,,,,,1749787604.413
998,ETH-254084852,1749787604413,0,0.0545,0.054838,70.38,ETH-25JUL25-2800-C,2507.12,buy,3.0,,,3.0,,,,,1749787604.413
1001,ETH-254088329,1749790363959,0,0.055,0.055495,69.94,ETH-25JUL25-2800-C,2515.68,sell,4.0,,,4.0,,,,,1749790363.959
1002,ETH-254088330,1749790364044,1,0.055,0.055495,69.94,ETH-25JUL25-2800-C,2515.68,sell,3.0,,,3.0,,,,,1749790364.044
1003,ETH-254088331,1749790364129,1,0.055,0.055495,69.94,ETH-25JUL25-2800-C,2515.68,sell,201.0,,,201.0,,,,,1749790364.129
1004,ETH-254090379,1749792248843,1,0.055,0.055127,70.11,ETH-25JUL25-2800-C,2514.26,buy,3.0,,,3.0,,,,,1749792248.843
1005,ETH-254090380,1749792248843,1,0.055,0.055127,70.11,ETH-25JUL25-2800-C,2514.26,buy,48.0,,,48.0,,,,,1749792248.843
1006,ETH-254090381,1749792248858,1,0.055,0.055127,70.11,ETH-25JUL25-2800-C,2514.26,buy,1.0,,,1.0,,,,,1749792248.858
1007,ETH-254090382,1749792248867,1,0.055,0.055127,70.11,ETH-25JUL25-2800-C,2514.26,buy,1.0,,,1.0,,,,,1749792248.867
1008,ETH-254090383,1749792248874,1,0.055,0.055127,70.11,ETH-25JUL25-2800-C,2514.26,buy,7.0,,,7.0,,,,,1749792248.874
1009,ETH-254090384,1749792248968,1,0.055,0.055127,70.11,ETH-25JUL25-2800-C,2514.26,buy,129.0,,,129.0,,,,,1749792248.968
1010,ETH-254090385,1749792248973,1,0.055,0.055127,70.11,ETH-25JUL25-2800-C,2514.26,buy,4.0,,,4.0,,,,,1749792248.973
1011,ETH-254090386,1749792248977,1,0.055,0.055127,70.11,ETH-25JUL25-2800-C,2514.26,buy,2.0,,,2.0,,,,,1749792248.977
1012,ETH-254090387,1749792248983,1,0.055,0.055127,70.11,ETH-25JUL25-2800-C,2514.26,buy,1.0,,,1.0,,,,,1749792248.983
1013,ETH-254090388,1749792249009,1,0.055,0.055127,70.11,ETH-25JUL25-2800-C,2514.26,buy,1.0,,,1.0,,,,,1749792249.009
1014,ETH-254090389,1749792249017,1,0.055,0.055127,70.11,ETH-25JUL25-2800-C,2514.26,buy,1.0,,,1.0,,,,,1749792249.017
1015,ETH-254090390,1749792249110,1,0.055,0.055127,70.11,ETH-25JUL25-2800-C,2514.26,buy,2.0,,,2.0,,,,,1749792249.11
1017,ETH-254090392,1749792249215,1,0.055,0.055127,70.11,ETH-25JUL25-2800-C,2514.26,buy,4.0,,,4.0,,,,,1749792249.215
1016,ETH-254090391,1749792249215,1,0.055,0.055127,70.11,ETH-25JUL25-2800-C,2514.26,buy,4.0,,,4.0,,,,,1749792249.215
1018,ETH-254091379,1749793106242,1,0.055,0.05515,70.19,ETH-25JUL25-2800-C,2513.11,buy,2.0,,,2.0,,,,,1749793106.242
1021,ETH-254098121,1749797477518,1,0.056,0.05613,70.44,ETH-25JUL25-2800-C,2518.57,buy,3.0,,,3.0,,,,,1749797477.518
1019,ETH-254098119,1749797477518,0,0.056,0.05613,70.44,ETH-25JUL25-2800-C,2518.57,buy,4.0,,,4.0,,,,,1749797477.518
1020,ETH-254098120,1749797477518,1,0.056,0.05613,70.44,ETH-25JUL25-2800-C,2518.57,buy,201.0,,,201.0,,,,,1749797477.518
1022,ETH-254102882,1749798885947,0,0.0565,0.056619,70.19,ETH-25JUL25-2800-C,2525.25,buy,3.0,,,3.0,,,,,1749798885.947
1023,ETH-254102883,1749798885947,1,0.0565,0.056619,70.19,ETH-25JUL25-2800-C,2525.25,buy,3.0,,,3.0,,,,,1749798885.947
1024,ETH-254102884,1749798886121,1,0.0565,0.056658,70.17,ETH-25JUL25-2800-C,2525.45,buy,2.0,,,2.0,,,,,1749798886.121
1025,ETH-254102886,1749798889560,1,0.0565,0.056756,70.12,ETH-25JUL25-2800-C,2525.92,buy,130.0,,,130.0,,,,,1749798889.56
1026,ETH-254102887,1749798889565,1,0.0565,0.056756,70.12,ETH-25JUL25-2800-C,2525.92,buy,4.0,,,4.0,,,,,1749798889.565
1027,ETH-254102888,1749798889569,1,0.0565,0.056756,70.12,ETH-25JUL25-2800-C,2525.92,buy,1.0,,,1.0,,,,,1749798889.569
1028,ETH-254102889,1749798889572,1,0.0565,0.056756,70.12,ETH-25JUL25-2800-C,2525.92,buy,1.0,,,1.0,,,,,1749798889.572
1029,ETH-254102890,1749798889576,1,0.0565,0.056756,70.12,ETH-25JUL25-2800-C,2525.92,buy,1.0,,,1.0,,,,,1749798889.576
1030,ETH-254102891,1749798890107,1,0.0565,0.05677,70.12,ETH-25JUL25-2800-C,2525.92,buy,1.0,,,1.0,,,,,1749798890.107
1031,ETH-254102892,1749798890127,1,0.0565,0.05677,70.12,ETH-25JUL25-2800-C,2525.92,buy,1.0,,,1.0,,,,,1749798890.127
1032,ETH-254102894,1749798890160,1,0.0565,0.05677,70.12,ETH-25JUL25-2800-C,2525.92,buy,1.0,,,1.0,,,,,1749798890.16
1033,ETH-254102896,1749798890183,1,0.0565,0.05677,70.12,ETH-25JUL25-2800-C,2525.92,buy,3.0,,,3.0,,,,,1749798890.183
1034,ETH-254102897,1749798890225,1,0.0565,0.05677,70.12,ETH-25JUL25-2800-C,2525.92,buy,1.0,,,1.0,,,,,1749798890.225
1035,ETH-254102898,1749798890252,1,0.0565,0.05677,70.12,ETH-25JUL25-2800-C,2525.92,buy,1.0,,,1.0,,,,,1749798890.252
1036,ETH-254102899,1749798890271,1,0.0565,0.05677,70.12,ETH-25JUL25-2800-C,2525.92,buy,2.0,,,2.0,,,,,1749798890.271
1037,ETH-254102900,1749798890281,1,0.0565,0.05677,70.12,ETH-25JUL25-2800-C,2525.92,buy,1.0,,,1.0,,,,,1749798890.281
1038,ETH-254102901,1749798890322,1,0.0565,0.05677,70.12,ETH-25JUL25-2800-C,2525.92,buy,1.0,,,1.0,,,,,1749798890.322
1039,ETH-254102902,1749798890350,1,0.0565,0.05677,70.12,ETH-25JUL25-2800-C,2525.92,buy,1.0,,,1.0,,,,,1749798890.35
1040,ETH-254102903,1749798890382,1,0.0565,0.05677,70.12,ETH-25JUL25-2800-C,2525.92,buy,3.0,,,3.0,,,,,1749798890.382
1041,ETH-254102904,1749798890421,1,0.0565,0.05677,70.12,ETH-25JUL25-2800-C,2525.92,buy,1.0,,,1.0,,,,,1749798890.421
1042,ETH-254102905,1749798890446,1,0.0565,0.05677,70.12,ETH-25JUL25-2800-C,2525.92,buy,1.0,,,1.0,,,,,1749798890.446
1043,ETH-254102906,1749798890466,1,0.0565,0.05677,70.12,ETH-25JUL25-2800-C,2525.92,buy,2.0,,,2.0,,,,,1749798890.466
1044,ETH-254102907,1749798890490,1,0.0565,0.05677,70.12,ETH-25JUL25-2800-C,2525.92,buy,2.0,,,2.0,,,,,1749798890.49
1045,ETH-254102908,1749798890505,1,0.0565,0.05677,70.12,ETH-25JUL25-2800-C,2525.92,buy,3.0,,,3.0,,,,,1749798890.505
1046,ETH-254102909,1749798890529,1,0.0565,0.05677,70.12,ETH-25JUL25-2800-C,2525.92,buy,2.0,,,2.0,,,,,1749798890.529
1047,ETH-254102910,1749798890549,1,0.0565,0.05677,70.12,ETH-25JUL25-2800-C,2525.92,buy,1.0,,,1.0,,,,,1749798890.549
1048,ETH-254102911,1749798890566,1,0.0565,0.05677,70.12,ETH-25JUL25-2800-C,2525.92,buy,1.0,,,1.0,,,,,1749798890.566
1049,ETH-254102912,1749798890692,1,0.0565,0.05677,70.12,ETH-25JUL25-2800-C,2525.92,buy,6.0,,,6.0,,,,,1749798890.692
1050,ETH-254102914,1749798891013,1,0.0565,0.056759,70.09,ETH-25JUL25-2800-C,2526.26,buy,20.0,,,20.0,,,,,1749798891.013
1052,ETH-254103146,1749799194294,3,0.056,0.056082,70.22,ETH-25JUL25-2800-C,2521.57,buy,4.0,,,4.0,,,,,1749799194.294
1051,ETH-254103145,1749799194294,2,0.056,0.056082,70.22,ETH-25JUL25-2800-C,2521.57,buy,4.0,,,4.0,,,,,1749799194.294
1053,ETH-254108327,1749800207587,0,0.057,0.05717,70.12,ETH-25JUL25-2800-C,2529.88,buy,8.0,,,8.0,,,,,1749800207.587
1054,ETH-254108328,1749800207717,1,0.057,0.05717,70.12,ETH-25JUL25-2800-C,2529.88,buy,17.0,,,17.0,,,,,1749800207.717
1055,ETH-254108335,1749800207863,1,0.057,0.05717,70.12,ETH-25JUL25-2800-C,2529.88,buy,4.0,,,4.0,,,,,1749800207.863
1056,ETH-254108342,1749800207940,1,0.057,0.05717,70.12,ETH-25JUL25-2800-C,2529.88,buy,1.0,,,1.0,,,,,1749800207.94
1057,ETH-254108346,1749800208021,1,0.057,0.05717,70.12,ETH-25JUL25-2800-C,2529.88,buy,11.0,,,11.0,,,,,1749800208.021
1058,ETH-254108350,1749800209871,1,0.057,0.057156,70.04,ETH-25JUL25-2800-C,2530.66,buy,3.0,,,3.0,,,,,1749800209.871
1059,ETH-254108351,1749800209921,1,0.057,0.057156,70.04,ETH-25JUL25-2800-C,2530.66,buy,2.0,,,2.0,,,,,1749800209.921
1060,ETH-254108353,1749800211035,1,0.057,0.057247,70.03,ETH-25JUL25-2800-C,2530.77,buy,1.0,,,1.0,,,,,1749800211.035
1061,ETH-254108793,1749800346749,1,0.057,0.057067,70.04,ETH-25JUL25-2800-C,2530.74,buy,155.0,,,155.0,,,,,1749800346.749
1062,ETH-254108794,1749800346749,1,0.057,0.057067,70.04,ETH-25JUL25-2800-C,2530.74,buy,4.0,,,4.0,,,,,1749800346.749
1063,ETH-254108795,1749800346749,1,0.057,0.057067,70.04,ETH-25JUL25-2800-C,2530.74,buy,3.0,,,3.0,,,,,1749800346.749
1064,ETH-254111239,1749800941307,2,0.0565,0.056765,69.87,ETH-25JUL25-2800-C,2529.2,buy,55.0,,,55.0,,,,,1749800941.307
1065,ETH-254112198,1749801167499,0,0.057,0.056955,69.94,ETH-25JUL25-2800-C,2531.73,buy,55.0,,,55.0,,,,,1749801167.499
1066,ETH-254117590,1749802422644,0,0.058,0.058266,69.79,ETH-25JUL25-2800-C,2540.32,buy,3.0,,,3.0,,,,,1749802422.644
1067,ETH-254117600,1749802425552,1,0.058,0.058232,69.81,ETH-25JUL25-2800-C,2540.13,buy,116.0,,,116.0,,,,,1749802425.552
1069,ETH-254117602,1749802425559,1,0.058,0.058232,69.81,ETH-25JUL25-2800-C,2540.13,buy,4.0,,,4.0,,,,,1749802425.559
1068,ETH-254117601,1749802425559,1,0.058,0.058232,69.81,ETH-25JUL25-2800-C,2540.13,buy,86.0,,,86.0,,,,,1749802425.559
1070,ETH-254122178,1749804566297,2,0.0555,0.055686,69.77,ETH-25JUL25-2800-C,2523.1,buy,50.0,,,50.0,,,,,1749804566.297
1072,ETH-254133964,1749809256245,3,0.054,0.05413,69.65,ETH-25JUL25-2800-C,2513.06,buy,202.0,,,202.0,,,,,1749809256.245
1073,ETH-254133965,1749809256245,3,0.054,0.05413,69.65,ETH-25JUL25-2800-C,2513.06,buy,4.0,,,4.0,,,,,1749809256.245
1071,ETH-254133963,1749809256245,2,0.054,0.05413,69.65,ETH-25JUL25-2800-C,2513.06,buy,3.0,,,3.0,,,,,1749809256.245
1076,ETH-254138930,1749812673026,1,0.056,0.056132,69.33,ETH-25JUL25-2800-C,2532.06,buy,3.0,,,3.0,,,,,1749812673.026
1074,ETH-254138928,1749812673026,0,0.056,0.056132,69.33,ETH-25JUL25-2800-C,2532.06,buy,4.0,,,4.0,,,,,1749812673.026
1075,ETH-254138929,1749812673026,1,0.056,0.056132,69.33,ETH-25JUL25-2800-C,2532.06,buy,202.0,,,202.0,,,,,1749812673.026
1077,ETH-254142026,1749815696498,0,0.0575,0.057337,69.63,ETH-25JUL25-2800-C,2540.51,buy,1.0,,,1.0,,,,,1749815696.498
1079,ETH-254143532,1749816251730,1,0.058,0.058017,69.27,ETH-25JUL25-2800-C,2547.8,buy,202.0,,,202.0,,,,,1749816251.73
1080,ETH-254143533,1749816251730,1,0.058,0.058017,69.27,ETH-25JUL25-2800-C,2547.8,buy,3.0,,,3.0,,,,,1749816251.73
1078,ETH-254143531,1749816251730,0,0.058,0.058017,69.27,ETH-25JUL25-2800-C,2547.8,buy,4.0,,,4.0,,,,,1749816251.73
1081,ETH-254147201,1749817444808,0,0.0585,0.058681,69.04,ETH-25JUL25-2800-C,2553.98,buy,202.0,,,202.0,,,,,1749817444.808
1082,ETH-254147202,1749817444808,1,0.0585,0.058681,69.04,ETH-25JUL25-2800-C,2553.98,buy,3.0,,,3.0,,,,,1749817444.808
1083,ETH-254147203,1749817444808,1,0.0585,0.058681,69.04,ETH-25JUL25-2800-C,2553.98,buy,4.0,,,4.0,,,,,1749817444.808
1086,ETH-254155500,1749822668447,1,0.059,0.058943,69.02,ETH-25JUL25-2800-C,2558.63,buy,53.0,,,53.0,,,,,1749822668.447
1084,ETH-254155498,1749822668447,0,0.059,0.058943,69.02,ETH-25JUL25-2800-C,2558.63,buy,3.0,,,3.0,,,,,1749822668.447
1085,ETH-254155499,1749822668447,1,0.059,0.058943,69.02,ETH-25JUL25-2800-C,2558.63,buy,4.0,,,4.0,,,,,1749822668.447
1087,ETH-254155501,1749822668455,1,0.059,0.058943,69.02,ETH-25JUL25-2800-C,2558.63,buy,60.0,,,60.0,,,,,1749822668.455
1088,ETH-254155502,1749822668464,1,0.059,0.058943,69.02,ETH-25JUL25-2800-C,2558.63,buy,60.0,,,60.0,,,,,1749822668.464
1089,ETH-254155507,1749822668478,1,0.059,0.058943,69.02,ETH-25JUL25-2800-C,2558.63,buy,30.0,,,30.0,,,,,1749822668.478
1090,ETH-254167282,1749826458060,2,0.0555,0.055493,69.2,ETH-25JUL25-2800-C,2531.3,buy,60.0,,,60.0,,,,,1749826458.06
1091,ETH-254167286,1749826462313,3,0.0555,0.055608,69.1,ETH-25JUL25-2800-C,2532.28,buy,81.0,,,81.0,,,,,1749826462.313
1093,ETH-254167288,1749826462323,3,0.0555,0.055608,69.1,ETH-25JUL25-2800-C,2532.28,buy,3.0,,,3.0,,,,,1749826462.323
1094,ETH-254167289,1749826462323,3,0.0555,0.055608,69.1,ETH-25JUL25-2800-C,2532.28,buy,4.0,,,4.0,,,,,1749826462.323
1092,ETH-254167287,1749826462323,3,0.0555,0.055608,69.1,ETH-25JUL25-2800-C,2532.28,buy,61.0,,,61.0,,,,,1749826462.323
1095,ETH-254168229,1749826989501,0,0.0565,0.056401,69.48,ETH-25JUL25-2800-C,2536.32,sell,50.0,,,50.0,,,,,1749826989.501
1097,ETH-254171121,1749827822491,1,0.058,0.057919,69.42,ETH-25JUL25-2800-C,2547.64,buy,3.0,,,3.0,,,,,1749827822.491
1096,ETH-254171120,1749827822491,0,0.058,0.057919,69.42,ETH-25JUL25-2800-C,2547.64,buy,202.0,,,202.0,,,,,1749827822.491
1098,ETH-254171122,1749827822491,1,0.058,0.057919,69.42,ETH-25JUL25-2800-C,2547.64,buy,4.0,,,4.0,,,,,1749827822.491
1100,ETH-254179016,1749831137104,1,0.0615,0.061596,69.46,ETH-25JUL25-2800-C,2572.96,buy,4.0,,,4.0,,,,,1749831137.104
1101,ETH-254179017,1749831137104,1,0.0615,0.061596,69.46,ETH-25JUL25-2800-C,2572.96,buy,203.0,,,203.0,,,,,1749831137.104
1099,ETH-254179015,1749831137104,0,0.0615,0.061596,69.46,ETH-25JUL25-2800-C,2572.96,buy,3.0,,,3.0,,,,,1749831137.104
1102,ETH-254196673,1749837950659,2,0.0575,0.057313,70.17,ETH-25JUL25-2800-C,2537.59,sell,1.0,,,1.0,,,,,1749837950.659
1103,ETH-254206742,1749841641055,2,0.0565,0.056569,70.23,ETH-25JUL25-2800-C,2530.29,buy,3.0,,,3.0,,,,,1749841641.055
1104,ETH-254206743,1749841641055,3,0.0565,0.056569,70.23,ETH-25JUL25-2800-C,2530.29,buy,47.0,,,47.0,,,,,1749841641.055
1105,ETH-254206744,1749841641070,3,0.0565,0.056569,70.23,ETH-25JUL25-2800-C,2530.29,buy,1.0,,,1.0,,,,,1749841641.07
1106,ETH-254206745,1749841641085,3,0.0565,0.056569,70.23,ETH-25JUL25-2800-C,2530.29,buy,1.0,,,1.0,,,,,1749841641.085
1107,ETH-254206746,1749841641093,3,0.0565,0.056569,70.23,ETH-25JUL25-2800-C,2530.29,buy,3.0,,,3.0,,,,,1749841641.093
1108,ETH-254206747,1749841641101,3,0.0565,0.056569,70.23,ETH-25JUL25-2800-C,2530.29,buy,2.0,,,2.0,,,,,1749841641.101
1109,ETH-254206748,1749841641108,3,0.0565,0.056569,70.23,ETH-25JUL25-2800-C,2530.29,buy,8.0,,,8.0,,,,,1749841641.108
1110,ETH-254206749,1749841641116,3,0.0565,0.056569,70.23,ETH-25JUL25-2800-C,2530.29,buy,3.0,,,3.0,,,,,1749841641.116
1111,ETH-254206750,1749841641123,3,0.0565,0.056569,70.23,ETH-25JUL25-2800-C,2530.29,buy,2.0,,,2.0,,,,,1749841641.123
1112,ETH-254206758,1749841642650,3,0.0565,0.056562,70.19,ETH-25JUL25-2800-C,2530.61,buy,34.0,,,34.0,,,,,1749841642.65
1113,ETH-254206764,1749841646234,3,0.0565,0.056661,70.13,ETH-25JUL25-2800-C,2531.16,buy,51.0,,,51.0,,,,,1749841646.234
1114,ETH-254206765,1749841646245,3,0.0565,0.056661,70.13,ETH-25JUL25-2800-C,2531.16,buy,1.0,,,1.0,,,,,1749841646.245
1115,ETH-254206766,1749841646256,3,0.0565,0.056661,70.13,ETH-25JUL25-2800-C,2531.16,buy,2.0,,,2.0,,,,,1749841646.256
1116,ETH-254206767,1749841646400,3,0.0565,0.056661,70.13,ETH-25JUL25-2800-C,2531.16,buy,47.0,,,47.0,,,,,1749841646.4
1117,ETH-254206768,1749841646400,3,0.0565,0.056661,70.13,ETH-25JUL25-2800-C,2531.16,buy,4.0,,,4.0,,,,,1749841646.4
1118,ETH-254210144,1749843006714,3,0.0565,0.056653,70.14,ETH-25JUL25-2800-C,2531.06,buy,4.0,,,4.0,,,,,1749843006.714
1120,ETH-254210146,1749843006714,3,0.0565,0.056653,70.14,ETH-25JUL25-2800-C,2531.06,buy,53.0,,,53.0,,,,,1749843006.714
1119,ETH-254210145,1749843006714,3,0.0565,0.056653,70.14,ETH-25JUL25-2800-C,2531.06,buy,3.0,,,3.0,,,,,1749843006.714
1121,ETH-254210147,1749843006718,3,0.0565,0.056653,70.14,ETH-25JUL25-2800-C,2531.06,buy,60.0,,,60.0,,,,,1749843006.718
1122,ETH-254210152,1749843008051,3,0.0565,0.056643,70.11,ETH-25JUL25-2800-C,2531.37,buy,89.0,,,89.0,,,,,1749843008.051
1124,ETH-254215665,1749847428258,1,0.059,0.058992,70.33,ETH-25JUL25-2800-C,2548.14,buy,3.0,,,3.0,,,,,1749847428.258
1125,ETH-254215666,1749847428258,1,0.059,0.058992,70.33,ETH-25JUL25-2800-C,2548.14,buy,53.0,,,53.0,,,,,1749847428.258
1123,ETH-254215664,1749847428258,0,0.059,0.058992,70.33,ETH-25JUL25-2800-C,2548.14,buy,4.0,,,4.0,,,,,1749847428.258
1126,ETH-254215670,1749847428282,1,0.059,0.058992,70.33,ETH-25JUL25-2800-C,2548.14,buy,60.0,,,60.0,,,,,1749847428.282
1127,ETH-254215673,1749847428295,1,0.059,0.058992,70.33,ETH-25JUL25-2800-C,2548.14,buy,60.0,,,60.0,,,,,1749847428.295
1128,ETH-254215674,1749847428310,1,0.059,0.058992,70.33,ETH-25JUL25-2800-C,2548.14,buy,29.0,,,29.0,,,,,1749847428.31
1129,ETH-254217459,1749850026349,0,0.0595,0.059323,70.41,ETH-25JUL25-2800-C,2551.17,buy,6.0,,,6.0,,,,,1749850026.349
1130,ETH-254217463,1749850026570,1,0.0595,0.059323,70.41,ETH-25JUL25-2800-C,2551.17,buy,10.0,,,10.0,,,,,1749850026.57
1131,ETH-254217464,1749850026695,1,0.0595,0.059323,70.41,ETH-25JUL25-2800-C,2551.17,buy,1.0,,,1.0,,,,,1749850026.695
1132,ETH-254217474,1749850026883,1,0.0595,0.059323,70.41,ETH-25JUL25-2800-C,2551.17,buy,8.0,,,8.0,,,,,1749850026.883
1133,ETH-254217475,1749850026917,1,0.0595,0.059323,70.41,ETH-25JUL25-2800-C,2551.17,buy,1.0,,,1.0,,,,,1749850026.917
1134,ETH-254217476,1749850027096,1,0.0595,0.05942,70.33,ETH-25JUL25-2800-C,2551.91,buy,4.0,,,4.0,,,,,1749850027.096
1135,ETH-254217477,1749850027106,1,0.0595,0.05942,70.33,ETH-25JUL25-2800-C,2551.91,buy,2.0,,,2.0,,,,,1749850027.106
1138,ETH-254217481,1749850027131,1,0.0595,0.05942,70.33,ETH-25JUL25-2800-C,2551.91,buy,3.0,,,3.0,,,,,1749850027.131
1137,ETH-254217480,1749850027131,1,0.0595,0.05942,70.33,ETH-25JUL25-2800-C,2551.91,buy,4.0,,,4.0,,,,,1749850027.131
1136,ETH-254217479,1749850027131,1,0.0595,0.05942,70.33,ETH-25JUL25-2800-C,2551.91,buy,170.0,,,170.0,,,,,1749850027.131
1139,ETH-254219461,1749851700152,1,0.0595,0.059599,70.07,ETH-25JUL25-2800-C,2554.96,buy,3.0,,,3.0,,,,,1749851700.152
1140,ETH-254219462,1749851700152,1,0.0595,0.059599,70.07,ETH-25JUL25-2800-C,2554.96,buy,2.0,,,2.0,,,,,1749851700.152
1141,ETH-254219463,1749851702658,1,0.0595,0.059603,70.04,ETH-25JUL25-2800-C,2555.24,buy,2.0,,,2.0,,,,,1749851702.658
1142,ETH-254219464,1749851702773,1,0.0595,0.059603,70.04,ETH-25JUL25-2800-C,2555.24,buy,4.0,,,4.0,,,,,1749851702.773
1143,ETH-254219465,1749851702840,1,0.0595,0.059603,70.04,ETH-25JUL25-2800-C,2555.24,buy,1.0,,,1.0,,,,,1749851702.84
1144,ETH-254219467,1749851703695,1,0.0595,0.05962,70.03,ETH-25JUL25-2800-C,2555.37,buy,3.0,,,3.0,,,,,1749851703.695
1146,ETH-254219469,1749851703701,1,0.0595,0.05962,70.03,ETH-25JUL25-2800-C,2555.37,buy,4.0,,,4.0,,,,,1749851703.701
1145,ETH-254219468,1749851703701,1,0.0595,0.05962,70.03,ETH-25JUL25-2800-C,2555.37,buy,190.0,,,190.0,,,,,1749851703.701
1149,ETH-254221456,1749853029152,1,0.0605,0.060494,70.13,ETH-25JUL25-2800-C,2561.53,buy,202.0,,,202.0,,,,,1749853029.152
1147,ETH-254221454,1749853029152,0,0.0605,0.060494,70.13,ETH-25JUL25-2800-C,2561.53,buy,4.0,,,4.0,,,,,1749853029.152
1148,ETH-254221455,1749853029152,1,0.0605,0.060494,70.13,ETH-25JUL25-2800-C,2561.53,buy,3.0,,,3.0,,,,,1749853029.152
1151,ETH-254222863,1749855333451,1,0.062,0.062003,70.08,ETH-25JUL25-2800-C,2573.17,buy,128.0,,,128.0,,,,,1749855333.451
1150,ETH-254222862,1749855333451,0,0.062,0.062003,70.08,ETH-25JUL25-2800-C,2573.17,buy,4.0,,,4.0,,,,,1749855333.451
1152,ETH-254222864,1749855333469,1,0.062,0.062003,70.08,ETH-25JUL25-2800-C,2573.17,buy,1.0,,,1.0,,,,,1749855333.469
1153,ETH-254222865,1749855333479,1,0.062,0.062003,70.08,ETH-25JUL25-2800-C,2573.17,buy,1.0,,,1.0,,,,,1749855333.479
1154,ETH-254222866,1749855333487,1,0.062,0.062003,70.08,ETH-25JUL25-2800-C,2573.17,buy,4.0,,,4.0,,,,,1749855333.487
1156,ETH-254222956,1749855474413,1,0.062,0.061926,69.99,ETH-25JUL25-2800-C,2574.05,buy,3.0,,,3.0,,,,,1749855474.413
1155,ETH-254222955,1749855474413,1,0.062,0.061926,69.99,ETH-25JUL25-2800-C,2574.05,buy,68.0,,,68.0,,,,,1749855474.413
1157,ETH-254224546,1749856602926,1,0.062,0.062183,70.17,ETH-25JUL25-2800-C,2572.06,buy,3.0,,,3.0,,,,,1749856602.926
1158,ETH-254224547,1749856602982,1,0.062,0.062183,70.17,ETH-25JUL25-2800-C,2572.06,buy,202.0,,,202.0,,,,,1749856602.982
1159,ETH-254224548,1749856603104,1,0.062,0.062183,70.17,ETH-25JUL25-2800-C,2572.06,buy,2.0,,,2.0,,,,,1749856603.104
1160,ETH-254224605,1749856621089,1,0.062,0.062137,70.2,ETH-25JUL25-2800-C,2571.83,buy,1.0,,,1.0,,,,,1749856621.089
1161,ETH-254224609,1749856621110,1,0.062,0.062137,70.2,ETH-25JUL25-2800-C,2571.83,buy,1.0,,,1.0,,,,,1749856621.11
1162,ETH-254236413,1749868183402,2,0.0595,0.059627,69.8,ETH-25JUL25-2800-C,2559.29,buy,141.0,,,141.0,,,,,1749868183.402
1163,ETH-254236420,1749868192783,3,0.0595,0.059635,69.75,ETH-25JUL25-2800-C,2559.78,buy,1.0,,,1.0,,,,,1749868192.783
1164,ETH-254236421,1749868192789,3,0.0595,0.059635,69.75,ETH-25JUL25-2800-C,2559.78,buy,1.0,,,1.0,,,,,1749868192.789
1165,ETH-254236439,1749868272191,3,0.0595,0.059498,69.76,ETH-25JUL25-2800-C,2559.71,buy,1.0,,,1.0,,,,,1749868272.191
1166,ETH-254236441,1749868272236,3,0.0595,0.059498,69.76,ETH-25JUL25-2800-C,2559.71,buy,1.0,,,1.0,,,,,1749868272.236
1167,ETH-254236446,1749868272249,3,0.0595,0.059498,69.76,ETH-25JUL25-2800-C,2559.71,buy,1.0,,,1.0,,,,,1749868272.249
1168,ETH-254236447,1749868272259,3,0.0595,0.059498,69.76,ETH-25JUL25-2800-C,2559.71,buy,1.0,,,1.0,,,,,1749868272.259
1169,ETH-254236448,1749868272265,3,0.0595,0.059498,69.76,ETH-25JUL25-2800-C,2559.71,buy,1.0,,,1.0,,,,,1749868272.265
1170,ETH-254236486,1749868363827,2,0.059,0.059418,69.41,ETH-25JUL25-2800-C,2559.44,sell,54.0,,,54.0,,,,,1749868363.827
1171,ETH-254236487,1749868363943,3,0.059,0.059391,69.43,ETH-25JUL25-2800-C,2559.27,sell,4.0,,,4.0,,,,,1749868363.943
1172,ETH-254236488,1749868364072,3,0.059,0.059391,69.43,ETH-25JUL25-2800-C,2559.27,sell,3.0,,,3.0,,,,,1749868364.072
1173,ETH-254246864,1749887203060,2,0.0565,0.05681,69.45,ETH-25JUL25-2800-C,2541.77,buy,3.0,,,3.0,,,,,1749887203.06
1174,ETH-254246865,1749887203174,3,0.0565,0.05681,69.45,ETH-25JUL25-2800-C,2541.77,buy,1.0,,,1.0,,,,,1749887203.174
1176,ETH-254246872,1749887207239,3,0.0565,0.056756,69.45,ETH-25JUL25-2800-C,2541.74,buy,202.0,,,202.0,,,,,1749887207.239
1175,ETH-254246871,1749887207239,3,0.0565,0.056756,69.45,ETH-25JUL25-2800-C,2541.74,buy,3.0,,,3.0,,,,,1749887207.239
1177,ETH-254253756,1749892183539,2,0.055,0.055289,69.37,ETH-25JUL25-2800-C,2531.8,buy,4.0,,,4.0,,,,,1749892183.539
1178,ETH-254253757,1749892183644,3,0.055,0.055289,69.37,ETH-25JUL25-2800-C,2531.8,buy,1.0,,,1.0,,,,,1749892183.644
1179,ETH-254253835,1749892324688,3,0.055,0.055034,69.38,ETH-25JUL25-2800-C,2531.68,buy,2.0,,,2.0,,,,,1749892324.688
1180,ETH-254253836,1749892324688,3,0.055,0.055034,69.38,ETH-25JUL25-2800-C,2531.68,buy,202.0,,,202.0,,,,,1749892324.688
1181,ETH-254260427,1749900403236,3,0.055,0.055337,68.83,ETH-25JUL25-2800-C,2537.7,buy,4.0,,,4.0,,,,,1749900403.236
1182,ETH-254260428,1749900403349,3,0.055,0.055337,68.83,ETH-25JUL25-2800-C,2537.7,buy,137.0,,,137.0,,,,,1749900403.349
1183,ETH-254260429,1749900403362,3,0.055,0.055337,68.83,ETH-25JUL25-2800-C,2537.7,buy,1.0,,,1.0,,,,,1749900403.362
1184,ETH-254260430,1749900407099,3,0.055,0.055306,68.82,ETH-25JUL25-2800-C,2537.76,buy,3.0,,,3.0,,,,,1749900407.099
1185,ETH-254260435,1749900476731,3,0.055,0.054993,68.85,ETH-25JUL25-2800-C,2537.46,buy,1.0,,,1.0,,,,,1749900476.731
1186,ETH-254260437,1749900490852,3,0.055,0.055016,68.79,ETH-25JUL25-2800-C,2537.99,buy,60.0,,,60.0,,,,,1749900490.852
1187,ETH-254260438,1749900490852,3,0.055,0.055016,68.79,ETH-25JUL25-2800-C,2537.99,buy,3.0,,,3.0,,,,,1749900490.852
1188,ETH-254264208,1749907003281,0,0.0555,0.055613,68.89,ETH-25JUL25-2800-C,2541.06,buy,202.0,,,202.0,,,,,1749907003.281
1190,ETH-254264219,1749907052734,1,0.0555,0.055527,68.97,ETH-25JUL25-2800-C,2540.45,buy,4.0,,,4.0,,,,,1749907052.734
1189,ETH-254264218,1749907052734,1,0.0555,0.055527,68.97,ETH-25JUL25-2800-C,2540.45,buy,3.0,,,3.0,,,,,1749907052.734
1191,ETH-254265029,1749908751359,2,0.055,0.054611,69.6,ETH-25JUL25-2800-C,2530.36,sell,3.0,,,3.0,,,,,1749908751.359
1192,ETH-254267954,1749912633039,2,0.053,0.053436,68.52,ETH-25JUL25-2800-C,2525.64,buy,26.0,,,26.0,,,,M,1749912633.039
1193,ETH-254268146,1749912972266,0,0.0535,0.053947,68.45,ETH-25JUL25-2800-C,2530.07,buy,1.0,,,1.0,,,,,1749912972.266
1194,ETH-254284465,1749924822671,2,0.052,0.052267,68.5,ETH-25JUL25-2800-C,2519.13,buy,3.0,,,3.0,,,,,1749924822.671
1195,ETH-254284643,1749925003157,2,0.0515,0.051595,68.31,ETH-25JUL25-2800-C,2517.4,buy,1.0,,,1.0,,,,,1749925003.157
1196,ETH-254284645,1749925003279,3,0.0515,0.051607,68.32,ETH-25JUL25-2800-C,2517.35,buy,30.0,,,30.0,,,,,1749925003.279
1197,ETH-254284646,1749925003689,3,0.0515,0.051607,68.32,ETH-25JUL25-2800-C,2517.35,buy,172.0,,,172.0,,,,,1749925003.689
1198,ETH-254284647,1749925003689,3,0.0515,0.051607,68.32,ETH-25JUL25-2800-C,2517.35,buy,3.0,,,3.0,,,,,1749925003.689
1199,ETH-254288846,1749928498223,3,0.0515,0.051508,68.55,ETH-25JUL25-2800-C,2515.32,buy,3.0,,,3.0,,,,,1749928498.223
1201,ETH-254288848,1749928498223,3,0.0515,0.051508,68.55,ETH-25JUL25-2800-C,2515.32,buy,4.0,,,4.0,,,,,1749928498.223
1200,ETH-254288847,1749928498223,3,0.0515,0.051508,68.55,ETH-25JUL25-2800-C,2515.32,buy,202.0,,,202.0,,,,,1749928498.223
1202,ETH-254289917,1749930222396,0,0.052,0.052331,68.54,ETH-25JUL25-2800-C,2519.35,buy,3.0,,,3.0,,,,,1749930222.396
1203,ETH-254290042,1749930402799,2,0.0515,0.051562,68.54,ETH-25JUL25-2800-C,2515.64,buy,1.0,,,1.0,,,,,1749930402.799
1204,ETH-254290043,1749930402885,3,0.0515,0.051557,68.55,ETH-25JUL25-2800-C,2515.62,buy,2.0,,,2.0,,,,,1749930402.885
1205,ETH-254290117,1749930490433,3,0.0515,0.051551,68.47,ETH-25JUL25-2800-C,2516.17,buy,1.0,,,1.0,,,,,1749930490.433
1206,ETH-254290118,1749930490433,3,0.0515,0.051551,68.47,ETH-25JUL25-2800-C,2516.17,buy,202.0,,,202.0,,,,,1749930490.433
1207,ETH-254291352,1749931641494,2,0.05,0.049742,68.83,ETH-25JUL25-2800-C,2501.38,buy,1.0,,,1.0,,,,,1749931641.494
1208,ETH-254292511,1749933043513,0,0.0515,0.051025,69.11,ETH-25JUL25-2800-C,2510.15,buy,1.0,,,1.0,,,,,1749933043.513
1209,ETH-254294443,1749936223209,1,0.0515,0.051714,68.6,ETH-25JUL25-2800-C,2515.7,buy,2.0,,,2.0,,,,,1749936223.209
1210,ETH-254294583,1749936403578,2,0.051,0.051287,68.36,ETH-25JUL25-2800-C,2514.36,buy,1.0,,,1.0,,,,,1749936403.578
1211,ETH-254294584,1749936403661,3,0.051,0.051287,68.36,ETH-25JUL25-2800-C,2514.36,buy,30.0,,,30.0,,,,,1749936403.661
1212,ETH-254294585,1749936403662,3,0.051,0.051287,68.36,ETH-25JUL25-2800-C,2514.36,buy,1.0,,,1.0,,,,,1749936403.662
1214,ETH-254294588,1749936405360,3,0.051,0.051265,68.38,ETH-25JUL25-2800-C,2514.2,buy,4.0,,,4.0,,,,,1749936405.36
1213,ETH-254294587,1749936405360,3,0.051,0.051265,68.38,ETH-25JUL25-2800-C,2514.2,buy,171.0,,,171.0,,,,,1749936405.36
1215,ETH-254296233,1749938022478,0,0.053,0.053355,68.34,ETH-25JUL25-2800-C,2530.07,buy,3.0,,,3.0,,,,,1749938022.478
1216,ETH-254296234,1749938022596,1,0.053,0.053355,68.34,ETH-25JUL25-2800-C,2530.07,buy,30.0,,,30.0,,,,,1749938022.596
1217,ETH-254296235,1749938022607,1,0.053,0.053355,68.34,ETH-25JUL25-2800-C,2530.07,buy,1.0,,,1.0,,,,,1749938022.607
1218,ETH-254296537,1749938338109,1,0.053,0.052963,68.27,ETH-25JUL25-2800-C,2530.67,buy,124.0,,,124.0,,,,,1749938338.109
1219,ETH-254296538,1749938338130,1,0.053,0.052963,68.27,ETH-25JUL25-2800-C,2530.67,buy,4.0,,,4.0,,,,,1749938338.13
1221,ETH-254296540,1749938338138,1,0.053,0.052963,68.27,ETH-25JUL25-2800-C,2530.67,buy,4.0,,,4.0,,,,,1749938338.138
1220,ETH-254296539,1749938338138,1,0.053,0.052963,68.27,ETH-25JUL25-2800-C,2530.67,buy,44.0,,,44.0,,,,,1749938338.138
1222,ETH-254300624,1749945349855,0,0.054,0.054106,68.81,ETH-25JUL25-2800-C,2533.88,sell,30.0,,,30.0,,,,,1749945349.855
1223,ETH-254300807,1749945763645,2,0.0535,0.054024,68.59,ETH-25JUL25-2800-C,2532.44,sell,159.0,,,159.0,,,,,1749945763.645
1224,ETH-254300808,1749945763645,3,0.0535,0.054024,68.59,ETH-25JUL25-2800-C,2532.44,sell,44.0,,,44.0,,,,,1749945763.645
1225,ETH-254300809,1749945763732,3,0.0535,0.054024,68.59,ETH-25JUL25-2800-C,2532.44,sell,3.0,,,3.0,,,,,1749945763.732
1226,ETH-254300810,1749945763823,3,0.0535,0.054024,68.59,ETH-25JUL25-2800-C,2532.44,sell,4.0,,,4.0,,,,,1749945763.823
1227,ETH-254303348,1749951130147,2,0.0525,0.053468,68.25,ETH-25JUL25-2800-C,2528.28,sell,18.0,,,18.0,,,,,1749951130.147
1228,ETH-254303349,1749951130886,3,0.0525,0.053468,68.25,ETH-25JUL25-2800-C,2528.28,sell,90.0,,,90.0,,,,,1749951130.886
1229,ETH-254308403,1749963470921,0,0.0545,0.05456,68.51,ETH-25JUL25-2800-C,2542.05,buy,3.0,,,3.0,,,,,1749963470.921
1230,ETH-254308404,1749963470921,1,0.0545,0.05456,68.51,ETH-25JUL25-2800-C,2542.05,buy,4.0,,,4.0,,,,,1749963470.921
1231,ETH-254308405,1749963470921,1,0.0545,0.05456,68.51,ETH-25JUL25-2800-C,2542.05,buy,152.0,,,152.0,,,,,1749963470.921
1232,ETH-254308406,1749963471611,1,0.0545,0.054564,68.51,ETH-25JUL25-2800-C,2542.05,buy,51.0,,,51.0,,,,,1749963471.611
1233,ETH-254310399,1749967139986,0,0.0555,0.055413,68.5,ETH-25JUL25-2800-C,2550.19,buy,4.0,,,4.0,,,,,1749967139.986
1234,ETH-254310400,1749967139986,1,0.0555,0.055413,68.5,ETH-25JUL25-2800-C,2550.19,buy,3.0,,,3.0,,,,,1749967139.986
1235,ETH-254310401,1749967139986,1,0.0555,0.055413,68.5,ETH-25JUL25-2800-C,2550.19,buy,203.0,,,203.0,,,,,1749967139.986
1236,ETH-254312470,1749969588338,2,0.054,0.05413,68.66,ETH-25JUL25-2800-C,2537.61,buy,2.0,,,2.0,,,,,1749969588.338
1237,ETH-254319780,1749978103717,2,0.052,0.051656,69.16,ETH-25JUL25-2800-C,2518.78,sell,1.0,,,1.0,,,,,1749978103.717
1238,ETH-254323586,1749983328293,3,0.052,0.051839,69.2,ETH-25JUL25-2800-C,2517.51,buy,1.0,,,1.0,,,,,1749983328.293
1239,ETH-254323587,1749983328293,3,0.052,0.051839,69.2,ETH-25JUL25-2800-C,2517.51,buy,1.0,,,1.0,,,,,1749983328.293
1240,ETH-254324235,1749985002789,3,0.052,0.05214,68.97,ETH-25JUL25-2800-C,2519.91,buy,3.0,,,3.0,,,,,1749985002.789
1241,ETH-254324236,1749985002916,3,0.052,0.05214,68.97,ETH-25JUL25-2800-C,2519.91,buy,1.0,,,1.0,,,,,1749985002.916
1242,ETH-254324241,1749985011915,3,0.052,0.052078,68.97,ETH-25JUL25-2800-C,2519.88,buy,201.0,,,201.0,,,,,1749985011.915
1243,ETH-254324242,1749985011915,3,0.052,0.052078,68.97,ETH-25JUL25-2800-C,2519.88,buy,4.0,,,4.0,,,,,1749985011.915
1244,ETH-254328278,1749993222367,0,0.054,0.054253,69.16,ETH-25JUL25-2800-C,2534.18,buy,3.0,,,3.0,,,,,1749993222.367
1246,ETH-254328280,1749993224885,1,0.054,0.054237,69.18,ETH-25JUL25-2800-C,2533.94,buy,4.0,,,4.0,,,,,1749993224.885
1245,ETH-254328279,1749993224885,1,0.054,0.054237,69.18,ETH-25JUL25-2800-C,2533.94,buy,202.0,,,202.0,,,,,1749993224.885
1247,ETH-254329395,1749994990009,1,0.054,0.054094,69.34,ETH-25JUL25-2800-C,2532.72,buy,10.0,,,10.0,,,,,1749994990.009
1248,ETH-254330258,1749995622338,0,0.0555,0.055395,69.81,ETH-25JUL25-2800-C,2539.73,buy,3.0,,,3.0,,,,,1749995622.338
1249,ETH-254330260,1749995622492,1,0.0555,0.055395,69.81,ETH-25JUL25-2800-C,2539.73,buy,1.0,,,1.0,,,,,1749995622.492
1250,ETH-254330262,1749995622576,1,0.0555,0.055395,69.81,ETH-25JUL25-2800-C,2539.73,buy,202.0,,,202.0,,,,,1749995622.576
1251,ETH-254330263,1749995622615,1,0.0555,0.055395,69.81,ETH-25JUL25-2800-C,2539.73,buy,1.0,,,1.0,,,,,1749995622.615
1252,ETH-254330266,1749995625056,1,0.0555,0.055347,69.83,ETH-25JUL25-2800-C,2539.49,buy,3.0,,,3.0,,,,,1749995625.056
1253,ETH-254330284,1749995638870,0,0.056,0.05537,70.19,ETH-25JUL25-2800-C,2539.79,buy,1.0,,,1.0,,,,,1749995638.87
1254,ETH-254330348,1749995665568,0,0.0565,0.055852,70.38,ETH-25JUL25-2800-C,2541.55,buy,15.0,,,15.0,,,,,1749995665.568
1255,ETH-254330948,1749995901921,0,0.058,0.057095,71.34,ETH-25JUL25-2800-C,2543.22,buy,15.0,,,15.0,,,,,1749995901.921
1256,ETH-254332082,1749996382039,0,0.0605,0.059604,73.72,ETH-25JUL25-2800-C,2538.73,buy,15.0,,,15.0,,,,,1749996382.039
1257,ETH-254332280,1749996439856,0,0.061,0.060145,74.0,ETH-25JUL25-2800-C,2539.46,buy,15.0,,,15.0,,,,,1749996439.856
1258,ETH-254332654,1749996569086,0,0.062,0.061201,74.36,ETH-25JUL25-2800-C,2543.14,buy,15.0,,,15.0,,,,,1749996569.086
1259,ETH-254334403,1749997975521,2,0.0615,0.061033,74.52,ETH-25JUL25-2800-C,2538.25,buy,7.0,,,7.0,,,,,1749997975.521
1260,ETH-254334405,1749997975568,3,0.0615,0.061033,74.52,ETH-25JUL25-2800-C,2538.25,buy,7.0,,,7.0,,,,,1749997975.568
1261,ETH-254334680,1749998351122,0,0.0625,0.062083,74.49,ETH-25JUL25-2800-C,2545.98,buy,15.0,,,15.0,,,,,1749998351.122
1262,ETH-254335526,1749999040096,0,0.063,0.062678,74.44,ETH-25JUL25-2800-C,2550.34,buy,15.0,,,15.0,,,,,1749999040.096
1263,ETH-254336039,1749999222379,1,0.063,0.063076,74.15,ETH-25JUL25-2800-C,2553.07,buy,3.0,,,3.0,,,,,1749999222.379
1264,ETH-254336040,1749999222513,1,0.063,0.063076,74.15,ETH-25JUL25-2800-C,2553.07,buy,1.0,,,1.0,,,,,1749999222.513
1266,ETH-254336042,1749999224929,1,0.063,0.063077,74.15,ETH-25JUL25-2800-C,2553.06,buy,1.0,,,1.0,,,,,1749999224.929
1265,ETH-254336041,1749999224929,1,0.063,0.063077,74.15,ETH-25JUL25-2800-C,2553.06,buy,3.0,,,3.0,,,,,1749999224.929
1267,ETH-254336043,1749999224941,1,0.063,0.063077,74.15,ETH-25JUL25-2800-C,2553.06,buy,200.0,,,200.0,,,,,1749999224.941
1268,ETH-254342419,1750005651487,2,0.0585,0.058652,71.12,ETH-25JUL25-2800-C,2551.08,buy,202.0,,,202.0,,,,,1750005651.487
1269,ETH-254342420,1750005651487,3,0.0585,0.058652,71.12,ETH-25JUL25-2800-C,2551.08,buy,4.0,,,4.0,,,,,1750005651.487
1270,ETH-254342421,1750005651487,3,0.0585,0.058652,71.12,ETH-25JUL25-2800-C,2551.08,buy,3.0,,,3.0,,,,,1750005651.487
1271,ETH-254344121,1750009302453,3,0.0585,0.058215,71.17,ETH-25JUL25-2800-C,2550.48,buy,10.0,,,10.0,,,,,1750009302.453
1272,ETH-254344122,1750009302453,3,0.0585,0.058215,71.17,ETH-25JUL25-2800-C,2550.48,buy,10.0,,,10.0,,,,,1750009302.453
1273,ETH-254344718,1750010041263,0,0.059,0.058863,71.11,ETH-25JUL25-2800-C,2554.79,buy,4.0,,,4.0,,,,,1750010041.263
1274,ETH-254344719,1750010041263,1,0.059,0.058863,71.11,ETH-25JUL25-2800-C,2554.79,buy,3.0,,,3.0,,,,,1750010041.263
1275,ETH-254344720,1750010041263,1,0.059,0.058863,71.11,ETH-25JUL25-2800-C,2554.79,buy,193.0,,,193.0,,,,,1750010041.263
1276,ETH-254344721,1750010042834,1,0.059,0.058839,71.12,ETH-25JUL25-2800-C,2554.73,buy,9.0,,,9.0,,,,,1750010042.834
1278,ETH-254346787,1750014861120,3,0.0585,0.058506,71.1,ETH-25JUL25-2800-C,2551.91,buy,202.0,,,202.0,,,,,1750014861.12
1279,ETH-254346788,1750014861120,3,0.0585,0.058506,71.1,ETH-25JUL25-2800-C,2551.91,buy,3.0,,,3.0,,,,,1750014861.12
1277,ETH-254346786,1750014861120,2,0.0585,0.058506,71.1,ETH-25JUL25-2800-C,2551.91,buy,4.0,,,4.0,,,,,1750014861.12
1280,ETH-254349040,1750018042191,2,0.0555,0.055994,70.85,ETH-25JUL25-2800-C,2532.14,buy,100.0,,,100.0,,,,,1750018042.191
1281,ETH-254372574,1750028108466,0,0.062,0.061495,74.93,ETH-25JUL25-2800-C,2545.41,buy,1.0,,,1.0,,,,,1750028108.466
1282,ETH-254379326,1750034019688,2,0.0594,0.060083,73.19,ETH-25JUL25-2800-C,2542.98,sell,125.0,3.0,BLOCK-205460,125.0,ETH-RR-25JUL25-1800_2800,,6353.0,,1750034019.688
1283,ETH-254381023,1750035506735,2,0.059,0.059685,72.73,ETH-25JUL25-2800-C,2544.37,sell,9.0,,,9.0,,,,,1750035506.735
1284,ETH-254381044,1750035513191,3,0.059,0.059688,72.69,ETH-25JUL25-2800-C,2544.74,sell,7.0,,,7.0,,,,,1750035513.191
1285,ETH-254381851,1750036092096,3,0.059,0.058528,73.28,ETH-25JUL25-2800-C,2539.13,buy,13.0,,,13.0,,,,,1750036092.096
1286,ETH-254381855,1750036092102,3,0.059,0.058528,73.28,ETH-25JUL25-2800-C,2539.13,buy,89.0,,,89.0,,,,,1750036092.102
1287,ETH-254383264,1750036144044,2,0.0585,0.057887,73.67,ETH-25JUL25-2800-C,2531.09,sell,155.0,,,155.0,,,,,1750036144.044
1288,ETH-254391240,1750039671281,0,0.0635,0.063009,73.35,ETH-25JUL25-2800-C,2570.62,buy,20.0,,,20.0,,,,,1750039671.281
1289,ETH-254394442,1750040994863,2,0.063,0.062496,72.95,ETH-25JUL25-2800-C,2570.7,buy,1.0,,,1.0,,,,,1750040994.863
1290,ETH-254425925,1750064888975,0,0.068,0.068113,71.13,ETH-25JUL25-2800-C,2625.64,sell,6.0,,,6.0,,,,,1750064888.975
1291,ETH-254429430,1750070010214,0,0.0682,0.067599,71.34,ETH-25JUL25-2800-C,2626.36,buy,500.0,1.0,BLOCK-205513,500.0,,,,,1750070010.214
1292,ETH-254432170,1750072781542,2,0.0645,0.064481,70.74,ETH-25JUL25-2800-C,2606.49,sell,6.0,,,6.0,,,,,1750072781.542
1293,ETH-254435814,1750075334664,0,0.0655,0.065695,70.62,ETH-25JUL25-2800-C,2614.55,sell,14.0,,,14.0,,,,,1750075334.664
1294,ETH-254436040,1750075379795,2,0.065,0.065225,70.6,ETH-25JUL25-2800-C,2611.31,sell,11.0,,,11.0,,,,,1750075379.795
1295,ETH-254438251,1750078022840,0,0.0665,0.066356,71.24,ETH-25JUL25-2800-C,2616.38,sell,50.0,,,50.0,,,,,1750078022.84
1296,ETH-254454915,1750085077257,0,0.07,0.070391,70.88,ETH-25JUL25-2800-C,2644.49,sell,1.0,,,1.0,,,,,1750085077.257
1297,ETH-254458753,1750087104683,1,0.07,0.070387,70.82,ETH-25JUL25-2800-C,2644.93,sell,50.0,,,50.0,,,,,1750087104.683
1299,ETH-254458755,1750087104683,1,0.07,0.070387,70.82,ETH-25JUL25-2800-C,2644.93,sell,8.0,,,8.0,,,,,1750087104.683
1298,ETH-254458754,1750087104683,1,0.07,0.070387,70.82,ETH-25JUL25-2800-C,2644.93,sell,10.0,,,10.0,,,,,1750087104.683
1300,ETH-254458756,1750087104685,1,0.07,0.070387,70.82,ETH-25JUL25-2800-C,2644.93,buy,39.0,,,39.0,,,,,1750087104.685
1302,ETH-254458839,1750087189443,1,0.0705,0.070169,71.42,ETH-25JUL25-2800-C,2643.08,buy,102.0,,,102.0,,,,,1750087189.443
1301,ETH-254458838,1750087189443,0,0.0705,0.070169,71.42,ETH-25JUL25-2800-C,2643.08,buy,5.0,,,5.0,,,,,1750087189.443
1303,ETH-254461336,1750088712729,2,0.07,0.070089,71.0,ETH-25JUL25-2800-C,2643.11,buy,1.0,,,1.0,,,,,1750088712.729
1304,ETH-254464254,1750090859523,3,0.07,0.070034,70.87,ETH-25JUL25-2800-C,2644.87,buy,106.0,,,106.0,,,,,1750090859.523
1305,ETH-254466219,1750093698741,2,0.069,0.068685,71.2,ETH-25JUL25-2800-C,2635.56,sell,107.0,,,107.0,,,,,1750093698.741
1306,ETH-254466220,1750093698875,3,0.069,0.068685,71.2,ETH-25JUL25-2800-C,2635.56,sell,80.0,,,80.0,,,,,1750093698.875
1307,ETH-254466416,1750093928574,3,0.069,0.068799,71.17,ETH-25JUL25-2800-C,2635.68,sell,2.0,,,2.0,,,,,1750093928.574
1308,ETH-254466417,1750093928584,3,0.069,0.068799,71.17,ETH-25JUL25-2800-C,2635.68,sell,10.0,,,10.0,,,,,1750093928.584
1309,ETH-254466461,1750094043605,0,0.0695,0.069389,71.36,ETH-25JUL25-2800-C,2637.26,buy,238.0,,,238.0,,,,,1750094043.605
1310,ETH-254466618,1750094165265,2,0.0685,0.068725,71.05,ETH-25JUL25-2800-C,2633.18,sell,211.0,,,211.0,,,,,1750094165.265
1311,ETH-254466620,1750094165443,3,0.0685,0.068725,71.05,ETH-25JUL25-2800-C,2633.18,sell,39.0,,,39.0,,,,,1750094165.443
1312,ETH-254467394,1750094525277,0,0.07,0.069688,71.28,ETH-25JUL25-2800-C,2641.03,buy,1.0,,,1.0,,,,,1750094525.277
1313,ETH-254467395,1750094525277,1,0.07,0.069688,71.28,ETH-25JUL25-2800-C,2641.03,buy,249.0,,,249.0,,,,,1750094525.277
1314,ETH-254467467,1750094664771,2,0.0695,0.069625,70.97,ETH-25JUL25-2800-C,2640.47,sell,25.0,,,25.0,,,,,1750094664.771
1315,ETH-254467468,1750094664785,3,0.0695,0.069625,70.97,ETH-25JUL25-2800-C,2640.47,sell,1.0,,,1.0,,,,,1750094664.785
1316,ETH-254467492,1750094675136,3,0.0695,0.069519,71.04,ETH-25JUL25-2800-C,2639.93,sell,210.0,,,210.0,,,,,1750094675.136
1317,ETH-254467523,1750094716866,3,0.0695,0.069462,71.19,ETH-25JUL25-2800-C,2638.55,sell,1.0,,,1.0,,,,,1750094716.866
1318,ETH-254467524,1750094719128,3,0.0695,0.069454,71.2,ETH-25JUL25-2800-C,2638.45,sell,13.0,,,13.0,,,,,1750094719.128
1319,ETH-254467743,1750095006803,0,0.07,0.069556,71.46,ETH-25JUL25-2800-C,2639.63,buy,250.0,,,250.0,,,,,1750095006.803
1320,ETH-254467986,1750095248005,0,0.0705,0.069959,71.7,ETH-25JUL25-2800-C,2641.07,buy,1.0,,,1.0,,,,,1750095248.005
1321,ETH-254467987,1750095248005,1,0.0705,0.069959,71.7,ETH-25JUL25-2800-C,2641.07,buy,249.0,,,249.0,,,,,1750095248.005
1325,ETH-254468265,1750095488780,0,0.071,0.070137,72.05,ETH-25JUL25-2800-C,2641.13,buy,32.0,,,32.0,,,,,1750095488.78
1324,ETH-254468264,1750095488780,1,0.0705,0.070137,71.66,ETH-25JUL25-2800-C,2641.13,buy,49.0,,,49.0,,,,,1750095488.78
1322,ETH-254468262,1750095488780,1,0.0705,0.070137,71.66,ETH-25JUL25-2800-C,2641.13,buy,151.0,,,151.0,,,,,1750095488.78
1323,ETH-254468263,1750095488780,1,0.0705,0.070137,71.66,ETH-25JUL25-2800-C,2641.13,buy,18.0,,,18.0,,,,,1750095488.78
1326,ETH-254468468,1750095627306,2,0.0695,0.069664,71.29,ETH-25JUL25-2800-C,2637.25,sell,142.0,,,142.0,,,,,1750095627.306
1327,ETH-254468469,1750095627444,3,0.0695,0.069664,71.29,ETH-25JUL25-2800-C,2637.25,sell,1.0,,,1.0,,,,,1750095627.444
1328,ETH-254468470,1750095627653,3,0.0695,0.069664,71.29,ETH-25JUL25-2800-C,2637.25,sell,1.0,,,1.0,,,,,1750095627.653
1329,ETH-254468471,1750095628029,3,0.0695,0.069608,71.31,ETH-25JUL25-2800-C,2637.11,sell,1.0,,,1.0,,,,,1750095628.029
1330,ETH-254468476,1750095628037,3,0.0695,0.069608,71.31,ETH-25JUL25-2800-C,2637.11,sell,2.0,,,2.0,,,,,1750095628.037
1331,ETH-254468477,1750095628048,3,0.0695,0.069608,71.31,ETH-25JUL25-2800-C,2637.11,sell,1.0,,,1.0,,,,,1750095628.048
1332,ETH-254468478,1750095628059,3,0.0695,0.069608,71.31,ETH-25JUL25-2800-C,2637.11,sell,1.0,,,1.0,,,,,1750095628.059
1333,ETH-254468479,1750095628066,3,0.0695,0.069608,71.31,ETH-25JUL25-2800-C,2637.11,sell,1.0,,,1.0,,,,,1750095628.066
1334,ETH-254468579,1750095729776,0,0.07,0.069815,71.54,ETH-25JUL25-2800-C,2638.33,buy,100.0,,,100.0,,,,,1750095729.776
1335,ETH-254468635,1750095870049,2,0.0695,0.069559,71.37,ETH-25JUL25-2800-C,2636.55,sell,6.0,,,6.0,,,,,1750095870.049
1336,ETH-254470121,1750097721101,2,0.0694,0.069429,71.09,ETH-25JUL25-2800-C,2639.03,buy,1000.0,2.0,BLOCK-205547,1000.0,ETH-CS-25JUL25-2800_3400,,,,1750097721.101
1337,ETH-254470201,1750097841400,0,0.0697,0.069562,71.2,ETH-25JUL25-2800-C,2640.14,buy,1000.0,2.0,BLOCK-205548,1000.0,ETH-CS-25JUL25-2800_3400,,,,1750097841.4
1338,ETH-254490317,1750110341783,0,0.07,0.070346,70.21,ETH-25JUL25-2800-C,2651.2,sell,1.0,,,1.0,,,,,1750110341.783
1339,ETH-254510736,1750114207194,2,0.057,0.05758,71.06,ETH-25JUL25-2800-C,2552.03,sell,41.0,,,41.0,,,,,1750114207.194
1340,ETH-254510739,1750114207201,3,0.057,0.05758,71.06,ETH-25JUL25-2800-C,2552.03,sell,41.0,,,41.0,,,,,1750114207.201
1341,ETH-254510747,1750114207217,3,0.057,0.05758,71.06,ETH-25JUL25-2800-C,2552.03,sell,18.0,,,18.0,,,,,1750114207.217
1342,ETH-254564941,1750134677039,0,0.0635,0.063365,71.71,ETH-25JUL25-2800-C,2595.03,sell,1.0,,,1.0,,,,,1750134677.039
1343,ETH-254591000,1750157183967,2,0.056,0.056362,71.36,ETH-25JUL25-2800-C,2546.48,sell,23.0,,,23.0,,,,T,1750157183.967
1345,ETH-254598341,1750164693000,3,0.056,0.056619,70.79,ETH-25JUL25-2800-C,2552.24,sell,7.0,,,7.0,,,,,1750164693.0
1344,ETH-254598340,1750164693000,3,0.056,0.056619,70.79,ETH-25JUL25-2800-C,2552.24,sell,11.0,,,11.0,,,,,1750164693.0
1346,ETH-254620821,1750173429823,2,0.0515,0.051702,71.25,ETH-25JUL25-2800-C,2514.41,buy,10.0,,,10.0,,,,,1750173429.823
1347,ETH-254643259,1750179022096,2,0.0475,0.047557,71.96,ETH-25JUL25-2800-C,2476.1,sell,1.0,,,1.0,,,,,1750179022.096
1348,ETH-254649961,1750180089084,2,0.0465,0.046649,72.05,ETH-25JUL25-2800-C,2466.04,buy,1.0,,,1.0,,,,,1750180089.084
1349,ETH-254652429,1750180970937,0,0.047,0.047394,71.93,ETH-25JUL25-2800-C,2471.94,sell,1.0,,,1.0,,,,,1750180970.937
1350,ETH-254652679,1750181101130,0,0.048,0.047782,72.48,ETH-25JUL25-2800-C,2474.88,buy,1.0,,,1.0,,,,,1750181101.13
1351,ETH-254655570,1750182380514,2,0.047,0.047118,72.22,ETH-25JUL25-2800-C,2468.96,sell,19.0,,,19.0,,,,,1750182380.514
1352,ETH-254657578,1750183632868,0,0.048,0.047848,72.45,ETH-25JUL25-2800-C,2475.05,sell,8.0,,,8.0,,,,,1750183632.868
1353,ETH-254657593,1750183641860,1,0.048,0.047766,72.56,ETH-25JUL25-2800-C,2474.05,sell,12.0,,,12.0,,,,,1750183641.86
1354,ETH-254673058,1750191186364,0,0.0535,0.05359,71.97,ETH-25JUL25-2800-C,2524.69,buy,2.0,,,2.0,,,,,1750191186.364
1355,ETH-254673059,1750191189313,1,0.0535,0.053727,71.85,ETH-25JUL25-2800-C,2525.73,buy,1.0,,,1.0,,,,,1750191189.313
1356,ETH-254676755,1750194011980,2,0.0515,0.052021,71.68,ETH-25JUL25-2800-C,2512.1,sell,1.0,,,1.0,,,,,1750194011.98
1358,ETH-254677925,1750195373693,3,0.051,0.051295,71.89,ETH-25JUL25-2800-C,2506.53,sell,7.0,,,7.0,,,,,1750195373.693
1357,ETH-254677924,1750195373693,2,0.051,0.051295,71.89,ETH-25JUL25-2800-C,2506.53,sell,2.0,,,2.0,,,,,1750195373.693
1359,ETH-254677926,1750195373699,3,0.051,0.051295,71.89,ETH-25JUL25-2800-C,2506.53,buy,30.0,,,30.0,,,,,1750195373.699
1360,ETH-254677927,1750195374029,3,0.051,0.051295,71.89,ETH-25JUL25-2800-C,2506.53,buy,7.0,,,7.0,,,,,1750195374.029
1361,ETH-254677928,1750195378552,3,0.051,0.051221,71.91,ETH-25JUL25-2800-C,2506.33,buy,1.0,,,1.0,,,,,1750195378.552
1362,ETH-254677929,1750195378586,3,0.051,0.051221,71.91,ETH-25JUL25-2800-C,2506.33,buy,7.0,,,7.0,,,,,1750195378.586
1363,ETH-254677930,1750195378955,3,0.051,0.051221,71.91,ETH-25JUL25-2800-C,2506.33,buy,4.0,,,4.0,,,,,1750195378.955
1364,ETH-254677931,1750195379045,3,0.051,0.051221,71.91,ETH-25JUL25-2800-C,2506.33,buy,1.0,,,1.0,,,,,1750195379.045
1365,ETH-254677960,1750195379614,3,0.051,0.051221,71.88,ETH-25JUL25-2800-C,2506.58,buy,1.0,,,1.0,,,,,1750195379.614
1366,ETH-254677961,1750195379773,3,0.051,0.051221,71.88,ETH-25JUL25-2800-C,2506.58,buy,140.0,,,140.0,,,,,1750195379.773
1367,ETH-254685112,1750205629438,0,0.0515,0.05216,71.07,ETH-25JUL25-2800-C,2519.41,sell,1.0,,,1.0,,,,,1750205629.438
1368,ETH-254690681,1750212348325,0,0.052,0.052213,71.37,ETH-25JUL25-2800-C,2521.12,buy,1.0,,,1.0,,,,,1750212348.325
1369,ETH-254690683,1750212351378,1,0.052,0.052216,71.35,ETH-25JUL25-2800-C,2521.35,buy,1.0,,,1.0,,,,,1750212351.378
1370,ETH-254706359,1750235079432,0,0.053,0.053065,70.63,ETH-25JUL25-2800-C,2538.58,buy,1.0,,,1.0,,,,,1750235079.432
1371,ETH-254706822,1750235698163,2,0.0525,0.052492,70.67,ETH-25JUL25-2800-C,2534.39,buy,1.0,,,1.0,,,,,1750235698.163
1372,ETH-254708735,1750237416081,0,0.053,0.053051,70.73,ETH-25JUL25-2800-C,2537.91,sell,1.0,,,1.0,,,,,1750237416.081
1373,ETH-254714264,1750242741238,2,0.0505,0.050358,70.93,ETH-25JUL25-2800-C,2517.33,buy,1.0,,,1.0,,,,,1750242741.238
1374,ETH-254723881,1750249679821,2,0.0495,0.049039,71.4,ETH-25JUL25-2800-C,2505.9,buy,1.0,,,1.0,,,,,1750249679.821
1375,ETH-254723882,1750249679821,3,0.0495,0.049039,71.4,ETH-25JUL25-2800-C,2505.9,buy,337.0,,,337.0,,,,,1750249679.821
1376,ETH-254723883,1750249679821,3,0.0495,0.049039,71.4,ETH-25JUL25-2800-C,2505.9,buy,162.0,,,162.0,,,,,1750249679.821
1377,ETH-254723910,1750249719441,2,0.049,0.04904,70.98,ETH-25JUL25-2800-C,2505.61,buy,336.0,,,336.0,,,,,1750249719.441
1379,ETH-254724031,1750249767871,3,0.0485,0.048889,70.67,ETH-25JUL25-2800-C,2504.4,sell,67.0,,,67.0,,,,,1750249767.871
1378,ETH-254724030,1750249767871,2,0.0485,0.048889,70.67,ETH-25JUL25-2800-C,2504.4,sell,97.0,,,97.0,,,,,1750249767.871
1380,ETH-254724162,1750249839173,0,0.0495,0.049014,71.42,ETH-25JUL25-2800-C,2504.99,buy,97.0,,,97.0,,,,,1750249839.173
1381,ETH-254724163,1750249839176,1,0.0495,0.049014,71.42,ETH-25JUL25-2800-C,2504.99,sell,153.0,,,153.0,,,,,1750249839.176
1383,ETH-254724208,1750249861422,3,0.0485,0.048753,70.82,ETH-25JUL25-2800-C,2502.59,sell,67.0,,,67.0,,,,,1750249861.422
1382,ETH-254724207,1750249861422,2,0.0485,0.048753,70.82,ETH-25JUL25-2800-C,2502.59,sell,33.0,,,33.0,,,,,1750249861.422
1384,ETH-254724228,1750249867029,3,0.0485,0.048815,70.72,ETH-25JUL25-2800-C,2503.54,sell,100.0,,,100.0,,,,,1750249867.029
1385,ETH-254724337,1750249935028,0,0.0495,0.048987,71.43,ETH-25JUL25-2800-C,2504.85,buy,97.0,,,97.0,,,,,1750249935.028
1386,ETH-254724338,1750249935032,1,0.0495,0.048987,71.43,ETH-25JUL25-2800-C,2504.85,sell,3.0,,,3.0,,,,,1750249935.032
1387,ETH-254724430,1750250003150,1,0.0495,0.049022,71.45,ETH-25JUL25-2800-C,2504.57,buy,1.0,,,1.0,,,,,1750250003.15
1388,ETH-254724431,1750250003152,1,0.0495,0.049022,71.45,ETH-25JUL25-2800-C,2504.57,sell,49.0,,,49.0,,,,,1750250003.152
1389,ETH-254724452,1750250019664,0,0.05,0.049209,71.72,ETH-25JUL25-2800-C,2505.9,buy,50.0,,,50.0,,,,,1750250019.664
1390,ETH-254727631,1750251949015,2,0.047,0.046703,71.74,ETH-25JUL25-2800-C,2482.36,sell,5.0,,,5.0,,,,,1750251949.015
1391,ETH-254734953,1750254473717,0,0.0475,0.046944,72.27,ETH-25JUL25-2800-C,2481.69,buy,1.0,,,1.0,,,,,1750254473.717
1392,ETH-254734954,1750254473720,1,0.0475,0.046944,72.27,ETH-25JUL25-2800-C,2481.69,sell,221.0,,,221.0,,,,,1750254473.72
1393,ETH-254736788,1750255087680,0,0.05,0.05039,72.44,ETH-25JUL25-2800-C,2500.08,sell,50.0,,,50.0,,,,,1750255087.68
1394,ETH-254736789,1750255087680,1,0.05,0.05039,72.44,ETH-25JUL25-2800-C,2500.08,sell,15.0,,,15.0,,,,,1750255087.68
1395,ETH-254736790,1750255087682,1,0.05,0.05039,72.44,ETH-25JUL25-2800-C,2500.08,buy,60.0,,,60.0,,,,,1750255087.682
1396,ETH-254736990,1750255157652,0,0.0505,0.050855,72.48,ETH-25JUL25-2800-C,2503.69,sell,50.0,,,50.0,,,,,1750255157.652
1397,ETH-254736991,1750255157652,1,0.0505,0.050855,72.48,ETH-25JUL25-2800-C,2503.69,sell,15.0,,,15.0,,,,,1750255157.652
1398,ETH-254736992,1750255157654,1,0.0505,0.050855,72.48,ETH-25JUL25-2800-C,2503.69,buy,60.0,,,60.0,,,,,1750255157.654
1399,ETH-254738627,1750255521269,0,0.0525,0.053009,72.38,ETH-25JUL25-2800-C,2520.46,sell,15.0,,,15.0,,,,,1750255521.269
1400,ETH-254739675,1750255644682,1,0.0525,0.052775,72.43,ETH-25JUL25-2800-C,2519.81,sell,15.0,,,15.0,,,,,1750255644.682
1401,ETH-254739717,1750255657941,1,0.0525,0.052869,72.36,ETH-25JUL25-2800-C,2520.38,buy,2.0,,,2.0,,,,,1750255657.941
1402,ETH-254782869,1750274117907,2,0.0495,0.049836,71.8,ETH-25JUL25-2800-C,2504.46,sell,5.0,,,5.0,,,,,1750274117.907
1403,ETH-254787260,1750277220334,2,0.047,0.046975,71.82,ETH-25JUL25-2800-C,2484.91,buy,3.0,,,3.0,,,,,1750277220.334
1404,ETH-254789663,1750279483147,0,0.0515,0.051427,71.65,ETH-25JUL25-2800-C,2522.56,buy,60.0,,,60.0,,,,,1750279483.147
1405,ETH-254789664,1750279483165,1,0.0515,0.051427,71.65,ETH-25JUL25-2800-C,2522.56,buy,60.0,,,60.0,,,,,1750279483.165
1406,ETH-254789668,1750279483174,1,0.0515,0.051427,71.65,ETH-25JUL25-2800-C,2522.56,buy,60.0,,,60.0,,,,,1750279483.174
1407,ETH-254789669,1750279483182,1,0.0515,0.051427,71.65,ETH-25JUL25-2800-C,2522.56,buy,60.0,,,60.0,,,,,1750279483.182
1408,ETH-254789670,1750279483191,1,0.0515,0.051427,71.65,ETH-25JUL25-2800-C,2522.56,buy,60.0,,,60.0,,,,,1750279483.191
1409,ETH-254805396,1750294260598,0,0.0525,0.052539,71.19,ETH-25JUL25-2800-C,2537.43,sell,107.0,,,107.0,,,,,1750294260.598
1410,ETH-254810455,1750296857369,2,0.0505,0.050343,71.48,ETH-25JUL25-2800-C,2519.28,sell,1.0,,,1.0,,,,,1750296857.369
1411,ETH-254812706,1750299959039,2,0.0485,0.049241,70.09,ETH-25JUL25-2800-C,2516.56,sell,100.0,,,100.0,,,,,1750299959.039
1412,ETH-254813045,1750300508536,3,0.0485,0.048745,70.34,ETH-25JUL25-2800-C,2514.38,buy,2.0,,,2.0,,,,,1750300508.536
1413,ETH-254813177,1750300573210,3,0.0485,0.049054,70.1,ETH-25JUL25-2800-C,2516.87,sell,25.0,,,25.0,,,,,1750300573.21
1414,ETH-254813437,1750300744564,0,0.049,0.049448,70.16,ETH-25JUL25-2800-C,2520.09,buy,1.0,,,1.0,,,,,1750300744.564
1415,ETH-254815525,1750306271255,0,0.0495,0.049269,70.56,ETH-25JUL25-2800-C,2520.94,buy,2.0,,,2.0,,,,,1750306271.255
1416,ETH-254823131,1750321506449,2,0.049,0.049161,69.68,ETH-25JUL25-2800-C,2526.66,buy,2.0,,,2.0,,,,,1750321506.449
1417,ETH-254833423,1750333871859,2,0.0485,0.048497,68.9,ETH-25JUL25-2800-C,2530.65,buy,5.0,,,5.0,,,,,1750333871.859
1418,ETH-254833861,1750334786436,2,0.048,0.04786,68.97,ETH-25JUL25-2800-C,2526.54,buy,5.0,,,5.0,,,,,1750334786.436
1419,ETH-254837795,1750340224293,2,0.0475,0.047547,69.46,ETH-25JUL25-2800-C,2518.27,sell,50.0,,,50.0,,,,,1750340224.293
1420,ETH-254839924,1750342188393,2,0.0465,0.046483,69.22,ETH-25JUL25-2800-C,2513.05,buy,2.0,,,2.0,,,,,1750342188.393
1421,ETH-254842321,1750344632019,2,0.045,0.044728,69.43,ETH-25JUL25-2800-C,2499.49,sell,5.0,,,5.0,,,,,1750344632.019
1422,ETH-254848141,1750350862988,2,0.0445,0.04446,69.3,ETH-25JUL25-2800-C,2496.88,buy,1.0,,,1.0,,,,,1750350862.988
1423,ETH-254848941,1750351900619,2,0.044,0.043774,69.47,ETH-25JUL25-2800-C,2491.38,sell,5.0,,,5.0,,,,,1750351900.619
1424,ETH-254853428,1750355016555,0,0.0475,0.046895,69.8,ETH-25JUL25-2800-C,2517.21,buy,50.0,,,50.0,,,,,1750355016.555
1425,ETH-254853429,1750355025192,1,0.0475,0.046979,69.69,ETH-25JUL25-2800-C,2518.16,buy,100.0,,,100.0,,,,,1750355025.192
1426,ETH-254855060,1750356018630,2,0.045,0.045744,68.63,ETH-25JUL25-2800-C,2508.23,sell,25.0,,,25.0,,,,,1750356018.63
1427,ETH-254857838,1750362470932,2,0.0445,0.045163,68.53,ETH-25JUL25-2800-C,2505.91,sell,50.0,,,50.0,,,,,1750362470.932
1428,ETH-254858517,1750364095466,0,0.046,0.045762,69.24,ETH-25JUL25-2800-C,2511.56,buy,1.0,,,1.0,,,,,1750364095.466
1429,ETH-254858867,1750364583529,1,0.046,0.045984,69.01,ETH-25JUL25-2800-C,2513.81,buy,1.0,,,1.0,,,,,1750364583.529
1430,ETH-254871607,1750387567486,2,0.0455,0.045499,68.55,ETH-25JUL25-2800-C,2516.0,buy,2.0,,,2.0,,,,,1750387567.486
1431,ETH-254874384,1750392097111,0,0.0456,0.045808,68.51,ETH-25JUL25-2800-C,2517.7,sell,500.0,4.0,BLOCK-206134,500.0,ETH-ICOND-25JUL25-1800_2200_2800_3400,,,,1750392097.111
1432,ETH-254886446,1750404946789,0,0.048,0.047942,68.21,ETH-25JUL25-2800-C,2541.39,sell,20.0,,,20.0,,,,,1750404946.789
1433,ETH-254887482,1750405522857,1,0.048,0.047766,68.36,ETH-25JUL25-2800-C,2540.0,sell,1.0,,,1.0,,,,,1750405522.857
1434,ETH-254895135,1750407621345,0,0.0505,0.050433,68.02,ETH-25JUL25-2800-C,2563.04,buy,2.0,,,2.0,,,,,1750407621.345
1435,ETH-254896882,1750408761998,0,0.051,0.050684,68.7,ETH-25JUL25-2800-C,2560.63,sell,1.0,,,1.0,,,,,1750408761.998
1436,ETH-254898841,1750409803502,2,0.05,0.049691,68.65,ETH-25JUL25-2800-C,2553.68,buy,1.0,,,1.0,,,,,1750409803.502
1437,ETH-254909642,1750419425325,2,0.047,0.046945,67.24,ETH-25JUL25-2800-C,2545.41,buy,100.0,,,100.0,,,,,1750419425.325
1438,ETH-254909683,1750419490678,3,0.047,0.046999,67.29,ETH-25JUL25-2800-C,2544.94,buy,50.0,,,50.0,,,,,1750419490.678
1439,ETH-254921046,1750428593404,2,0.046,0.046111,67.47,ETH-25JUL25-2800-C,2536.3,buy,1.0,,,1.0,,,,,1750428593.404
1440,ETH-254925983,1750430551342,2,0.043,0.042816,67.83,ETH-25JUL25-2800-C,2508.62,sell,3.0,,,3.0,,,,,1750430551.342
1441,ETH-254925984,1750430551395,3,0.043,0.042816,67.83,ETH-25JUL25-2800-C,2508.62,sell,2.0,,,2.0,,,,,1750430551.395
1442,ETH-254930152,1750431619736,2,0.041,0.040834,68.06,ETH-25JUL25-2800-C,2489.72,sell,1.0,,,1.0,,,,,1750431619.736
1443,ETH-254930379,1750431641679,2,0.0405,0.041231,67.28,ETH-25JUL25-2800-C,2492.73,sell,1.0,,,1.0,,,,,1750431641.679
1444,ETH-254932000,1750432806570,0,0.0415,0.042242,67.12,ETH-25JUL25-2800-C,2502.9,sell,10.0,,,10.0,,,,,1750432806.57
1445,ETH-254932001,1750432806580,1,0.0415,0.042242,67.12,ETH-25JUL25-2800-C,2502.9,sell,36.0,,,36.0,,,,,1750432806.58
1446,ETH-254933683,1750434269679,0,0.042,0.041953,67.37,ETH-25JUL25-2800-C,2504.48,buy,11.0,,,11.0,,,,,1750434269.679
1447,ETH-254935485,1750435651626,2,0.04,0.03995,67.42,ETH-25JUL25-2800-C,2487.71,sell,10.0,,,10.0,,,,,1750435651.626
1448,ETH-254942598,1750439989503,2,0.0385,0.038374,68.13,ETH-25JUL25-2800-C,2467.79,sell,10.0,,,10.0,,,,,1750439989.503
1449,ETH-254943650,1750440046987,2,0.0365,0.037093,67.76,ETH-25JUL25-2800-C,2454.0,sell,10.0,,,10.0,,,,,1750440046.987
1450,ETH-254947471,1750440188130,2,0.035,0.034145,69.25,ETH-25JUL25-2800-C,2424.78,sell,10.0,,,10.0,,,,,1750440188.13
1451,ETH-254947751,1750440196195,2,0.0345,0.034183,68.9,ETH-25JUL25-2800-C,2423.62,sell,1.0,,,1.0,,,,,1750440196.195
1452,ETH-254951642,1750440786545,2,0.033,0.033002,69.23,ETH-25JUL25-2800-C,2405.41,sell,10.0,,,10.0,,,,,1750440786.545
1453,ETH-254951646,1750440787357,3,0.033,0.032988,69.16,ETH-25JUL25-2800-C,2406.07,sell,10.0,,,10.0,,,,,1750440787.357
1455,ETH-254953060,1750440916675,3,0.033,0.032331,69.94,ETH-25JUL25-2800-C,2398.35,buy,96.0,,,96.0,,,,,1750440916.675
1454,ETH-254953059,1750440916675,3,0.033,0.032331,69.94,ETH-25JUL25-2800-C,2398.35,buy,1.0,,,1.0,,,,,1750440916.675
1456,ETH-254954616,1750441040956,2,0.0315,0.031096,70.32,ETH-25JUL25-2800-C,2380.22,sell,10.0,,,10.0,,,,,1750441040.956
1457,ETH-254957934,1750441282490,0,0.0325,0.031854,70.45,ETH-25JUL25-2800-C,2387.79,buy,1.0,,,1.0,,,,,1750441282.49
1458,ETH-254959068,1750441431181,0,0.034,0.034048,69.94,ETH-25JUL25-2800-C,2407.62,buy,200.0,,,200.0,,,,,1750441431.181
1459,ETH-254967532,1750443290813,0,0.036,0.035957,69.92,ETH-25JUL25-2800-C,2426.81,buy,1.0,,,1.0,,,,,1750443290.813
1460,ETH-254968627,1750443648352,2,0.0355,0.035434,69.95,ETH-25JUL25-2800-C,2422.35,sell,20.0,,,20.0,,,,,1750443648.352
1461,ETH-254969519,1750444017202,3,0.0355,0.035257,70.15,ETH-25JUL25-2800-C,2420.0,buy,1.0,,,1.0,,,,,1750444017.202
1462,ETH-254969520,1750444017202,3,0.0355,0.035257,70.15,ETH-25JUL25-2800-C,2420.0,buy,5.0,,,5.0,,,,,1750444017.202
1463,ETH-254971669,1750445035790,0,0.0357,0.035895,69.75,ETH-25JUL25-2800-C,2426.32,sell,1000.0,2.0,BLOCK-206377,1000.0,ETH-CCAL-25JUL25_27JUN25-2800,,,,1750445035.79
1464,ETH-254971939,1750445155780,2,0.0355,0.03606,69.41,ETH-25JUL25-2800-C,2427.91,sell,1000.0,2.0,BLOCK-206378,1000.0,ETH-CCAL-25JUL25_27JUN25-2800,,,,1750445155.78
1465,ETH-254972895,1750445811244,2,0.035,0.035156,69.66,ETH-25JUL25-2800-C,2420.66,sell,10.0,,,10.0,,,,,1750445811.244
1466,ETH-254977910,1750449423375,0,0.0355,0.03527,69.87,ETH-25JUL25-2800-C,2423.71,buy,1.0,,,1.0,,,,,1750449423.375
1467,ETH-254978381,1750449553837,2,0.035,0.034949,69.7,ETH-25JUL25-2800-C,2420.74,sell,1.0,,,1.0,,,,,1750449553.837
1468,ETH-254978392,1750449563316,3,0.035,0.034729,69.89,ETH-25JUL25-2800-C,2418.87,sell,1.0,,,1.0,,,,,1750449563.316
1469,ETH-254981093,1750450929434,0,0.036,0.035393,70.09,ETH-25JUL25-2800-C,2426.88,buy,1.0,,,1.0,,,,,1750450929.434
