trade_seq,trade_id,timestamp,tick_direction,price,mark_price,iv,instrument_name,index_price,direction,contracts,amount,block_trade_leg_count,block_trade_id,block_rfq_id,combo_id,combo_trade_id,liquidation,unix_sec
200,ETH-252283481,1748668410416,0,0.044,0.04449,67.39,ETH-25JUL25-2200-P,2520.02,sell,9.0,9.0,,,,,,,1748668410.416
201,ETH-252283482,1748668410416,1,0.044,0.04449,67.39,ETH-25JUL25-2200-P,2520.02,sell,139.0,139.0,,,,,,,1748668410.416
202,ETH-252283483,1748668410419,1,0.044,0.04449,67.39,ETH-25JUL25-2200-P,2520.02,buy,224.0,224.0,,,,,,,1748668410.419
203,ETH-252283484,1748668410424,1,0.044,0.04449,67.39,ETH-25JUL25-2200-P,2520.02,buy,1.0,1.0,,,,,,,1748668410.424
204,ETH-252283529,1748668432167,1,0.044,0.044285,67.36,ETH-25JUL25-2200-P,2519.74,buy,224.0,224.0,,,,,,,1748668432.167
205,ETH-252283530,1748668433381,1,0.044,0.044285,67.36,ETH-25JUL25-2200-P,2519.74,buy,3.0,3.0,,,,,,,1748668433.381
206,ETH-252296248,1748682013096,2,0.0435,0.043949,67.55,ETH-25JUL25-2200-P,2525.65,sell,1.0,1.0,,,,,,,1748682013.096
207,ETH-252296250,1748682016401,3,0.0435,0.043948,67.55,ETH-25JUL25-2200-P,2525.67,sell,1.0,1.0,,,,,,,1748682016.401
208,ETH-252383977,1748764831140,0,0.0465,0.04551,68.97,ETH-25JUL25-2200-P,2510.05,buy,4.0,4.0,,,,,,T,1748764831.14
209,ETH-252401330,1748781257678,0,0.05,0.050116,69.52,ETH-25JUL25-2200-P,2485.33,buy,10.0,10.0,,,,,,,1748781257.678
210,ETH-252415690,1748789455022,2,0.0475,0.047713,70.17,ETH-25JUL25-2200-P,2510.76,buy,2.0,2.0,,,,,,,1748789455.022
211,ETH-252521985,1748868312588,2,0.0445,0.044781,66.57,ETH-25JUL25-2200-P,2495.23,buy,1.0,1.0,,,,,,,1748868312.588
212,ETH-252623558,1748917437611,2,0.032,0.031531,68.53,ETH-25JUL25-2200-P,2636.43,buy,1.0,1.0,,,,,,,1748917437.611
213,ETH-252623559,1748917437611,3,0.032,0.031531,68.53,ETH-25JUL25-2200-P,2636.43,buy,9.0,9.0,,,,,,,1748917437.611
214,ETH-252649360,1748948078587,3,0.032,0.031997,66.82,ETH-25JUL25-2200-P,2613.84,buy,18.0,18.0,,,,,,,1748948078.587
215,ETH-252678908,1748965642680,2,0.031,0.030962,67.18,ETH-25JUL25-2200-P,2627.69,buy,1.0,1.0,,,,,,,1748965642.68
216,ETH-252720176,1749005173700,3,0.031,0.03137,66.45,ETH-25JUL25-2200-P,2616.44,sell,4.0,4.0,,,,,,,1749005173.7
217,ETH-252720286,1749005338500,0,0.0315,0.031411,66.91,ETH-25JUL25-2200-P,2616.35,buy,1.0,1.0,,,,,,,1749005338.5
218,ETH-252720287,1749005338502,1,0.0315,0.031411,66.91,ETH-25JUL25-2200-P,2616.35,sell,1.0,1.0,,,,,,,1749005338.502
219,ETH-252721147,1749006534732,2,0.031,0.030896,66.85,ETH-25JUL25-2200-P,2621.21,sell,1.0,1.0,,,,,,,1749006534.732
220,ETH-252755891,1749044205571,2,0.0295,0.029645,65.87,ETH-25JUL25-2200-P,2623.65,buy,3.0,3.0,,,,,,,1749044205.571
221,ETH-252784797,1749054645211,2,0.0275,0.028135,66.19,ETH-25JUL25-2200-P,2652.39,sell,1.0,1.0,,,,,,,1749054645.211
222,ETH-252822547,1749100937101,0,0.029,0.028942,66.05,ETH-25JUL25-2200-P,2626.35,buy,1.0,1.0,,,,,,,1749100937.101
223,ETH-252822548,1749100938682,1,0.029,0.028945,66.04,ETH-25JUL25-2200-P,2626.33,sell,24.0,24.0,,,,,,,1749100938.682
224,ETH-252833102,1749110438174,0,0.0295,0.030412,64.92,ETH-25JUL25-2200-P,2606.33,sell,2.0,2.0,,,,,,,1749110438.174
225,ETH-252833104,1749110439503,1,0.0295,0.030408,64.91,ETH-25JUL25-2200-P,2606.29,sell,2.0,2.0,,,,,,,1749110439.503
226,ETH-252835215,1749112504296,1,0.0295,0.029599,65.26,ETH-25JUL25-2200-P,2609.55,buy,2.0,2.0,,,,,,,1749112504.296
227,ETH-252840902,1749117786883,0,0.0305,0.030324,66.38,ETH-25JUL25-2200-P,2610.24,buy,1.0,1.0,,,,,,,1749117786.883
229,ETH-252866113,1749130735552,3,0.029,0.029684,66.02,ETH-25JUL25-2200-P,2622.72,sell,3.0,3.0,,,,,,,1749130735.552
228,ETH-252866112,1749130735552,2,0.029,0.029684,66.02,ETH-25JUL25-2200-P,2622.72,sell,97.0,97.0,,,,,,,1749130735.552
232,ETH-252866117,1749130740259,3,0.029,0.029641,66.01,ETH-25JUL25-2200-P,2622.55,sell,20.0,20.0,,,,,,,1749130740.259
230,ETH-252866115,1749130740259,3,0.029,0.029641,66.01,ETH-25JUL25-2200-P,2622.55,sell,53.0,53.0,,,,,,,1749130740.259
233,ETH-252866118,1749130740259,3,0.029,0.029641,66.01,ETH-25JUL25-2200-P,2622.55,sell,12.0,12.0,,,,,,,1749130740.259
231,ETH-252866116,1749130740259,3,0.029,0.029641,66.01,ETH-25JUL25-2200-P,2622.55,sell,15.0,15.0,,,,,,,1749130740.259
234,ETH-252866134,1749130755539,3,0.029,0.029665,65.98,ETH-25JUL25-2200-P,2622.26,sell,100.0,100.0,,,,,,,1749130755.539
235,ETH-252886234,1749134302185,0,0.0325,0.032458,66.0,ETH-25JUL25-2200-P,2582.77,buy,400.0,400.0,4.0,BLOCK-203308,5532.0,,,,1749134302.185
236,ETH-252887727,1749134656633,2,0.0315,0.031391,66.11,ETH-25JUL25-2200-P,2594.53,buy,400.0,400.0,4.0,BLOCK-203311,5536.0,,,,1749134656.633
237,ETH-252918844,1749150196918,0,0.0335,0.033262,66.4,ETH-25JUL25-2200-P,2576.67,buy,1.0,1.0,,,,,,,1749150196.918
238,ETH-252984940,1749157476198,0,0.052,0.052248,66.36,ETH-25JUL25-2200-P,2418.88,sell,1.0,1.0,,,,,,,1749157476.198
239,ETH-252995040,1749159723872,2,0.049,0.049883,65.93,ETH-25JUL25-2200-P,2437.12,sell,16.0,16.0,,,,,,,1749159723.872
240,ETH-253005839,1749162566387,0,0.052,0.051956,66.65,ETH-25JUL25-2200-P,2421.92,buy,1.0,1.0,,,,,,,1749162566.387
241,ETH-253019338,1749169322308,0,0.055,0.055044,66.91,ETH-25JUL25-2200-P,2403.14,buy,1.0,1.0,,,,,,,1749169322.308
242,ETH-253030323,1749175356926,2,0.052,0.051989,66.66,ETH-25JUL25-2200-P,2421.16,buy,7.0,7.0,,,,,,,1749175356.926
243,ETH-253044989,1749185176400,2,0.0475,0.047381,66.88,ETH-25JUL25-2200-P,2455.81,buy,1.0,1.0,,,,,,,1749185176.4
244,ETH-253054468,1749191074435,0,0.048,0.047776,67.0,ETH-25JUL25-2200-P,2452.95,buy,1.0,1.0,,,,,,,1749191074.435
245,ETH-253063719,1749196362893,2,0.0478,0.047401,66.94,ETH-25JUL25-2200-P,2454.13,buy,1000.0,1000.0,2.0,BLOCK-203638,,ETH-RR-25JUL25-2200_3000,,,1749196362.893
246,ETH-253063785,1749196388526,2,0.0477,0.047294,66.97,ETH-25JUL25-2200-P,2455.04,buy,250.0,250.0,2.0,BLOCK-203639,,ETH-RR-25JUL25-2200_3000,,,1749196388.526
247,ETH-253063788,1749196391210,2,0.0475,0.047271,66.82,ETH-25JUL25-2200-P,2455.13,buy,1000.0,1000.0,2.0,BLOCK-203640,,ETH-RR-25JUL25-2200_3000,,,1749196391.21
248,ETH-253063814,1749196395264,0,0.048,0.047269,67.22,ETH-25JUL25-2200-P,2455.07,buy,184.0,184.0,2.0,BLOCK-203641,,ETH-RR-25JUL25-2200_3000,,,1749196395.264
249,ETH-253064031,1749196430776,2,0.0478,0.047348,66.99,ETH-25JUL25-2200-P,2454.59,buy,1000.0,1000.0,2.0,BLOCK-203642,,ETH-RR-25JUL25-2200_3000,,,1749196430.776
250,ETH-253064290,1749196489747,2,0.0477,0.047417,66.85,ETH-25JUL25-2200-P,2454.22,buy,1000.0,1000.0,2.0,BLOCK-203643,,ETH-RR-25JUL25-2200_3000,,,1749196489.747
251,ETH-253064490,1749196517535,0,0.0478,0.047393,66.96,ETH-25JUL25-2200-P,2454.26,buy,1000.0,1000.0,2.0,BLOCK-203645,,ETH-RR-25JUL25-2200_3000,,,1749196517.535
252,ETH-253064724,1749196593596,1,0.0478,0.047356,67.0,ETH-25JUL25-2200-P,2454.55,buy,1000.0,1000.0,2.0,BLOCK-203646,,ETH-RR-25JUL25-2200_3000,,,1749196593.596
253,ETH-253064983,1749196670196,2,0.0475,0.047206,66.88,ETH-25JUL25-2200-P,2455.68,buy,1000.0,1000.0,2.0,BLOCK-203647,,ETH-RR-25JUL25-2200_3000,,,1749196670.196
254,ETH-253065292,1749196742332,0,0.0477,0.047338,66.97,ETH-25JUL25-2200-P,2455.07,buy,1000.0,1000.0,2.0,BLOCK-203648,,ETH-RR-25JUL25-2200_3000,,,1749196742.332
255,ETH-253065322,1749196752455,1,0.0477,0.047286,66.99,ETH-25JUL25-2200-P,2455.24,buy,250.0,250.0,2.0,BLOCK-203649,,ETH-RR-25JUL25-2200_3000,,,1749196752.455
256,ETH-253065426,1749196793088,2,0.0474,0.047184,66.82,ETH-25JUL25-2200-P,2456.15,buy,1000.0,1000.0,2.0,BLOCK-203650,,ETH-RR-25JUL25-2200_3000,,,1749196793.088
257,ETH-253069726,1749198717672,2,0.045,0.045162,66.08,ETH-25JUL25-2200-P,2465.27,sell,4.0,4.0,,,,,,,1749198717.672
258,ETH-253076785,1749204169269,2,0.044,0.043932,65.96,ETH-25JUL25-2200-P,2471.63,sell,5.0,5.0,,,,,,,1749204169.269
259,ETH-253095377,1749216974575,2,0.042,0.041664,66.19,ETH-25JUL25-2200-P,2490.27,buy,1.0,1.0,,,,,,,1749216974.575
260,ETH-253102217,1749220121601,2,0.039,0.039848,65.55,ETH-25JUL25-2200-P,2510.77,sell,7.0,7.0,,,,,,,1749220121.601
261,ETH-253102218,1749220122344,3,0.039,0.039848,65.56,ETH-25JUL25-2200-P,2510.89,sell,40.0,40.0,,,,,,,1749220122.344
262,ETH-253110741,1749225845019,0,0.0395,0.039493,66.23,ETH-25JUL25-2200-P,2512.1,sell,1.0,1.0,,,,,,,1749225845.019
263,ETH-253123956,1749240223542,0,0.042,0.042022,66.0,ETH-25JUL25-2200-P,2487.04,buy,3.0,3.0,,,,,,,1749240223.542
266,ETH-253124057,1749240362253,1,0.042,0.042048,65.85,ETH-25JUL25-2200-P,2485.87,buy,202.0,202.0,,,,,,,1749240362.253
264,ETH-253124055,1749240362253,1,0.042,0.042048,65.85,ETH-25JUL25-2200-P,2485.87,buy,1.0,1.0,,,,,,,1749240362.253
265,ETH-253124056,1749240362253,1,0.042,0.042048,65.85,ETH-25JUL25-2200-P,2485.87,buy,3.0,3.0,,,,,,,1749240362.253
267,ETH-253129600,1749249972927,0,0.0425,0.042558,65.79,ETH-25JUL25-2200-P,2481.03,sell,15.0,15.0,,,,,,,1749249972.927
268,ETH-253147912,1749283947673,2,0.04,0.04074,64.82,ETH-25JUL25-2200-P,2489.81,sell,1.0,1.0,,,,,,,1749283947.673
269,ETH-253161074,1749302144297,2,0.038,0.038645,64.64,ETH-25JUL25-2200-P,2504.3,sell,1.0,1.0,,,,,,,1749302144.297
270,ETH-253161676,1749303013954,3,0.038,0.038361,64.95,ETH-25JUL25-2200-P,2507.18,sell,1.0,1.0,,,,,,,1749303013.954
271,ETH-253161716,1749303105565,3,0.038,0.038204,65.08,ETH-25JUL25-2200-P,2508.55,buy,1.0,1.0,,,,,,,1749303105.565
272,ETH-253170362,1749310172115,0,0.039,0.03865,67.16,ETH-25JUL25-2200-P,2518.96,buy,1000.0,1000.0,3.0,BLOCK-203835,5749.0,,,,1749310172.115
273,ETH-253170525,1749310303799,2,0.0385,0.038619,66.74,ETH-25JUL25-2200-P,2519.38,buy,500.0,500.0,3.0,BLOCK-203836,5750.0,,,,1749310303.799
274,ETH-253172988,1749313657659,2,0.0375,0.038296,65.93,ETH-25JUL25-2200-P,2520.47,sell,1.0,1.0,,,,,,,1749313657.659
275,ETH-253183699,1749335727429,2,0.036,0.036361,66.39,ETH-25JUL25-2200-P,2537.47,sell,1.0,1.0,,,,,,,1749335727.429
276,ETH-253186785,1749340135362,0,0.037,0.037683,66.33,ETH-25JUL25-2200-P,2526.84,sell,1.0,1.0,,,,,,,1749340135.362
277,ETH-253196581,1749369705378,0,0.038,0.038058,66.4,ETH-25JUL25-2200-P,2516.47,sell,1.0,1.0,,,,,,,1749369705.378
278,ETH-253196861,1749369885800,2,0.0375,0.037834,66.17,ETH-25JUL25-2200-P,2518.67,sell,1.0,1.0,,,,,,,1749369885.8
279,ETH-253199146,1749374840574,0,0.039,0.038357,66.8,ETH-25JUL25-2200-P,2511.11,buy,1.0,1.0,,,,,,,1749374840.574
280,ETH-253205695,1749381950572,2,0.0375,0.038222,65.55,ETH-25JUL25-2200-P,2511.02,sell,1.0,1.0,,,,,,,1749381950.572
281,ETH-253209954,1749390678290,2,0.037,0.037581,65.92,ETH-25JUL25-2200-P,2517.97,sell,1.0,1.0,,,,,,,1749390678.29
282,ETH-253210759,1749391805580,0,0.0375,0.038329,65.73,ETH-25JUL25-2200-P,2511.25,sell,1.0,1.0,,,,,,,1749391805.58
283,ETH-253214136,1749400008229,2,0.0365,0.036842,66.25,ETH-25JUL25-2200-P,2525.48,sell,1.0,1.0,,,,,,,1749400008.229
284,ETH-253215010,1749401587520,2,0.036,0.036604,66.06,ETH-25JUL25-2200-P,2528.0,sell,1.0,1.0,,,,,,,1749401587.52
285,ETH-253219408,1749410078953,2,0.0355,0.035901,66.74,ETH-25JUL25-2200-P,2538.65,sell,1.0,1.0,,,,,,,1749410078.953
286,ETH-253223183,1749419726775,2,0.035,0.035174,67.04,ETH-25JUL25-2200-P,2545.87,sell,1.0,1.0,,,,,,,1749419726.775
287,ETH-253227088,1749421990488,0,0.0375,0.038221,66.35,ETH-25JUL25-2200-P,2515.63,sell,1.0,1.0,,,,,,,1749421990.488
288,ETH-253227474,1749422223724,0,0.0385,0.038335,67.12,ETH-25JUL25-2200-P,2514.69,buy,1.0,1.0,,,,,,,1749422223.724
289,ETH-253238606,1749431977545,1,0.0385,0.039146,66.24,ETH-25JUL25-2200-P,2504.53,sell,1.0,1.0,,,,,,,1749431977.545
290,ETH-253242554,1749437474515,0,0.039,0.039678,65.55,ETH-25JUL25-2200-P,2493.56,sell,1.0,1.0,,,,,,,1749437474.515
291,ETH-253248050,1749448002866,0,0.04,0.04015,65.71,ETH-25JUL25-2200-P,2486.66,buy,30.0,30.0,,,,,,,1749448002.866
292,ETH-253248052,1749448005796,1,0.04,0.04014,65.71,ETH-25JUL25-2200-P,2486.64,buy,1.0,1.0,,,,,,,1749448005.796
293,ETH-253248053,1749448005811,1,0.04,0.04014,65.71,ETH-25JUL25-2200-P,2486.64,buy,2.0,2.0,,,,,,,1749448005.811
294,ETH-253248059,1749448011276,1,0.04,0.040113,65.7,ETH-25JUL25-2200-P,2486.56,buy,4.0,4.0,,,,,,,1749448011.276
295,ETH-253248228,1749448363718,2,0.0395,0.039996,64.99,ETH-25JUL25-2200-P,2483.71,sell,166.0,166.0,,,,,,,1749448363.718
296,ETH-253248232,1749448363934,3,0.0395,0.039996,64.99,ETH-25JUL25-2200-P,2483.71,sell,4.0,4.0,,,,,,,1749448363.934
297,ETH-253248234,1749448364124,3,0.0395,0.039996,64.99,ETH-25JUL25-2200-P,2483.71,sell,3.0,3.0,,,,,,,1749448364.124
298,ETH-253248728,1749449317958,0,0.04,0.040331,65.31,ETH-25JUL25-2200-P,2482.64,sell,1.0,1.0,,,,,,,1749449317.958
299,ETH-253252519,1749456301802,2,0.0385,0.039126,65.09,ETH-25JUL25-2200-P,2492.88,sell,1.0,1.0,,,,,,,1749456301.802
300,ETH-253256140,1749461137253,3,0.0385,0.03881,65.35,ETH-25JUL25-2200-P,2495.5,sell,1.0,1.0,,,,,,,1749461137.253
301,ETH-253258648,1749462614714,2,0.036,0.03648,65.43,ETH-25JUL25-2200-P,2518.35,sell,1.0,1.0,,,,,,,1749462614.714
302,ETH-253261682,1749464316528,2,0.035,0.03528,65.56,ETH-25JUL25-2200-P,2529.32,sell,1.0,1.0,,,,,,,1749464316.528
303,ETH-253262591,1749464719309,3,0.035,0.035166,65.74,ETH-25JUL25-2200-P,2531.14,sell,3.0,3.0,,,,,,,1749464719.309
304,ETH-253263677,1749464901076,2,0.0345,0.035165,65.28,ETH-25JUL25-2200-P,2531.25,sell,1.0,1.0,,,,,,,1749464901.076
305,ETH-253264936,1749465237143,2,0.034,0.034512,65.46,ETH-25JUL25-2200-P,2537.89,sell,1.0,1.0,,,,,,,1749465237.143
306,ETH-253274858,1749471870093,3,0.034,0.03426,65.79,ETH-25JUL25-2200-P,2540.68,sell,1.0,1.0,,,,,,,1749471870.093
307,ETH-253275106,1749472236113,3,0.034,0.034416,65.66,ETH-25JUL25-2200-P,2539.39,sell,1.0,1.0,,,,,,,1749472236.113
308,ETH-253275813,1749472523175,2,0.0335,0.033924,65.66,ETH-25JUL25-2200-P,2544.2,sell,1.0,1.0,,,,,,,1749472523.175
309,ETH-253287107,1749478340859,0,0.035,0.035543,65.62,ETH-25JUL25-2200-P,2528.95,sell,1.0,1.0,,,,,,,1749478340.859
310,ETH-253292383,1749481990594,2,0.034,0.034102,66.12,ETH-25JUL25-2200-P,2543.47,buy,1.0,1.0,,,,,,,1749481990.594
311,ETH-253292756,1749482130029,0,0.0345,0.034409,66.32,ETH-25JUL25-2200-P,2540.73,sell,11.0,11.0,,,,,,,1749482130.029
312,ETH-253293351,1749482613605,2,0.034,0.034505,65.77,ETH-25JUL25-2200-P,2540.13,sell,1.0,1.0,,,,,,,1749482613.605
313,ETH-253304289,1749485950313,2,0.0325,0.032844,65.96,ETH-25JUL25-2200-P,2555.34,sell,1.0,1.0,,,,,,,1749485950.313
314,ETH-253310515,1749486379982,2,0.0315,0.031981,66.06,ETH-25JUL25-2200-P,2566.83,sell,1.0,1.0,,,,,,,1749486379.982
315,ETH-253313823,1749486726850,0,0.032,0.031749,66.81,ETH-25JUL25-2200-P,2569.55,buy,1.0,1.0,,,,,,,1749486726.85
316,ETH-253315003,1749487148285,2,0.0315,0.032142,65.93,ETH-25JUL25-2200-P,2565.39,sell,1.0,1.0,,,,,,,1749487148.285
317,ETH-253318910,1749488587253,0,0.032,0.032579,66.03,ETH-25JUL25-2200-P,2561.8,sell,1.0,1.0,,,,,,,1749488587.253
318,ETH-253325133,1749491339059,2,0.0315,0.031345,66.8,ETH-25JUL25-2200-P,2575.48,buy,1.0,1.0,,,,,,,1749491339.059
319,ETH-253325678,1749491922501,3,0.0315,0.031674,66.53,ETH-25JUL25-2200-P,2572.59,sell,1.0,1.0,,,,,,,1749491922.501
320,ETH-253338403,1749503047301,2,0.029,0.029176,66.73,ETH-25JUL25-2200-P,2599.8,sell,5.0,5.0,,,,,,,1749503047.301
321,ETH-253339961,1749503228516,2,0.0275,0.028043,66.53,ETH-25JUL25-2200-P,2615.88,sell,1.0,1.0,,,,,,,1749503228.516
322,ETH-253342859,1749503782232,2,0.027,0.02738,66.85,ETH-25JUL25-2200-P,2625.61,sell,1.0,1.0,,,,,,,1749503782.232
323,ETH-253357109,1749508263643,2,0.025,0.025177,68.1,ETH-25JUL25-2200-P,2664.83,sell,1.0,1.0,,,,,,,1749508263.643
324,ETH-253368660,1749513380551,2,0.024,0.024438,68.45,ETH-25JUL25-2200-P,2681.91,sell,1.0,1.0,,,,,,,1749513380.551
325,ETH-253385889,1749520131930,2,0.022,0.022691,68.29,ETH-25JUL25-2200-P,2708.08,sell,1.0,1.0,,,,,,,1749520131.93
326,ETH-253386521,1749521114352,0,0.0225,0.0225,68.5,ETH-25JUL25-2200-P,2703.36,buy,1.0,1.0,,,,,,,1749521114.352
327,ETH-253386556,1749521120926,1,0.0225,0.0225,68.46,ETH-25JUL25-2200-P,2702.89,buy,24.0,24.0,,,,,,,1749521120.926
328,ETH-253388815,1749521715468,0,0.0235,0.0235,68.75,ETH-25JUL25-2200-P,2691.75,sell,153.0,153.0,,,,,,,1749521715.468
330,ETH-253389540,1749522014831,1,0.024,0.024289,68.43,ETH-25JUL25-2200-P,2680.43,sell,3.0,3.0,,,,,,,1749522014.831
331,ETH-253389541,1749522014831,1,0.024,0.024289,68.43,ETH-25JUL25-2200-P,2680.43,sell,4.0,4.0,,,,,,,1749522014.831
329,ETH-253389539,1749522014831,0,0.024,0.024289,68.43,ETH-25JUL25-2200-P,2680.43,sell,51.0,51.0,,,,,,,1749522014.831
333,ETH-253393592,1749525763605,1,0.024,0.023638,68.88,ETH-25JUL25-2200-P,2685.52,buy,60.0,60.0,,,,,,,1749525763.605
334,ETH-253393593,1749525763605,1,0.024,0.023638,68.88,ETH-25JUL25-2200-P,2685.52,buy,143.0,143.0,,,,,,,1749525763.605
332,ETH-253393591,1749525763605,1,0.024,0.023638,68.88,ETH-25JUL25-2200-P,2685.52,buy,1.0,1.0,,,,,,,1749525763.605
335,ETH-253393594,1749525763730,1,0.024,0.023638,68.88,ETH-25JUL25-2200-P,2685.52,buy,3.0,3.0,,,,,,,1749525763.73
336,ETH-253393595,1749525763854,1,0.024,0.023638,68.88,ETH-25JUL25-2200-P,2685.52,buy,4.0,4.0,,,,,,,1749525763.854
337,ETH-253405103,1749533955555,0,0.0245,0.024498,68.7,ETH-25JUL25-2200-P,2674.98,sell,122.0,122.0,,,,,,,1749533955.555
338,ETH-253405107,1749533955579,1,0.0245,0.024498,68.7,ETH-25JUL25-2200-P,2674.98,sell,1.0,1.0,,,,,,,1749533955.579
339,ETH-253405109,1749533955596,1,0.0245,0.024498,68.7,ETH-25JUL25-2200-P,2674.98,sell,1.0,1.0,,,,,,,1749533955.596
340,ETH-253405110,1749533955612,1,0.0245,0.024498,68.7,ETH-25JUL25-2200-P,2674.98,sell,2.0,2.0,,,,,,,1749533955.612
341,ETH-253405111,1749533955621,1,0.0245,0.024498,68.7,ETH-25JUL25-2200-P,2674.98,sell,1.0,1.0,,,,,,,1749533955.621
344,ETH-253405239,1749534019097,1,0.0245,0.024501,68.79,ETH-25JUL25-2200-P,2676.13,sell,3.0,3.0,,,,,,,1749534019.097
343,ETH-253405238,1749534019097,1,0.0245,0.024501,68.79,ETH-25JUL25-2200-P,2676.13,sell,4.0,4.0,,,,,,,1749534019.097
342,ETH-253405237,1749534019097,1,0.0245,0.024501,68.79,ETH-25JUL25-2200-P,2676.13,sell,77.0,77.0,,,,,,,1749534019.097
345,ETH-253406677,1749535363616,0,0.0255,0.025072,68.99,ETH-25JUL25-2200-P,2664.95,buy,3.0,3.0,,,,,,,1749535363.616
346,ETH-253406678,1749535363722,1,0.0255,0.025072,68.99,ETH-25JUL25-2200-P,2664.95,buy,33.0,33.0,,,,,,,1749535363.722
347,ETH-253406679,1749535363722,1,0.0255,0.025072,68.99,ETH-25JUL25-2200-P,2664.95,buy,171.0,171.0,,,,,,,1749535363.722
348,ETH-253406680,1749535363817,1,0.0255,0.025072,68.99,ETH-25JUL25-2200-P,2664.95,buy,4.0,4.0,,,,,,,1749535363.817
349,ETH-253408553,1749536563592,1,0.0255,0.025037,69.01,ETH-25JUL25-2200-P,2665.22,buy,1.0,1.0,,,,,,,1749536563.592
350,ETH-253408554,1749536563592,1,0.0255,0.025037,69.01,ETH-25JUL25-2200-P,2665.22,buy,203.0,203.0,,,,,,,1749536563.592
351,ETH-253408555,1749536563687,1,0.0255,0.025037,69.01,ETH-25JUL25-2200-P,2665.22,buy,4.0,4.0,,,,,,,1749536563.687
352,ETH-253408556,1749536563779,1,0.0255,0.025037,69.01,ETH-25JUL25-2200-P,2665.22,buy,3.0,3.0,,,,,,,1749536563.779
353,ETH-253412301,1749540061480,2,0.0245,0.02449,68.75,ETH-25JUL25-2200-P,2675.1,sell,127.0,127.0,,,,,,,1749540061.48
354,ETH-253412303,1749540061511,3,0.0245,0.02449,68.75,ETH-25JUL25-2200-P,2675.1,sell,1.0,1.0,,,,,,,1749540061.511
355,ETH-253412304,1749540061523,3,0.0245,0.02449,68.75,ETH-25JUL25-2200-P,2675.1,sell,76.0,76.0,,,,,,,1749540061.523
357,ETH-253412306,1749540061523,3,0.0245,0.02449,68.75,ETH-25JUL25-2200-P,2675.1,sell,4.0,4.0,,,,,,,1749540061.523
356,ETH-253412305,1749540061523,3,0.0245,0.02449,68.75,ETH-25JUL25-2200-P,2675.1,sell,3.0,3.0,,,,,,,1749540061.523
358,ETH-253413580,1749540825848,2,0.024,0.024222,68.54,ETH-25JUL25-2200-P,2679.35,buy,1.0,1.0,,,,,,,1749540825.848
359,ETH-253415972,1749542383288,0,0.0245,0.024233,69.03,ETH-25JUL25-2200-P,2678.32,sell,3.0,3.0,,,,,,,1749542383.288
360,ETH-253415978,1749542395293,1,0.0245,0.024351,69.02,ETH-25JUL25-2200-P,2678.07,sell,200.0,200.0,,,,,,,1749542395.293
361,ETH-253415979,1749542395298,1,0.0245,0.024351,69.02,ETH-25JUL25-2200-P,2678.07,sell,4.0,4.0,,,,,,,1749542395.298
362,ETH-253415980,1749542395298,1,0.0245,0.024351,69.02,ETH-25JUL25-2200-P,2678.07,sell,4.0,4.0,,,,,,,1749542395.298
363,ETH-253418761,1749544550203,2,0.024,0.024038,68.5,ETH-25JUL25-2200-P,2678.62,sell,1.0,1.0,,,,,,,1749544550.203
366,ETH-253418878,1749544571334,3,0.024,0.023984,68.61,ETH-25JUL25-2200-P,2679.93,sell,94.0,94.0,,,,,,,1749544571.334
364,ETH-253418876,1749544571334,3,0.024,0.023984,68.61,ETH-25JUL25-2200-P,2679.93,sell,3.0,3.0,,,,,,,1749544571.334
365,ETH-253418877,1749544571334,3,0.024,0.023984,68.61,ETH-25JUL25-2200-P,2679.93,sell,3.0,3.0,,,,,,,1749544571.334
367,ETH-253418880,1749544571357,3,0.024,0.023984,68.61,ETH-25JUL25-2200-P,2679.93,sell,100.0,100.0,,,,,,,1749544571.357
368,ETH-253418881,1749544571469,3,0.024,0.02398,68.61,ETH-25JUL25-2200-P,2679.92,sell,10.0,10.0,,,,,,,1749544571.469
369,ETH-253423139,1749549983423,2,0.0232,0.023182,68.88,ETH-25JUL25-2200-P,2694.22,buy,1.0,1.0,,,,ETH-ICOND-25JUL25-2000_2200_3200_3500,ETH-253423138,,1749549983.423
370,ETH-253424753,1749551456212,0,0.0235,0.023561,68.92,ETH-25JUL25-2200-P,2689.55,buy,1.0,1.0,,,,,,,1749551456.212
371,ETH-253425709,1749552763708,0,0.024,0.023598,69.72,ETH-25JUL25-2200-P,2692.08,buy,1.0,1.0,,,,,,,1749552763.708
372,ETH-253425710,1749552763708,1,0.024,0.023598,69.72,ETH-25JUL25-2200-P,2692.08,buy,203.0,203.0,,,,,,,1749552763.708
373,ETH-253425711,1749552763816,1,0.024,0.023598,69.72,ETH-25JUL25-2200-P,2692.08,buy,4.0,4.0,,,,,,,1749552763.816
374,ETH-253425712,1749552763909,1,0.024,0.023598,69.72,ETH-25JUL25-2200-P,2692.08,buy,3.0,3.0,,,,,,,1749552763.909
375,ETH-253426528,1749553865660,2,0.0235,0.023271,69.69,ETH-25JUL25-2200-P,2697.92,buy,1.0,1.0,,,,,,,1749553865.66
376,ETH-253426750,1749553896276,2,0.023,0.023249,69.17,ETH-25JUL25-2200-P,2698.63,sell,65.0,65.0,,,,,,,1749553896.276
378,ETH-253435026,1749555140969,3,0.02,0.019897,71.39,ETH-25JUL25-2200-P,2774.25,sell,20.0,20.0,,,,,,,1749555140.969
377,ETH-253435025,1749555140969,2,0.02,0.019897,71.39,ETH-25JUL25-2200-P,2774.25,sell,1.0,1.0,,,,,,,1749555140.969
381,ETH-253442566,1749556449351,1,0.021,0.020908,72.35,ETH-25JUL25-2200-P,2769.92,sell,3.0,3.0,,,,,,,1749556449.351
380,ETH-253442565,1749556449351,1,0.021,0.020908,72.35,ETH-25JUL25-2200-P,2769.92,sell,203.0,203.0,,,,,,,1749556449.351
379,ETH-253442564,1749556449351,0,0.021,0.020908,72.35,ETH-25JUL25-2200-P,2769.92,sell,4.0,4.0,,,,,,,1749556449.351
382,ETH-253448288,1749558763528,0,0.022,0.021692,72.82,ETH-25JUL25-2200-P,2758.57,buy,3.0,3.0,,,,,,,1749558763.528
384,ETH-253448290,1749558763620,1,0.022,0.021692,72.82,ETH-25JUL25-2200-P,2758.57,buy,1.0,1.0,,,,,,,1749558763.62
383,ETH-253448289,1749558763620,1,0.022,0.021692,72.82,ETH-25JUL25-2200-P,2758.57,buy,62.0,62.0,,,,,,,1749558763.62
385,ETH-253448291,1749558763620,0,0.0225,0.021692,73.43,ETH-25JUL25-2200-P,2758.57,buy,140.0,140.0,,,,,,,1749558763.62
386,ETH-253448292,1749558763711,1,0.0225,0.021692,73.43,ETH-25JUL25-2200-P,2758.57,buy,4.0,4.0,,,,,,,1749558763.711
387,ETH-253450577,1749559491697,2,0.0215,0.021377,73.05,ETH-25JUL25-2200-P,2769.57,sell,75.0,75.0,,,,,,,1749559491.697
388,ETH-253450727,1749559518675,3,0.0215,0.021645,72.82,ETH-25JUL25-2200-P,2766.73,sell,75.0,75.0,,,,,,,1749559518.675
389,ETH-253451645,1749559963447,0,0.022,0.021864,73.25,ETH-25JUL25-2200-P,2764.61,buy,1.0,1.0,,,,,,,1749559963.447
390,ETH-253451646,1749559963447,1,0.022,0.021864,73.25,ETH-25JUL25-2200-P,2764.61,buy,51.0,51.0,,,,,,,1749559963.447
391,ETH-253451647,1749559963546,1,0.022,0.021841,73.25,ETH-25JUL25-2200-P,2764.56,buy,4.0,4.0,,,,,,,1749559963.546
392,ETH-253451648,1749559963642,1,0.022,0.021841,73.25,ETH-25JUL25-2200-P,2764.56,buy,3.0,3.0,,,,,,,1749559963.642
393,ETH-253456797,1749562269347,1,0.022,0.022209,72.86,ETH-25JUL25-2200-P,2759.16,buy,1.0,1.0,,,,,,,1749562269.347
394,ETH-253458125,1749562417058,1,0.022,0.022508,72.38,ETH-25JUL25-2200-P,2752.68,sell,1.0,1.0,,,,,,,1749562417.058
395,ETH-253462346,1749563112217,0,0.024,0.024122,72.8,ETH-25JUL25-2200-P,2727.61,sell,4.0,4.0,,,,,,,1749563112.217
397,ETH-253462348,1749563112217,1,0.024,0.024122,72.8,ETH-25JUL25-2200-P,2727.61,sell,3.0,3.0,,,,,,,1749563112.217
396,ETH-253462347,1749563112217,1,0.024,0.024122,72.8,ETH-25JUL25-2200-P,2727.61,sell,202.0,202.0,,,,,,,1749563112.217
398,ETH-253471744,1749566283895,2,0.023,0.023208,72.83,ETH-25JUL25-2200-P,2743.21,sell,20.0,20.0,,,,,,,1749566283.895
399,ETH-253471745,1749566283895,3,0.023,0.023208,72.83,ETH-25JUL25-2200-P,2743.21,sell,80.0,80.0,,,,,,,1749566283.895
400,ETH-253472179,1749566469079,3,0.023,0.023383,72.57,ETH-25JUL25-2200-P,2740.1,sell,100.0,100.0,,,,,,,1749566469.079
401,ETH-253475673,1749567963378,3,0.023,0.022917,72.93,ETH-25JUL25-2200-P,2743.85,buy,50.0,50.0,,,,,,,1749567963.378
402,ETH-253475733,1749567980944,3,0.023,0.022968,72.86,ETH-25JUL25-2200-P,2743.13,buy,100.0,100.0,,,,,,,1749567980.944
403,ETH-253476950,1749568338808,2,0.0225,0.022605,72.6,ETH-25JUL25-2200-P,2747.7,sell,30.0,30.0,,,,,,,1749568338.808
404,ETH-253477614,1749568702501,3,0.0225,0.022445,72.81,ETH-25JUL25-2200-P,2750.44,buy,5.0,5.0,,,,,,,1749568702.501
405,ETH-253477615,1749568702822,3,0.0225,0.022445,72.81,ETH-25JUL25-2200-P,2750.44,buy,3.0,3.0,,,,,,,1749568702.822
406,ETH-253477630,1749568731722,3,0.0225,0.022477,72.72,ETH-25JUL25-2200-P,2749.12,buy,62.0,62.0,,,,,,,1749568731.722
408,ETH-253482774,1749569664990,1,0.0255,0.025645,72.5,ETH-25JUL25-2200-P,2702.25,sell,202.0,202.0,,,,,,,1749569664.99
409,ETH-253482775,1749569664990,1,0.0255,0.025645,72.5,ETH-25JUL25-2200-P,2702.25,sell,3.0,3.0,,,,,,,1749569664.99
407,ETH-253482773,1749569664990,0,0.0255,0.025645,72.5,ETH-25JUL25-2200-P,2702.25,sell,4.0,4.0,,,,,,,1749569664.99
410,ETH-253484759,1749570422106,2,0.0245,0.024423,72.91,ETH-25JUL25-2200-P,2721.08,sell,125.0,125.0,,,,,,,1749570422.106
412,ETH-253484761,1749570422114,3,0.0245,0.024423,72.91,ETH-25JUL25-2200-P,2721.08,sell,3.0,3.0,,,,,,,1749570422.114
411,ETH-253484760,1749570422114,3,0.0245,0.024423,72.91,ETH-25JUL25-2200-P,2721.08,sell,77.0,77.0,,,,,,,1749570422.114
413,ETH-253484762,1749570422114,3,0.0245,0.024423,72.91,ETH-25JUL25-2200-P,2721.08,sell,4.0,4.0,,,,,,,1749570422.114
414,ETH-253497639,1749575023207,2,0.024,0.023856,73.48,ETH-25JUL25-2200-P,2734.95,sell,3.0,3.0,,,,,,,1749575023.207
415,ETH-253497640,1749575023308,3,0.024,0.023856,73.48,ETH-25JUL25-2200-P,2734.95,sell,1.0,1.0,,,,,,,1749575023.308
416,ETH-253497645,1749575026403,3,0.024,0.023864,73.52,ETH-25JUL25-2200-P,2735.44,sell,201.0,201.0,,,,,,,1749575026.403
417,ETH-253497646,1749575026403,3,0.024,0.023864,73.52,ETH-25JUL25-2200-P,2735.44,sell,4.0,4.0,,,,,,,1749575026.403
418,ETH-253498606,1749575717793,2,0.023,0.023218,72.99,ETH-25JUL25-2200-P,2743.95,buy,30.0,30.0,,,,,,,1749575717.793
419,ETH-253502678,1749577963424,0,0.0235,0.023439,73.13,ETH-25JUL25-2200-P,2738.03,buy,20.0,20.0,,,,,,,1749577963.424
421,ETH-253502680,1749577963424,1,0.024,0.023439,73.73,ETH-25JUL25-2200-P,2738.03,buy,146.0,146.0,,,,,,,1749577963.424
420,ETH-253502679,1749577963424,0,0.024,0.023439,73.73,ETH-25JUL25-2200-P,2738.03,buy,36.0,36.0,,,,,,,1749577963.424
422,ETH-253502692,1749577963601,1,0.024,0.023439,73.73,ETH-25JUL25-2200-P,2738.03,buy,3.0,3.0,,,,,,,1749577963.601
423,ETH-253502695,1749577963775,1,0.024,0.023439,73.73,ETH-25JUL25-2200-P,2738.03,buy,4.0,4.0,,,,,,,1749577963.775
424,ETH-253521441,1749584304798,2,0.0205,0.020532,74.22,ETH-25JUL25-2200-P,2799.27,sell,2.0,2.0,,,,,,,1749584304.798
425,ETH-253521497,1749584305258,3,0.0205,0.020532,74.22,ETH-25JUL25-2200-P,2799.27,sell,13.0,13.0,,,,,,,1749584305.258
426,ETH-253529777,1749585822415,0,0.0225,0.022446,74.14,ETH-25JUL25-2200-P,2764.68,sell,3.0,3.0,,,,,,,1749585822.415
427,ETH-253529778,1749585822570,1,0.0225,0.022446,74.14,ETH-25JUL25-2200-P,2764.68,sell,4.0,4.0,,,,,,,1749585822.57
428,ETH-253529779,1749585822658,1,0.0225,0.022446,74.14,ETH-25JUL25-2200-P,2764.68,sell,3.0,3.0,,,,,,,1749585822.658
429,ETH-253529780,1749585822878,1,0.0225,0.022467,74.14,ETH-25JUL25-2200-P,2764.66,sell,3.0,3.0,,,,,,,1749585822.878
430,ETH-253529781,1749585822915,1,0.0225,0.022467,74.14,ETH-25JUL25-2200-P,2764.66,sell,2.0,2.0,,,,,,,1749585822.915
431,ETH-253529782,1749585823373,1,0.0225,0.022467,74.14,ETH-25JUL25-2200-P,2764.66,sell,1.0,1.0,,,,,,,1749585823.373
432,ETH-253529787,1749585823441,1,0.0225,0.022467,74.14,ETH-25JUL25-2200-P,2764.66,sell,3.0,3.0,,,,,,,1749585823.441
433,ETH-253529790,1749585823551,1,0.0225,0.022467,74.14,ETH-25JUL25-2200-P,2764.66,sell,3.0,3.0,,,,,,,1749585823.551
434,ETH-253529801,1749585824060,1,0.0225,0.022467,74.16,ETH-25JUL25-2200-P,2764.97,sell,1.0,1.0,,,,,,,1749585824.06
435,ETH-253529805,1749585824335,1,0.0225,0.022467,74.16,ETH-25JUL25-2200-P,2764.97,sell,12.0,12.0,,,,,,,1749585824.335
436,ETH-253529808,1749585824473,1,0.0225,0.022467,74.16,ETH-25JUL25-2200-P,2764.97,sell,1.0,1.0,,,,,,,1749585824.473
437,ETH-253529814,1749585825262,1,0.0225,0.022474,74.21,ETH-25JUL25-2200-P,2765.61,sell,2.0,2.0,,,,,,,1749585825.262
438,ETH-253529815,1749585825774,1,0.0225,0.022474,74.21,ETH-25JUL25-2200-P,2765.61,sell,2.0,2.0,,,,,,,1749585825.774
439,ETH-253529821,1749585826237,1,0.0225,0.022427,74.25,ETH-25JUL25-2200-P,2766.04,sell,148.0,148.0,,,,,,,1749585826.237
441,ETH-253529823,1749585826238,1,0.0225,0.022427,74.25,ETH-25JUL25-2200-P,2766.04,sell,4.0,4.0,,,,,,,1749585826.238
440,ETH-253529822,1749585826238,1,0.0225,0.022427,74.25,ETH-25JUL25-2200-P,2766.04,sell,17.0,17.0,,,,,,,1749585826.238
443,ETH-253532091,1749586790404,1,0.023,0.022918,74.19,ETH-25JUL25-2200-P,2757.35,sell,4.0,4.0,,,,,,,1749586790.404
442,ETH-253532090,1749586790404,0,0.023,0.022918,74.19,ETH-25JUL25-2200-P,2757.35,sell,3.0,3.0,,,,,,,1749586790.404
444,ETH-253532092,1749586790404,1,0.023,0.022918,74.19,ETH-25JUL25-2200-P,2757.35,sell,127.0,127.0,,,,,,,1749586790.404
445,ETH-253532094,1749586790413,1,0.023,0.022918,74.19,ETH-25JUL25-2200-P,2757.35,sell,1.0,1.0,,,,,,,1749586790.413
446,ETH-253532095,1749586790429,1,0.023,0.022918,74.19,ETH-25JUL25-2200-P,2757.35,sell,1.0,1.0,,,,,,,1749586790.429
447,ETH-253532096,1749586790451,1,0.023,0.022918,74.19,ETH-25JUL25-2200-P,2757.35,sell,1.0,1.0,,,,,,,1749586790.451
448,ETH-253532099,1749586790667,1,0.023,0.022918,74.19,ETH-25JUL25-2200-P,2757.35,sell,2.0,2.0,,,,,,,1749586790.667
449,ETH-253532104,1749586790686,1,0.023,0.022918,74.19,ETH-25JUL25-2200-P,2757.35,sell,2.0,2.0,,,,,,,1749586790.686
450,ETH-253532106,1749586790702,1,0.023,0.022918,74.19,ETH-25JUL25-2200-P,2757.35,sell,1.0,1.0,,,,,,,1749586790.702
451,ETH-253532114,1749586794461,1,0.023,0.022886,74.28,ETH-25JUL25-2200-P,2758.49,sell,3.0,3.0,,,,,,,1749586794.461
452,ETH-253532115,1749586794468,1,0.023,0.022886,74.28,ETH-25JUL25-2200-P,2758.49,sell,1.0,1.0,,,,,,,1749586794.468
453,ETH-253532116,1749586794910,1,0.023,0.022868,74.3,ETH-25JUL25-2200-P,2758.78,sell,5.0,5.0,,,,,,,1749586794.91
454,ETH-253532117,1749586794915,1,0.023,0.022868,74.3,ETH-25JUL25-2200-P,2758.78,sell,1.0,1.0,,,,,,,1749586794.915
455,ETH-253532119,1749586795678,1,0.023,0.022868,74.3,ETH-25JUL25-2200-P,2758.78,sell,1.0,1.0,,,,,,,1749586795.678
456,ETH-253532120,1749586796412,1,0.023,0.022854,74.34,ETH-25JUL25-2200-P,2759.25,sell,1.0,1.0,,,,,,,1749586796.412
457,ETH-253532121,1749586796417,1,0.023,0.022854,74.34,ETH-25JUL25-2200-P,2759.25,sell,1.0,1.0,,,,,,,1749586796.417
458,ETH-253532123,1749586797245,1,0.023,0.022854,74.36,ETH-25JUL25-2200-P,2759.57,sell,1.0,1.0,,,,,,,1749586797.245
459,ETH-253532126,1749586797256,1,0.023,0.022854,74.36,ETH-25JUL25-2200-P,2759.57,sell,1.0,1.0,,,,,,,1749586797.256
460,ETH-253532127,1749586797258,1,0.023,0.022854,74.36,ETH-25JUL25-2200-P,2759.57,sell,52.0,52.0,,,,,,,1749586797.258
461,ETH-253538273,1749590562793,0,0.0235,0.023239,74.29,ETH-25JUL25-2200-P,2750.37,buy,202.0,202.0,,,,,,,1749590562.793
462,ETH-253538274,1749590562884,1,0.0235,0.023239,74.29,ETH-25JUL25-2200-P,2750.37,buy,4.0,4.0,,,,,,,1749590562.884
463,ETH-253538275,1749590562973,1,0.0235,0.023239,74.29,ETH-25JUL25-2200-P,2750.37,buy,3.0,3.0,,,,,,,1749590562.973
464,ETH-253557512,1749597763377,2,0.0215,0.021167,75.42,ETH-25JUL25-2200-P,2794.99,buy,4.0,4.0,,,,,,,1749597763.377
468,ETH-253557516,1749597763494,0,0.022,0.021167,76.06,ETH-25JUL25-2200-P,2794.99,buy,123.0,123.0,,,,,,,1749597763.494
466,ETH-253557514,1749597763494,3,0.0215,0.021167,75.42,ETH-25JUL25-2200-P,2794.99,buy,1.0,1.0,,,,,,,1749597763.494
465,ETH-253557513,1749597763494,3,0.0215,0.021167,75.42,ETH-25JUL25-2200-P,2794.99,buy,56.0,56.0,,,,,,,1749597763.494
467,ETH-253557515,1749597763494,3,0.0215,0.021167,75.42,ETH-25JUL25-2200-P,2794.99,buy,22.0,22.0,,,,,,,1749597763.494
469,ETH-253557517,1749597763610,1,0.022,0.021167,76.06,ETH-25JUL25-2200-P,2794.99,buy,3.0,3.0,,,,,,,1749597763.61
470,ETH-253564245,1749600864962,2,0.0195,0.020027,74.74,ETH-25JUL25-2200-P,2821.71,sell,1.0,1.0,,,,,,,1749600864.962
471,ETH-253567046,1749601539155,0,0.0205,0.02062,75.05,ETH-25JUL25-2200-P,2807.94,buy,15.0,15.0,,,,,,,1749601539.155
472,ETH-253568131,1749602022249,0,0.021,0.021027,75.12,ETH-25JUL25-2200-P,2800.18,sell,3.0,3.0,,,,,,,1749602022.249
473,ETH-253568132,1749602022402,1,0.021,0.021032,75.14,ETH-25JUL25-2200-P,2800.37,sell,116.0,116.0,,,,,,,1749602022.402
474,ETH-253568136,1749602023205,1,0.021,0.021032,75.14,ETH-25JUL25-2200-P,2800.37,sell,1.0,1.0,,,,,,,1749602023.205
475,ETH-253568137,1749602023208,1,0.021,0.021032,75.14,ETH-25JUL25-2200-P,2800.37,sell,1.0,1.0,,,,,,,1749602023.208
476,ETH-253568138,1749602023213,1,0.021,0.021032,75.14,ETH-25JUL25-2200-P,2800.37,sell,1.0,1.0,,,,,,,1749602023.213
477,ETH-253568143,1749602024073,1,0.021,0.021009,75.14,ETH-25JUL25-2200-P,2800.44,sell,1.0,1.0,,,,,,,1749602024.073
478,ETH-253568144,1749602024078,1,0.021,0.021009,75.14,ETH-25JUL25-2200-P,2800.44,sell,1.0,1.0,,,,,,,1749602024.078
479,ETH-253568145,1749602024082,1,0.021,0.021009,75.14,ETH-25JUL25-2200-P,2800.44,sell,1.0,1.0,,,,,,,1749602024.082
480,ETH-253568147,1749602024150,1,0.021,0.021009,75.14,ETH-25JUL25-2200-P,2800.44,sell,1.0,1.0,,,,,,,1749602024.15
481,ETH-253568148,1749602024156,1,0.021,0.021009,75.14,ETH-25JUL25-2200-P,2800.44,sell,1.0,1.0,,,,,,,1749602024.156
482,ETH-253568152,1749602024522,1,0.021,0.021002,75.16,ETH-25JUL25-2200-P,2800.63,sell,1.0,1.0,,,,,,,1749602024.522
483,ETH-253568153,1749602024529,1,0.021,0.021002,75.16,ETH-25JUL25-2200-P,2800.63,sell,1.0,1.0,,,,,,,1749602024.529
484,ETH-253568154,1749602024535,1,0.021,0.021002,75.16,ETH-25JUL25-2200-P,2800.63,sell,1.0,1.0,,,,,,,1749602024.535
485,ETH-253568155,1749602024559,1,0.021,0.021002,75.16,ETH-25JUL25-2200-P,2800.63,sell,1.0,1.0,,,,,,,1749602024.559
486,ETH-253568156,1749602024631,1,0.021,0.021002,75.16,ETH-25JUL25-2200-P,2800.63,sell,6.0,6.0,,,,,,,1749602024.631
487,ETH-253568159,1749602024748,1,0.021,0.021002,75.16,ETH-25JUL25-2200-P,2800.63,sell,1.0,1.0,,,,,,,1749602024.748
488,ETH-253568160,1749602024812,1,0.021,0.021002,75.16,ETH-25JUL25-2200-P,2800.63,sell,1.0,1.0,,,,,,,1749602024.812
489,ETH-253568161,1749602024887,1,0.021,0.021002,75.16,ETH-25JUL25-2200-P,2800.63,sell,1.0,1.0,,,,,,,1749602024.887
490,ETH-253568162,1749602024907,1,0.021,0.021002,75.16,ETH-25JUL25-2200-P,2800.63,sell,1.0,1.0,,,,,,,1749602024.907
491,ETH-253568163,1749602025405,1,0.021,0.021003,75.2,ETH-25JUL25-2200-P,2801.17,sell,1.0,1.0,,,,,,,1749602025.405
492,ETH-253568172,1749602030130,1,0.021,0.020959,75.23,ETH-25JUL25-2200-P,2801.6,sell,1.0,1.0,,,,,,,1749602030.13
493,ETH-253568175,1749602030370,1,0.021,0.020964,75.24,ETH-25JUL25-2200-P,2801.7,sell,4.0,4.0,,,,,,,1749602030.37
494,ETH-253568209,1749602056982,1,0.021,0.021077,75.27,ETH-25JUL25-2200-P,2802.19,sell,1.0,1.0,,,,,,,1749602056.982
495,ETH-253568215,1749602057190,1,0.021,0.021077,75.27,ETH-25JUL25-2200-P,2802.19,sell,8.0,8.0,,,,,,,1749602057.19
496,ETH-253568217,1749602057289,1,0.021,0.021077,75.27,ETH-25JUL25-2200-P,2802.19,sell,2.0,2.0,,,,,,,1749602057.289
498,ETH-253568268,1749602066128,1,0.021,0.021038,75.3,ETH-25JUL25-2200-P,2802.49,sell,4.0,4.0,,,,,,,1749602066.128
497,ETH-253568267,1749602066128,1,0.021,0.021038,75.3,ETH-25JUL25-2200-P,2802.49,sell,46.0,46.0,,,,,,,1749602066.128
499,ETH-253572593,1749604963077,0,0.022,0.021876,75.26,ETH-25JUL25-2200-P,2785.28,buy,4.0,4.0,,,,,,,1749604963.077
500,ETH-253572594,1749604963171,1,0.022,0.021876,75.26,ETH-25JUL25-2200-P,2785.28,buy,202.0,202.0,,,,,,,1749604963.171
501,ETH-253572595,1749604963256,1,0.022,0.021876,75.26,ETH-25JUL25-2200-P,2785.28,buy,3.0,3.0,,,,,,,1749604963.256
502,ETH-253575674,1749607232523,2,0.0215,0.021483,74.76,ETH-25JUL25-2200-P,2787.11,sell,113.0,113.0,,,,,,,1749607232.523
503,ETH-253575675,1749607232528,3,0.0215,0.021483,74.76,ETH-25JUL25-2200-P,2787.11,sell,2.0,2.0,,,,,,,1749607232.528
504,ETH-253575676,1749607232534,3,0.0215,0.021483,74.76,ETH-25JUL25-2200-P,2787.11,sell,1.0,1.0,,,,,,,1749607232.534
505,ETH-253575683,1749607238084,3,0.0215,0.021499,74.77,ETH-25JUL25-2200-P,2787.35,sell,86.0,86.0,,,,,,,1749607238.084
506,ETH-253575684,1749607238084,3,0.0215,0.021499,74.77,ETH-25JUL25-2200-P,2787.35,sell,4.0,4.0,,,,,,,1749607238.084
507,ETH-253575685,1749607238084,3,0.0215,0.021499,74.77,ETH-25JUL25-2200-P,2787.35,sell,3.0,3.0,,,,,,,1749607238.084
508,ETH-253577913,1749609763094,3,0.0215,0.021187,74.56,ETH-25JUL25-2200-P,2784.21,buy,1.0,1.0,,,,,,,1749609763.094
509,ETH-253577914,1749609763094,3,0.0215,0.021187,74.56,ETH-25JUL25-2200-P,2784.21,buy,2.0,2.0,,,,,,,1749609763.094
510,ETH-253577915,1749609763182,3,0.0215,0.021187,74.56,ETH-25JUL25-2200-P,2784.21,buy,4.0,4.0,,,,,,,1749609763.182
511,ETH-253577916,1749609763263,3,0.0215,0.021197,74.56,ETH-25JUL25-2200-P,2784.22,buy,54.0,54.0,,,,,,,1749609763.263
512,ETH-253577917,1749609763263,3,0.0215,0.021197,74.56,ETH-25JUL25-2200-P,2784.22,buy,21.0,21.0,,,,,,,1749609763.263
513,ETH-253577918,1749609763263,3,0.0215,0.021197,74.56,ETH-25JUL25-2200-P,2784.22,buy,127.0,127.0,,,,,,,1749609763.263
514,ETH-253590216,1749619963914,2,0.0205,0.020349,74.25,ETH-25JUL25-2200-P,2796.43,buy,3.0,3.0,,,,,,,1749619963.914
515,ETH-253590217,1749619964062,3,0.0205,0.020349,74.25,ETH-25JUL25-2200-P,2796.43,buy,47.0,47.0,,,,,,,1749619964.062
516,ETH-253590218,1749619964062,3,0.0205,0.020349,74.25,ETH-25JUL25-2200-P,2796.43,buy,1.0,1.0,,,,,,,1749619964.062
517,ETH-253590219,1749619964062,0,0.021,0.020349,74.9,ETH-25JUL25-2200-P,2796.43,buy,154.0,154.0,,,,,,,1749619964.062
518,ETH-253590220,1749619964199,1,0.021,0.020349,74.9,ETH-25JUL25-2200-P,2796.43,buy,4.0,4.0,,,,,,,1749619964.199
519,ETH-253595358,1749626766362,2,0.02,0.020339,73.45,ETH-25JUL25-2200-P,2793.12,sell,4.0,4.0,,,,,,,1749626766.362
521,ETH-253601556,1749630123258,1,0.021,0.020994,73.76,ETH-25JUL25-2200-P,2779.18,sell,4.0,4.0,,,,,,,1749630123.258
522,ETH-253601557,1749630123258,1,0.021,0.020994,73.76,ETH-25JUL25-2200-P,2779.18,sell,106.0,106.0,,,,,,,1749630123.258
520,ETH-253601555,1749630123258,0,0.021,0.020994,73.76,ETH-25JUL25-2200-P,2779.18,sell,3.0,3.0,,,,,,,1749630123.258
523,ETH-253601558,1749630123263,1,0.021,0.020994,73.76,ETH-25JUL25-2200-P,2779.18,sell,1.0,1.0,,,,,,,1749630123.263
524,ETH-253601559,1749630123311,1,0.021,0.020994,73.76,ETH-25JUL25-2200-P,2779.18,sell,2.0,2.0,,,,,,,1749630123.311
525,ETH-253601560,1749630123316,1,0.021,0.020994,73.76,ETH-25JUL25-2200-P,2779.18,sell,1.0,1.0,,,,,,,1749630123.316
526,ETH-253601561,1749630124118,1,0.021,0.021,73.77,ETH-25JUL25-2200-P,2779.34,sell,1.0,1.0,,,,,,,1749630124.118
527,ETH-253601593,1749630152793,1,0.021,0.021101,73.69,ETH-25JUL25-2200-P,2778.39,sell,75.0,75.0,,,,,,,1749630152.793
528,ETH-253601609,1749630164451,0,0.0215,0.021075,74.35,ETH-25JUL25-2200-P,2778.67,buy,16.0,16.0,,,,,,,1749630164.451
529,ETH-253601610,1749630164737,2,0.021,0.021075,73.72,ETH-25JUL25-2200-P,2778.67,buy,16.0,16.0,,,,,,,1749630164.737
530,ETH-253601682,1749630226866,3,0.021,0.021141,73.62,ETH-25JUL25-2200-P,2777.47,buy,35.0,35.0,,,,,,,1749630226.866
531,ETH-253606693,1749631963969,0,0.0215,0.021376,73.57,ETH-25JUL25-2200-P,2769.34,buy,1.0,1.0,,,,,,,1749631963.969
532,ETH-253606694,1749631963969,1,0.0215,0.021376,73.57,ETH-25JUL25-2200-P,2769.34,buy,2.0,2.0,,,,,,,1749631963.969
533,ETH-253606695,1749631964078,1,0.0215,0.021376,73.57,ETH-25JUL25-2200-P,2769.34,buy,202.0,202.0,,,,,,,1749631964.078
534,ETH-253606696,1749631964180,1,0.0215,0.021376,73.57,ETH-25JUL25-2200-P,2769.34,buy,4.0,4.0,,,,,,,1749631964.18
535,ETH-253607519,1749632612095,2,0.021,0.021518,72.59,ETH-25JUL25-2200-P,2764.77,sell,1.0,1.0,,,,,,,1749632612.095
536,ETH-253608844,1749633162294,3,0.021,0.021341,72.67,ETH-25JUL25-2200-P,2766.15,sell,2.0,2.0,,,,,,,1749633162.294
537,ETH-253608848,1749633164508,0,0.0215,0.021315,73.32,ETH-25JUL25-2200-P,2766.41,buy,1.0,1.0,,,,,,,1749633164.508
538,ETH-253608849,1749633164508,1,0.0215,0.021315,73.32,ETH-25JUL25-2200-P,2766.41,buy,76.0,76.0,,,,,,,1749633164.508
539,ETH-253608850,1749633164508,0,0.022,0.021315,73.95,ETH-25JUL25-2200-P,2766.41,buy,123.0,123.0,,,,,,,1749633164.508
540,ETH-253608851,1749633164605,2,0.0215,0.021315,73.32,ETH-25JUL25-2200-P,2766.41,buy,4.0,4.0,,,,,,,1749633164.605
541,ETH-253608852,1749633164716,3,0.0215,0.021315,73.32,ETH-25JUL25-2200-P,2766.41,buy,3.0,3.0,,,,,,,1749633164.716
542,ETH-253613348,1749636164359,0,0.022,0.021692,73.51,ETH-25JUL25-2200-P,2760.79,buy,4.0,4.0,,,,,,,1749636164.359
543,ETH-253613349,1749636164454,1,0.022,0.021692,73.51,ETH-25JUL25-2200-P,2760.79,buy,3.0,3.0,,,,,,,1749636164.454
544,ETH-253613350,1749636164557,1,0.022,0.021692,73.51,ETH-25JUL25-2200-P,2760.79,buy,203.0,203.0,,,,,,,1749636164.557
545,ETH-253617225,1749640569185,2,0.021,0.020997,72.58,ETH-25JUL25-2200-P,2764.95,buy,44.0,44.0,,,,,,,1749640569.185
546,ETH-253619220,1749642496090,3,0.021,0.021007,72.77,ETH-25JUL25-2200-P,2766.84,sell,1.0,1.0,,,,,,,1749642496.09
547,ETH-253619270,1749642584819,3,0.021,0.021008,72.87,ETH-25JUL25-2200-P,2768.4,sell,6.0,6.0,,,,,,,1749642584.819
548,ETH-253619271,1749642588365,3,0.021,0.020998,72.89,ETH-25JUL25-2200-P,2768.59,sell,3.0,3.0,,,,,,,1749642588.365
551,ETH-253619334,1749642728745,3,0.021,0.021001,73.01,ETH-25JUL25-2200-P,2769.46,sell,4.0,4.0,,,,,,,1749642728.745
550,ETH-253619333,1749642728745,3,0.021,0.021001,73.01,ETH-25JUL25-2200-P,2769.46,sell,3.0,3.0,,,,,,,1749642728.745
549,ETH-253619332,1749642728745,3,0.021,0.021001,73.01,ETH-25JUL25-2200-P,2769.46,sell,193.0,193.0,,,,,,,1749642728.745
552,ETH-253640837,1749646502257,2,0.0195,0.019843,73.3,ETH-25JUL25-2200-P,2798.7,buy,5.0,5.0,,,,,,,1749646502.257
553,ETH-253655717,1749651436437,2,0.019,0.018703,74.31,ETH-25JUL25-2200-P,2820.78,buy,1.0,1.0,,,,,,,1749651436.437
554,ETH-253655735,1749651441006,3,0.019,0.01868,74.32,ETH-25JUL25-2200-P,2820.86,buy,1.0,1.0,,,,,,,1749651441.006
555,ETH-253655759,1749651443136,3,0.019,0.018697,74.28,ETH-25JUL25-2200-P,2820.34,buy,1.0,1.0,,,,,,,1749651443.136
556,ETH-253657650,1749651748445,2,0.0185,0.018416,74.3,ETH-25JUL25-2200-P,2830.0,buy,6.0,6.0,,,,,,,1749651748.445
557,ETH-253658704,1749651862998,3,0.0185,0.01835,74.51,ETH-25JUL25-2200-P,2832.7,buy,1.0,1.0,,,,,,,1749651862.998
558,ETH-253658726,1749651863206,3,0.0185,0.018365,74.51,ETH-25JUL25-2200-P,2832.62,buy,5.0,5.0,,,,,,,1749651863.206
559,ETH-253663915,1749652466104,2,0.018,0.018046,75.3,ETH-25JUL25-2200-P,2852.86,sell,1.0,1.0,,,,,,,1749652466.104
560,ETH-253663921,1749652467104,3,0.018,0.017988,75.33,ETH-25JUL25-2200-P,2853.3,sell,1.0,1.0,,,,,,,1749652467.104
561,ETH-253663929,1749652467880,3,0.018,0.017951,75.35,ETH-25JUL25-2200-P,2853.52,sell,4.0,4.0,,,,,,,1749652467.88
562,ETH-253663937,1749652467958,3,0.018,0.017951,75.35,ETH-25JUL25-2200-P,2853.52,sell,2.0,2.0,,,,,,,1749652467.958
563,ETH-253663938,1749652467978,3,0.018,0.017951,75.35,ETH-25JUL25-2200-P,2853.52,sell,12.0,12.0,,,,,,,1749652467.978
564,ETH-253671758,1749654601012,0,0.0185,0.018596,74.57,ETH-25JUL25-2200-P,2832.73,buy,1.0,1.0,,,,,,,1749654601.012
565,ETH-253684364,1749657335186,2,0.017,0.017213,75.05,ETH-25JUL25-2200-P,2868.05,sell,1.0,1.0,,,,,,,1749657335.186
566,ETH-253712034,1749665057486,0,0.019,0.019213,74.04,ETH-25JUL25-2200-P,2815.34,buy,1.0,1.0,,,,,,,1749665057.486
567,ETH-253712036,1749665057562,1,0.019,0.019213,74.04,ETH-25JUL25-2200-P,2815.34,buy,1.0,1.0,,,,,,,1749665057.562
568,ETH-253722351,1749668105449,2,0.0185,0.018717,74.36,ETH-25JUL25-2200-P,2828.59,sell,63.0,63.0,,,,,,,1749668105.449
569,ETH-253722352,1749668105452,3,0.0185,0.018717,74.36,ETH-25JUL25-2200-P,2828.59,buy,2.0,2.0,,,,,,,1749668105.452
570,ETH-253722353,1749668105459,3,0.0185,0.018717,74.36,ETH-25JUL25-2200-P,2828.59,buy,60.0,60.0,,,,,,,1749668105.459
571,ETH-253725408,1749669575107,0,0.0195,0.019013,75.16,ETH-25JUL25-2200-P,2821.21,buy,1.0,1.0,,,,,,,1749669575.107
572,ETH-253728374,1749671746939,0,0.02,0.019415,75.19,ETH-25JUL25-2200-P,2812.7,buy,10.0,10.0,,,,,,,1749671746.939
575,ETH-253743432,1749678083402,3,0.0195,0.019594,73.28,ETH-25JUL25-2200-P,2795.9,sell,202.0,202.0,,,,,,,1749678083.402
574,ETH-253743431,1749678083402,3,0.0195,0.019594,73.28,ETH-25JUL25-2200-P,2795.9,sell,4.0,4.0,,,,,,,1749678083.402
573,ETH-253743430,1749678083402,2,0.0195,0.019594,73.28,ETH-25JUL25-2200-P,2795.9,sell,3.0,3.0,,,,,,,1749678083.402
576,ETH-253758570,1749681592541,0,0.0215,0.021602,72.83,ETH-25JUL25-2200-P,2755.31,sell,112.0,112.0,,,,,,,1749681592.541
577,ETH-253758571,1749681592616,1,0.0215,0.021602,72.83,ETH-25JUL25-2200-P,2755.31,sell,1.0,1.0,,,,,,,1749681592.616
578,ETH-253758573,1749681593508,1,0.0215,0.021589,72.83,ETH-25JUL25-2200-P,2755.36,sell,1.0,1.0,,,,,,,1749681593.508
579,ETH-253758574,1749681593515,1,0.0215,0.021589,72.83,ETH-25JUL25-2200-P,2755.36,sell,1.0,1.0,,,,,,,1749681593.515
580,ETH-253758576,1749681593651,1,0.0215,0.021589,72.83,ETH-25JUL25-2200-P,2755.36,sell,1.0,1.0,,,,,,,1749681593.651
581,ETH-253758577,1749681593749,1,0.0215,0.021589,72.83,ETH-25JUL25-2200-P,2755.36,sell,1.0,1.0,,,,,,,1749681593.749
582,ETH-253758578,1749681593785,1,0.0215,0.021589,72.83,ETH-25JUL25-2200-P,2755.36,sell,1.0,1.0,,,,,,,1749681593.785
583,ETH-253758580,1749681593822,1,0.0215,0.021586,72.85,ETH-25JUL25-2200-P,2755.59,sell,3.0,3.0,,,,,,,1749681593.822
584,ETH-253758581,1749681593830,1,0.0215,0.021586,72.85,ETH-25JUL25-2200-P,2755.59,sell,1.0,1.0,,,,,,,1749681593.83
585,ETH-253758582,1749681594199,1,0.0215,0.021586,72.85,ETH-25JUL25-2200-P,2755.59,sell,1.0,1.0,,,,,,,1749681594.199
586,ETH-253758583,1749681594360,1,0.0215,0.021586,72.85,ETH-25JUL25-2200-P,2755.59,sell,1.0,1.0,,,,,,,1749681594.36
587,ETH-253758584,1749681594594,1,0.0215,0.021586,72.85,ETH-25JUL25-2200-P,2755.59,sell,1.0,1.0,,,,,,,1749681594.594
588,ETH-253758585,1749681597739,1,0.0215,0.021523,72.95,ETH-25JUL25-2200-P,2756.94,sell,1.0,1.0,,,,,,,1749681597.739
591,ETH-253758847,1749681748405,1,0.0215,0.021529,73.09,ETH-25JUL25-2200-P,2758.76,sell,4.0,4.0,,,,,,,1749681748.405
590,ETH-253758846,1749681748405,1,0.0215,0.021529,73.09,ETH-25JUL25-2200-P,2758.76,sell,3.0,3.0,,,,,,,1749681748.405
589,ETH-253758845,1749681748405,1,0.0215,0.021529,73.09,ETH-25JUL25-2200-P,2758.76,sell,77.0,77.0,,,,,,,1749681748.405
592,ETH-253766104,1749688602901,2,0.021,0.020846,72.81,ETH-25JUL25-2200-P,2761.9,sell,3.0,3.0,,,,,,,1749688602.901
594,ETH-253766107,1749688606321,3,0.021,0.020865,72.81,ETH-25JUL25-2200-P,2761.91,sell,1.0,1.0,,,,,,,1749688606.321
593,ETH-253766106,1749688606321,3,0.021,0.020865,72.81,ETH-25JUL25-2200-P,2761.91,sell,1.0,1.0,,,,,,,1749688606.321
595,ETH-253766108,1749688609083,3,0.021,0.020882,72.84,ETH-25JUL25-2200-P,2762.2,sell,1.0,1.0,,,,,,,1749688609.083
597,ETH-253766110,1749688609395,3,0.021,0.020882,72.84,ETH-25JUL25-2200-P,2762.2,sell,110.0,110.0,,,,,,,1749688609.395
596,ETH-253766109,1749688609395,3,0.021,0.020882,72.84,ETH-25JUL25-2200-P,2762.2,sell,1.0,1.0,,,,,,,1749688609.395
598,ETH-253766111,1749688609396,3,0.021,0.020882,72.84,ETH-25JUL25-2200-P,2762.2,sell,2.0,2.0,,,,,,,1749688609.396
599,ETH-253766112,1749688609418,3,0.021,0.020882,72.84,ETH-25JUL25-2200-P,2762.2,sell,1.0,1.0,,,,,,,1749688609.418
600,ETH-253766113,1749688609424,3,0.021,0.020882,72.84,ETH-25JUL25-2200-P,2762.2,sell,1.0,1.0,,,,,,,1749688609.424
601,ETH-253766115,1749688610644,3,0.021,0.020873,72.84,ETH-25JUL25-2200-P,2762.29,sell,1.0,1.0,,,,,,,1749688610.644
602,ETH-253766116,1749688610722,3,0.021,0.020873,72.84,ETH-25JUL25-2200-P,2762.29,sell,2.0,2.0,,,,,,,1749688610.722
603,ETH-253766117,1749688610735,3,0.021,0.020873,72.84,ETH-25JUL25-2200-P,2762.29,sell,86.0,86.0,,,,,,,1749688610.735
605,ETH-253768475,1749691784048,3,0.0205,0.020374,72.52,ETH-25JUL25-2200-P,2765.8,sell,4.0,4.0,,,,,,,1749691784.048
606,ETH-253768476,1749691784048,3,0.0205,0.020374,72.52,ETH-25JUL25-2200-P,2765.8,sell,137.0,137.0,,,,,,,1749691784.048
604,ETH-253768474,1749691784048,2,0.0205,0.020374,72.52,ETH-25JUL25-2200-P,2765.8,sell,3.0,3.0,,,,,,,1749691784.048
607,ETH-253768477,1749691784053,3,0.0205,0.020374,72.52,ETH-25JUL25-2200-P,2765.8,sell,66.0,66.0,,,,,,,1749691784.053
608,ETH-253770449,1749692985599,3,0.0205,0.020414,72.27,ETH-25JUL25-2200-P,2762.44,sell,3.0,3.0,,,,,,,1749692985.599
609,ETH-253770450,1749692985599,3,0.0205,0.020414,72.27,ETH-25JUL25-2200-P,2762.44,sell,10.0,10.0,,,,,,,1749692985.599
610,ETH-253770451,1749692986180,3,0.0205,0.020414,72.27,ETH-25JUL25-2200-P,2762.44,sell,5.0,5.0,,,,,,,1749692986.18
611,ETH-253770461,1749693005516,3,0.0205,0.02044,72.4,ETH-25JUL25-2200-P,2764.11,sell,188.0,188.0,,,,,,,1749693005.516
612,ETH-253770462,1749693005516,3,0.0205,0.02044,72.4,ETH-25JUL25-2200-P,2764.11,sell,4.0,4.0,,,,,,,1749693005.516
614,ETH-253774026,1749697782706,3,0.0205,0.020499,72.17,ETH-25JUL25-2200-P,2760.69,sell,191.0,191.0,,,,,,,1749697782.706
613,ETH-253774025,1749697782706,3,0.0205,0.020499,72.17,ETH-25JUL25-2200-P,2760.69,sell,3.0,3.0,,,,,,,1749697782.706
616,ETH-253774050,1749697818892,3,0.0205,0.020501,72.25,ETH-25JUL25-2200-P,2761.71,sell,4.0,4.0,,,,,,,1749697818.892
615,ETH-253774049,1749697818892,3,0.0205,0.020501,72.25,ETH-25JUL25-2200-P,2761.71,sell,12.0,12.0,,,,,,,1749697818.892
617,ETH-253775853,1749699164181,0,0.021,0.020526,72.55,ETH-25JUL25-2200-P,2757.1,buy,3.0,3.0,,,,,,,1749699164.181
619,ETH-253775855,1749699164278,1,0.021,0.020526,72.55,ETH-25JUL25-2200-P,2757.1,buy,143.0,143.0,,,,,,,1749699164.278
618,ETH-253775854,1749699164278,1,0.021,0.020526,72.55,ETH-25JUL25-2200-P,2757.1,buy,60.0,60.0,,,,,,,1749699164.278
620,ETH-253775856,1749699164387,1,0.021,0.020526,72.55,ETH-25JUL25-2200-P,2757.1,buy,4.0,4.0,,,,,,,1749699164.387
621,ETH-253779229,1749702381098,2,0.0205,0.020504,72.11,ETH-25JUL25-2200-P,2759.0,sell,3.0,3.0,,,,,,,1749702381.098
623,ETH-253779231,1749702381098,3,0.0205,0.020504,72.11,ETH-25JUL25-2200-P,2759.0,sell,4.0,4.0,,,,,,,1749702381.098
622,ETH-253779230,1749702381098,3,0.0205,0.020504,72.11,ETH-25JUL25-2200-P,2759.0,sell,203.0,203.0,,,,,,,1749702381.098
624,ETH-253780663,1749704003617,3,0.0205,0.020502,72.2,ETH-25JUL25-2200-P,2760.26,sell,50.0,50.0,,,,,,,1749704003.617
625,ETH-253783695,1749707895926,2,0.02,0.020203,72.06,ETH-25JUL25-2200-P,2766.12,sell,1.0,1.0,,,,,,,1749707895.926
626,ETH-253785282,1749710331567,3,0.02,0.020001,72.5,ETH-25JUL25-2200-P,2771.4,sell,2.0,2.0,,,,,,,1749710331.567
627,ETH-253785284,1749710331892,3,0.02,0.019867,72.6,ETH-25JUL25-2200-P,2772.7,sell,4.0,4.0,,,,,,,1749710331.892
628,ETH-253785285,1749710331913,3,0.02,0.019867,72.6,ETH-25JUL25-2200-P,2772.7,sell,3.0,3.0,,,,,,,1749710331.913
629,ETH-253785481,1749710486243,3,0.02,0.020016,72.83,ETH-25JUL25-2200-P,2775.42,sell,40.0,40.0,,,,,,,1749710486.243
630,ETH-253785496,1749710489368,3,0.02,0.020022,72.82,ETH-25JUL25-2200-P,2775.27,buy,1.0,1.0,,,,,,,1749710489.368
632,ETH-253791721,1749714164487,0,0.0215,0.020941,72.29,ETH-25JUL25-2200-P,2744.61,buy,74.0,74.0,,,,,,,1749714164.487
633,ETH-253791722,1749714164487,1,0.0215,0.020941,72.29,ETH-25JUL25-2200-P,2744.61,buy,128.0,128.0,,,,,,,1749714164.487
631,ETH-253791720,1749714164487,0,0.021,0.020941,71.66,ETH-25JUL25-2200-P,2744.61,buy,1.0,1.0,,,,,,,1749714164.487
634,ETH-253791723,1749714164578,1,0.0215,0.020941,72.29,ETH-25JUL25-2200-P,2744.61,buy,3.0,3.0,,,,,,,1749714164.578
635,ETH-253791724,1749714164681,1,0.0215,0.020941,72.29,ETH-25JUL25-2200-P,2744.61,buy,4.0,4.0,,,,,,,1749714164.681
636,ETH-253795847,1749715366073,0,0.022,0.021421,72.37,ETH-25JUL25-2200-P,2738.84,buy,3.0,3.0,,,,,,,1749715366.073
637,ETH-253795849,1749715366186,1,0.022,0.021421,72.37,ETH-25JUL25-2200-P,2738.84,buy,203.0,203.0,,,,,,,1749715366.186
638,ETH-253795850,1749715366298,1,0.022,0.021421,72.37,ETH-25JUL25-2200-P,2738.84,buy,4.0,4.0,,,,,,,1749715366.298
639,ETH-253804392,1749723165431,2,0.021,0.020811,71.96,ETH-25JUL25-2200-P,2747.99,buy,1.0,1.0,,,,,,,1749723165.431
640,ETH-253804393,1749723165431,3,0.021,0.020811,71.96,ETH-25JUL25-2200-P,2747.99,buy,2.0,2.0,,,,,,,1749723165.431
641,ETH-253804394,1749723165602,3,0.021,0.020811,71.96,ETH-25JUL25-2200-P,2747.99,buy,4.0,4.0,,,,,,,1749723165.602
642,ETH-253804395,1749723165745,3,0.021,0.02081,71.95,ETH-25JUL25-2200-P,2747.96,buy,13.0,13.0,,,,,,,1749723165.745
643,ETH-253804396,1749723165745,3,0.021,0.02081,71.95,ETH-25JUL25-2200-P,2747.96,buy,69.0,69.0,,,,,,,1749723165.745
644,ETH-253804397,1749723165745,0,0.0215,0.02081,72.59,ETH-25JUL25-2200-P,2747.96,buy,122.0,122.0,,,,,,,1749723165.745
645,ETH-253806003,1749724471787,2,0.021,0.021219,71.16,ETH-25JUL25-2200-P,2737.58,sell,2.0,2.0,,,,,,,1749724471.787
647,ETH-253806005,1749724471841,3,0.021,0.021219,71.16,ETH-25JUL25-2200-P,2737.58,sell,1.0,1.0,,,,,,,1749724471.841
646,ETH-253806004,1749724471841,3,0.021,0.021219,71.16,ETH-25JUL25-2200-P,2737.58,sell,2.0,2.0,,,,,,,1749724471.841
648,ETH-253806006,1749724474603,3,0.021,0.021167,71.23,ETH-25JUL25-2200-P,2738.51,sell,1.0,1.0,,,,,,,1749724474.603
649,ETH-253806295,1749724906999,3,0.021,0.021004,71.56,ETH-25JUL25-2200-P,2742.62,sell,133.0,133.0,,,,,,,1749724906.999
650,ETH-253806296,1749724907015,3,0.021,0.021004,71.56,ETH-25JUL25-2200-P,2742.62,sell,1.0,1.0,,,,,,,1749724907.015
651,ETH-253806297,1749724907035,3,0.021,0.021004,71.56,ETH-25JUL25-2200-P,2742.62,sell,1.0,1.0,,,,,,,1749724907.035
652,ETH-253806298,1749724907577,3,0.021,0.020999,71.56,ETH-25JUL25-2200-P,2742.72,sell,1.0,1.0,,,,,,,1749724907.577
653,ETH-253806301,1749724908781,3,0.021,0.020999,71.58,ETH-25JUL25-2200-P,2742.93,sell,1.0,1.0,,,,,,,1749724908.781
654,ETH-253806302,1749724908784,3,0.021,0.020999,71.58,ETH-25JUL25-2200-P,2742.93,sell,1.0,1.0,,,,,,,1749724908.784
655,ETH-253806303,1749724908788,3,0.021,0.020999,71.58,ETH-25JUL25-2200-P,2742.93,sell,64.0,64.0,,,,,,,1749724908.788
656,ETH-253806304,1749724908788,3,0.021,0.020999,71.58,ETH-25JUL25-2200-P,2742.93,sell,3.0,3.0,,,,,,,1749724908.788
657,ETH-253811290,1749727784129,0,0.0225,0.021427,72.47,ETH-25JUL25-2200-P,2730.56,sell,3.0,3.0,,,,,,,1749727784.129
658,ETH-253811314,1749727784219,1,0.0225,0.021427,72.47,ETH-25JUL25-2200-P,2730.56,sell,204.0,204.0,,,,,,,1749727784.219
659,ETH-253811327,1749727784313,1,0.0225,0.021427,72.47,ETH-25JUL25-2200-P,2730.56,sell,4.0,4.0,,,,,,,1749727784.313
660,ETH-253815439,1749729164405,2,0.022,0.021525,71.97,ETH-25JUL25-2200-P,2731.89,buy,4.0,4.0,,,,,,,1749729164.405
661,ETH-253815443,1749729164585,3,0.022,0.021525,71.97,ETH-25JUL25-2200-P,2731.89,buy,32.0,32.0,,,,,,,1749729164.585
662,ETH-253815444,1749729164585,3,0.022,0.021525,71.97,ETH-25JUL25-2200-P,2731.89,buy,172.0,172.0,,,,,,,1749729164.585
663,ETH-253815446,1749729164761,2,0.0215,0.021523,71.35,ETH-25JUL25-2200-P,2731.89,buy,3.0,3.0,,,,,,,1749729164.761
664,ETH-253820420,1749730965314,0,0.0225,0.022031,72.02,ETH-25JUL25-2200-P,2724.63,buy,78.0,78.0,,,,,,,1749730965.314
665,ETH-253820421,1749730965314,1,0.0225,0.022031,72.02,ETH-25JUL25-2200-P,2724.63,buy,126.0,126.0,,,,,,,1749730965.314
667,ETH-253820423,1749730965481,1,0.0225,0.02203,72.02,ETH-25JUL25-2200-P,2724.63,buy,2.0,2.0,,,,,,,1749730965.481
666,ETH-253820422,1749730965481,1,0.0225,0.02203,72.02,ETH-25JUL25-2200-P,2724.63,buy,2.0,2.0,,,,,,,1749730965.481
668,ETH-253820424,1749730965677,1,0.0225,0.02203,72.02,ETH-25JUL25-2200-P,2724.63,buy,3.0,3.0,,,,,,,1749730965.677
669,ETH-253826972,1749733410539,2,0.0205,0.020665,70.88,ETH-25JUL25-2200-P,2741.33,buy,14.0,14.0,,,,,,,1749733410.539
670,ETH-253826975,1749733415745,3,0.0205,0.020639,70.9,ETH-25JUL25-2200-P,2741.55,buy,1.0,1.0,,,,,,,1749733415.745
672,ETH-253842507,1749742436738,3,0.0205,0.020478,71.72,ETH-25JUL25-2200-P,2750.18,sell,4.0,4.0,,,,,,,1749742436.738
673,ETH-253842508,1749742436738,3,0.0205,0.020478,71.72,ETH-25JUL25-2200-P,2750.18,sell,126.0,126.0,,,,,,,1749742436.738
671,ETH-253842506,1749742436738,3,0.0205,0.020478,71.72,ETH-25JUL25-2200-P,2750.18,sell,3.0,3.0,,,,,,,1749742436.738
674,ETH-253842510,1749742436962,3,0.0205,0.020478,71.72,ETH-25JUL25-2200-P,2750.18,sell,1.0,1.0,,,,,,,1749742436.962
675,ETH-253842512,1749742439630,3,0.0205,0.020455,71.79,ETH-25JUL25-2200-P,2751.08,sell,1.0,1.0,,,,,,,1749742439.63
676,ETH-253842514,1749742439969,3,0.0205,0.020455,71.79,ETH-25JUL25-2200-P,2751.08,sell,1.0,1.0,,,,,,,1749742439.969
677,ETH-253842515,1749742439976,3,0.0205,0.020455,71.79,ETH-25JUL25-2200-P,2751.08,sell,1.0,1.0,,,,,,,1749742439.976
678,ETH-253842516,1749742439992,3,0.0205,0.020455,71.79,ETH-25JUL25-2200-P,2751.08,sell,1.0,1.0,,,,,,,1749742439.992
679,ETH-253842598,1749742507948,3,0.0205,0.020469,72.05,ETH-25JUL25-2200-P,2754.58,sell,41.0,41.0,,,,,,,1749742507.948
680,ETH-253842625,1749742548078,3,0.0205,0.020525,72.17,ETH-25JUL25-2200-P,2756.04,sell,31.0,31.0,,,,,,,1749742548.078
681,ETH-253845651,1749743623735,0,0.022,0.022213,71.25,ETH-25JUL25-2200-P,2720.3,sell,168.0,168.0,,,,,,,1749743623.735
684,ETH-253845684,1749743626714,1,0.022,0.02209,71.42,ETH-25JUL25-2200-P,2722.43,sell,3.0,3.0,,,,,,,1749743626.714
682,ETH-253845682,1749743626714,1,0.022,0.02209,71.42,ETH-25JUL25-2200-P,2722.43,sell,36.0,36.0,,,,,,,1749743626.714
683,ETH-253845683,1749743626714,1,0.022,0.02209,71.42,ETH-25JUL25-2200-P,2722.43,sell,4.0,4.0,,,,,,,1749743626.714
686,ETH-253848310,1749744409705,3,0.0215,0.021441,71.52,ETH-25JUL25-2200-P,2731.64,sell,123.0,123.0,,,,,,,1749744409.705
685,ETH-253848309,1749744409705,2,0.0215,0.021441,71.52,ETH-25JUL25-2200-P,2731.64,sell,4.0,4.0,,,,,,,1749744409.705
687,ETH-253848620,1749744545598,3,0.0215,0.021532,71.66,ETH-25JUL25-2200-P,2733.38,sell,81.0,81.0,,,,,,,1749744545.598
688,ETH-253848621,1749744545598,3,0.0215,0.021532,71.66,ETH-25JUL25-2200-P,2733.38,sell,3.0,3.0,,,,,,,1749744545.598
689,ETH-253859731,1749752564334,2,0.0205,0.020526,71.34,ETH-25JUL25-2200-P,2744.85,buy,1.0,1.0,,,,,,,1749752564.334
690,ETH-253859732,1749752564334,0,0.021,0.020526,71.97,ETH-25JUL25-2200-P,2744.85,buy,3.0,3.0,,,,,,,1749752564.334
691,ETH-253859733,1749752564425,1,0.021,0.020526,71.97,ETH-25JUL25-2200-P,2744.85,buy,3.0,3.0,,,,,,,1749752564.425
692,ETH-253859734,1749752564525,1,0.021,0.020526,71.97,ETH-25JUL25-2200-P,2744.85,buy,204.0,204.0,,,,,,,1749752564.525
693,ETH-253862633,1749753764397,1,0.021,0.020972,71.36,ETH-25JUL25-2200-P,2736.93,buy,1.0,1.0,,,,,,,1749753764.397
694,ETH-253862634,1749753764397,0,0.0215,0.020972,71.99,ETH-25JUL25-2200-P,2736.93,buy,203.0,203.0,,,,,,,1749753764.397
695,ETH-253862635,1749753764499,1,0.0215,0.020972,71.99,ETH-25JUL25-2200-P,2736.93,buy,3.0,3.0,,,,,,,1749753764.499
696,ETH-253862636,1749753764601,1,0.0215,0.020972,71.99,ETH-25JUL25-2200-P,2736.93,buy,4.0,4.0,,,,,,,1749753764.601
697,ETH-253865429,1749754625797,2,0.021,0.021018,71.31,ETH-25JUL25-2200-P,2736.33,sell,204.0,204.0,,,,,,,1749754625.797
698,ETH-253865430,1749754625797,3,0.021,0.021018,71.31,ETH-25JUL25-2200-P,2736.33,sell,3.0,3.0,,,,,,,1749754625.797
699,ETH-253865431,1749754625797,3,0.021,0.021018,71.31,ETH-25JUL25-2200-P,2736.33,sell,4.0,4.0,,,,,,,1749754625.797
700,ETH-253874488,1749757963432,0,0.023,0.023162,70.3,ETH-25JUL25-2200-P,2693.15,buy,1.0,1.0,,,,,,,1749757963.432
701,ETH-253874489,1749757963432,0,0.0235,0.023162,70.89,ETH-25JUL25-2200-P,2693.15,buy,2.0,2.0,,,,,,,1749757963.432
702,ETH-253874490,1749757963518,1,0.0235,0.023163,70.89,ETH-25JUL25-2200-P,2693.1,buy,4.0,4.0,,,,,,,1749757963.518
703,ETH-253874491,1749757963604,1,0.0235,0.023163,70.89,ETH-25JUL25-2200-P,2693.1,buy,204.0,204.0,,,,,,,1749757963.604
705,ETH-253880303,1749759163698,0,0.024,0.023516,71.14,ETH-25JUL25-2200-P,2689.42,buy,3.0,3.0,,,,,,,1749759163.698
704,ETH-253880302,1749759163698,1,0.0235,0.023516,70.55,ETH-25JUL25-2200-P,2689.42,buy,1.0,1.0,,,,,,,1749759163.698
706,ETH-253880304,1749759163785,1,0.024,0.023516,71.16,ETH-25JUL25-2200-P,2689.64,buy,204.0,204.0,,,,,,,1749759163.785
707,ETH-253880309,1749759163885,1,0.024,0.023516,71.16,ETH-25JUL25-2200-P,2689.64,buy,3.0,3.0,,,,,,,1749759163.885
708,ETH-253884560,1749760084026,2,0.0235,0.023678,70.33,ETH-25JUL25-2200-P,2686.59,sell,4.0,4.0,,,,,,,1749760084.026
710,ETH-253884562,1749760084026,3,0.0235,0.023678,70.33,ETH-25JUL25-2200-P,2686.59,sell,127.0,127.0,,,,,,,1749760084.026
709,ETH-253884561,1749760084026,3,0.0235,0.023678,70.33,ETH-25JUL25-2200-P,2686.59,sell,3.0,3.0,,,,,,,1749760084.026
711,ETH-253884563,1749760084037,3,0.0235,0.023678,70.33,ETH-25JUL25-2200-P,2686.59,sell,1.0,1.0,,,,,,,1749760084.037
712,ETH-253884564,1749760084046,3,0.0235,0.023678,70.33,ETH-25JUL25-2200-P,2686.59,sell,1.0,1.0,,,,,,,1749760084.046
713,ETH-253884565,1749760084061,3,0.0235,0.023678,70.33,ETH-25JUL25-2200-P,2686.59,sell,1.0,1.0,,,,,,,1749760084.061
714,ETH-253884566,1749760084135,3,0.0235,0.023678,70.33,ETH-25JUL25-2200-P,2686.59,sell,1.0,1.0,,,,,,,1749760084.135
715,ETH-253884568,1749760084466,3,0.0235,0.023678,70.33,ETH-25JUL25-2200-P,2686.59,sell,1.0,1.0,,,,,,,1749760084.466
716,ETH-253884569,1749760084477,3,0.0235,0.023678,70.33,ETH-25JUL25-2200-P,2686.59,sell,1.0,1.0,,,,,,,1749760084.477
717,ETH-253884570,1749760084635,3,0.0235,0.023678,70.33,ETH-25JUL25-2200-P,2686.59,sell,1.0,1.0,,,,,,,1749760084.635
718,ETH-253884571,1749760084638,3,0.0235,0.023678,70.33,ETH-25JUL25-2200-P,2686.59,sell,70.0,70.0,,,,,,,1749760084.638
719,ETH-253894916,1749761399226,0,0.0265,0.026655,69.79,ETH-25JUL25-2200-P,2640.88,sell,4.0,4.0,,,,,,,1749761399.226
720,ETH-253894917,1749761399226,1,0.0265,0.026655,69.79,ETH-25JUL25-2200-P,2640.88,sell,128.0,128.0,,,,,,,1749761399.226
721,ETH-253894937,1749761399239,1,0.0265,0.026655,69.79,ETH-25JUL25-2200-P,2640.88,sell,4.0,4.0,,,,,,,1749761399.239
722,ETH-253894955,1749761399256,1,0.0265,0.026655,69.79,ETH-25JUL25-2200-P,2640.88,sell,1.0,1.0,,,,,,,1749761399.256
723,ETH-253894968,1749761399266,1,0.0265,0.026655,69.79,ETH-25JUL25-2200-P,2640.88,sell,1.0,1.0,,,,,,,1749761399.266
724,ETH-253894972,1749761399275,1,0.0265,0.026655,69.79,ETH-25JUL25-2200-P,2640.88,sell,1.0,1.0,,,,,,,1749761399.275
725,ETH-253894978,1749761399291,1,0.0265,0.026655,69.79,ETH-25JUL25-2200-P,2640.88,sell,1.0,1.0,,,,,,,1749761399.291
726,ETH-253894989,1749761399358,1,0.0265,0.026655,69.79,ETH-25JUL25-2200-P,2640.88,sell,1.0,1.0,,,,,,,1749761399.358
727,ETH-253894991,1749761399370,1,0.0265,0.026655,69.79,ETH-25JUL25-2200-P,2640.88,sell,2.0,2.0,,,,,,,1749761399.37
728,ETH-253895111,1749761402939,1,0.0265,0.026586,69.84,ETH-25JUL25-2200-P,2641.47,sell,3.0,3.0,,,,,,,1749761402.939
729,ETH-253895123,1749761403111,1,0.0265,0.026586,69.8,ETH-25JUL25-2200-P,2641.07,sell,1.0,1.0,,,,,,,1749761403.111
730,ETH-253897861,1749761525906,1,0.0265,0.026707,69.91,ETH-25JUL25-2200-P,2642.41,sell,61.0,61.0,,,,,,,1749761525.906
731,ETH-253897862,1749761525906,1,0.0265,0.026707,69.91,ETH-25JUL25-2200-P,2642.41,sell,3.0,3.0,,,,,,,1749761525.906
732,ETH-253898939,1749761604687,0,0.027,0.026866,69.95,ETH-25JUL25-2200-P,2636.62,buy,1.0,1.0,,,,,,,1749761604.687
733,ETH-253902389,1749761852508,1,0.027,0.027054,69.84,ETH-25JUL25-2200-P,2635.08,sell,50.0,50.0,,,,,,,1749761852.508
734,ETH-253903054,1749761908838,1,0.027,0.026943,70.02,ETH-25JUL25-2200-P,2637.2,sell,50.0,50.0,,,,,,,1749761908.838
735,ETH-253903063,1749761911418,1,0.027,0.026948,69.96,ETH-25JUL25-2200-P,2636.56,sell,50.0,50.0,,,,,,,1749761911.418
736,ETH-253903307,1749761937501,1,0.027,0.027162,69.75,ETH-25JUL25-2200-P,2634.16,sell,5.0,5.0,,,,,,,1749761937.501
737,ETH-253903310,1749761937517,1,0.027,0.027162,69.75,ETH-25JUL25-2200-P,2634.16,sell,1.0,1.0,,,,,,,1749761937.517
738,ETH-253903312,1749761937538,1,0.027,0.027162,69.75,ETH-25JUL25-2200-P,2634.16,sell,1.0,1.0,,,,,,,1749761937.538
739,ETH-253903314,1749761937566,1,0.027,0.027162,69.75,ETH-25JUL25-2200-P,2634.16,sell,1.0,1.0,,,,,,,1749761937.566
740,ETH-253903316,1749761937588,1,0.027,0.027162,69.75,ETH-25JUL25-2200-P,2634.16,sell,8.0,8.0,,,,,,,1749761937.588
742,ETH-253916532,1749765865004,3,0.0265,0.026564,70.07,ETH-25JUL25-2200-P,2642.53,sell,116.0,116.0,,,,,,,1749765865.004
741,ETH-253916531,1749765865004,2,0.0265,0.026564,70.07,ETH-25JUL25-2200-P,2642.53,sell,4.0,4.0,,,,,,,1749765865.004
743,ETH-253916533,1749765865016,3,0.0265,0.026564,70.07,ETH-25JUL25-2200-P,2642.53,sell,2.0,2.0,,,,,,,1749765865.016
744,ETH-253916534,1749765865024,3,0.0265,0.026564,70.07,ETH-25JUL25-2200-P,2642.53,sell,1.0,1.0,,,,,,,1749765865.024
745,ETH-253916535,1749765865028,3,0.0265,0.026564,70.07,ETH-25JUL25-2200-P,2642.53,sell,1.0,1.0,,,,,,,1749765865.028
746,ETH-253916536,1749765865033,3,0.0265,0.026564,70.07,ETH-25JUL25-2200-P,2642.53,sell,1.0,1.0,,,,,,,1749765865.033
747,ETH-253916537,1749765865202,3,0.0265,0.026564,70.07,ETH-25JUL25-2200-P,2642.53,sell,1.0,1.0,,,,,,,1749765865.202
748,ETH-253916543,1749765866766,3,0.0265,0.026556,70.15,ETH-25JUL25-2200-P,2643.41,sell,2.0,2.0,,,,,,,1749765866.766
749,ETH-253916544,1749765866775,3,0.0265,0.026556,70.15,ETH-25JUL25-2200-P,2643.41,sell,2.0,2.0,,,,,,,1749765866.775
750,ETH-253916545,1749765866787,3,0.0265,0.026556,70.15,ETH-25JUL25-2200-P,2643.41,sell,1.0,1.0,,,,,,,1749765866.787
751,ETH-253916547,1749765866798,3,0.0265,0.026556,70.15,ETH-25JUL25-2200-P,2643.41,sell,1.0,1.0,,,,,,,1749765866.798
752,ETH-253916550,1749765866821,3,0.0265,0.026556,70.15,ETH-25JUL25-2200-P,2643.41,sell,1.0,1.0,,,,,,,1749765866.821
753,ETH-253916551,1749765866831,3,0.0265,0.026556,70.15,ETH-25JUL25-2200-P,2643.41,sell,1.0,1.0,,,,,,,1749765866.831
754,ETH-253916552,1749765866841,3,0.0265,0.026556,70.15,ETH-25JUL25-2200-P,2643.41,sell,1.0,1.0,,,,,,,1749765866.841
755,ETH-253916554,1749765866909,3,0.0265,0.026556,70.15,ETH-25JUL25-2200-P,2643.41,sell,1.0,1.0,,,,,,,1749765866.909
756,ETH-253916555,1749765867113,3,0.0265,0.026556,70.15,ETH-25JUL25-2200-P,2643.41,sell,1.0,1.0,,,,,,,1749765867.113
757,ETH-253916556,1749765867188,3,0.0265,0.026556,70.15,ETH-25JUL25-2200-P,2643.41,sell,1.0,1.0,,,,,,,1749765867.188
758,ETH-253916557,1749765867215,3,0.0265,0.026556,70.15,ETH-25JUL25-2200-P,2643.41,sell,1.0,1.0,,,,,,,1749765867.215
759,ETH-253916558,1749765867279,3,0.0265,0.026556,70.15,ETH-25JUL25-2200-P,2643.41,sell,2.0,2.0,,,,,,,1749765867.279
760,ETH-253916559,1749765868273,3,0.0265,0.026503,70.19,ETH-25JUL25-2200-P,2643.8,sell,67.0,67.0,,,,,,,1749765868.273
761,ETH-253916560,1749765868273,3,0.0265,0.026503,70.19,ETH-25JUL25-2200-P,2643.8,sell,3.0,3.0,,,,,,,1749765868.273
762,ETH-253928252,1749772942717,0,0.027,0.02725,69.07,ETH-25JUL25-2200-P,2624.71,buy,1.0,1.0,,,,,,,1749772942.717
763,ETH-253931710,1749773070367,0,0.028,0.028015,69.44,ETH-25JUL25-2200-P,2616.31,sell,1.0,1.0,,,,,,,1749773070.367
764,ETH-253931711,1749773070388,1,0.028,0.028015,69.44,ETH-25JUL25-2200-P,2616.31,sell,1.0,1.0,,,,,,,1749773070.388
765,ETH-253931712,1749773070395,1,0.028,0.028015,69.44,ETH-25JUL25-2200-P,2616.31,sell,1.0,1.0,,,,,,,1749773070.395
766,ETH-253931713,1749773070408,1,0.028,0.028015,69.44,ETH-25JUL25-2200-P,2616.31,sell,1.0,1.0,,,,,,,1749773070.408
767,ETH-253931766,1749773078234,1,0.028,0.027842,69.71,ETH-25JUL25-2200-P,2619.14,sell,33.0,33.0,,,,,,,1749773078.234
768,ETH-253932297,1749773104434,0,0.029,0.02859,69.76,ETH-25JUL25-2200-P,2608.17,buy,1.0,1.0,,,,,,,1749773104.434
769,ETH-253932582,1749773113478,1,0.029,0.028899,69.82,ETH-25JUL25-2200-P,2608.74,buy,1.0,1.0,,,,,,,1749773113.478
770,ETH-253938817,1749773386983,0,0.03,0.030137,69.52,ETH-25JUL25-2200-P,2594.07,sell,119.0,119.0,,,,,,,1749773386.983
771,ETH-253938818,1749773387014,1,0.03,0.030137,69.52,ETH-25JUL25-2200-P,2594.07,sell,1.0,1.0,,,,,,,1749773387.014
772,ETH-253938819,1749773387526,1,0.03,0.030211,69.55,ETH-25JUL25-2200-P,2594.35,sell,1.0,1.0,,,,,,,1749773387.526
773,ETH-253938862,1749773391639,1,0.03,0.030165,69.48,ETH-25JUL25-2200-P,2593.69,sell,3.0,3.0,,,,,,,1749773391.639
775,ETH-253946930,1749773563673,0,0.036,0.034064,71.11,ETH-25JUL25-2200-P,2549.66,buy,46.0,46.0,,,,,,,1749773563.673
774,ETH-253946929,1749773563673,0,0.0355,0.034064,70.62,ETH-25JUL25-2200-P,2549.66,buy,1.0,1.0,,,,,,,1749773563.673
776,ETH-253946997,1749773563785,1,0.036,0.034373,71.04,ETH-25JUL25-2200-P,2549.08,buy,3.0,3.0,,,,,,,1749773563.785
777,ETH-253963623,1749774260314,2,0.033,0.03328,69.33,ETH-25JUL25-2200-P,2560.26,sell,1.0,1.0,,,,,,,1749774260.314
778,ETH-253969391,1749774768962,0,0.0345,0.034877,69.27,ETH-25JUL25-2200-P,2544.5,sell,250.0,250.0,2.0,BLOCK-204977,,ETH-PDIAG-25JUL25_13JUN25-2200_2500,,,1749774768.962
779,ETH-253995438,1749776227147,0,0.038,0.037691,71.49,ETH-25JUL25-2200-P,2532.57,sell,25.0,25.0,,,,,,,1749776227.147
780,ETH-253997734,1749776532508,0,0.04,0.040123,71.07,ETH-25JUL25-2200-P,2510.98,buy,1.0,1.0,,,,,,,1749776532.508
781,ETH-254008503,1749777053288,0,0.0435,0.043194,71.46,ETH-25JUL25-2200-P,2485.64,buy,4.0,4.0,,,,,,,1749777053.288
783,ETH-254008505,1749777053288,1,0.0435,0.043194,71.46,ETH-25JUL25-2200-P,2485.64,buy,200.0,200.0,,,,,,,1749777053.288
782,ETH-254008504,1749777053288,1,0.0435,0.043194,71.46,ETH-25JUL25-2200-P,2485.64,buy,3.0,3.0,,,,,,,1749777053.288
784,ETH-254023217,1749777381553,1,0.0435,0.043402,71.74,ETH-25JUL25-2200-P,2487.71,buy,259.0,259.0,,,,,,,1749777381.553
787,ETH-254031392,1749778290008,1,0.044,0.043589,72.27,ETH-25JUL25-2200-P,2487.95,buy,64.0,64.0,,,,,,,1749778290.008
786,ETH-254031391,1749778290008,1,0.044,0.043589,72.27,ETH-25JUL25-2200-P,2487.95,buy,3.0,3.0,,,,,,,1749778290.008
785,ETH-254031390,1749778290008,0,0.044,0.043589,72.27,ETH-25JUL25-2200-P,2487.95,buy,3.0,3.0,,,,,,,1749778290.008
788,ETH-254031393,1749778290026,1,0.044,0.043589,72.27,ETH-25JUL25-2200-P,2487.95,buy,4.0,4.0,,,,,,,1749778290.026
789,ETH-254031394,1749778290043,1,0.044,0.043589,72.27,ETH-25JUL25-2200-P,2487.95,buy,2.0,2.0,,,,,,,1749778290.043
790,ETH-254031404,1749778290100,1,0.044,0.043705,72.04,ETH-25JUL25-2200-P,2486.02,buy,4.0,4.0,,,,,,,1749778290.1
791,ETH-254031405,1749778290124,1,0.044,0.043705,72.04,ETH-25JUL25-2200-P,2486.02,buy,126.0,126.0,,,,,,,1749778290.124
792,ETH-254049321,1749780834182,2,0.043,0.043129,71.9,ETH-25JUL25-2200-P,2492.5,buy,6.0,6.0,,,,,,,1749780834.182
793,ETH-254049323,1749780836139,3,0.043,0.043222,71.81,ETH-25JUL25-2200-P,2491.69,buy,2.0,2.0,,,,,,,1749780836.139
794,ETH-254049338,1749780837660,3,0.043,0.04325,71.81,ETH-25JUL25-2200-P,2491.67,buy,4.0,4.0,,,,,,,1749780837.66
795,ETH-254049339,1749780837837,3,0.043,0.043243,71.81,ETH-25JUL25-2200-P,2491.67,buy,5.0,5.0,,,,,,,1749780837.837
796,ETH-254049340,1749780837919,3,0.043,0.043243,71.81,ETH-25JUL25-2200-P,2491.67,buy,12.0,12.0,,,,,,,1749780837.919
797,ETH-254049364,1749780841677,3,0.043,0.043266,71.74,ETH-25JUL25-2200-P,2491.07,buy,2.0,2.0,,,,,,,1749780841.677
798,ETH-254049375,1749780842670,3,0.043,0.043277,71.77,ETH-25JUL25-2200-P,2491.38,buy,169.0,169.0,,,,,,,1749780842.67
799,ETH-254049376,1749780842670,3,0.043,0.043277,71.77,ETH-25JUL25-2200-P,2491.38,buy,3.0,3.0,,,,,,,1749780842.67
800,ETH-254049377,1749780842670,3,0.043,0.043277,71.77,ETH-25JUL25-2200-P,2491.38,buy,3.0,3.0,,,,,,,1749780842.67
802,ETH-254059712,1749782523340,1,0.046,0.046026,71.83,ETH-25JUL25-2200-P,2467.71,buy,3.0,3.0,,,,,,,1749782523.34
803,ETH-254059713,1749782523340,1,0.046,0.046026,71.83,ETH-25JUL25-2200-P,2467.71,buy,3.0,3.0,,,,,,,1749782523.34
801,ETH-254059711,1749782523340,0,0.046,0.046026,71.83,ETH-25JUL25-2200-P,2467.71,buy,200.0,200.0,,,,,,,1749782523.34
804,ETH-254060766,1749782625721,0,0.0475,0.047009,72.24,ETH-25JUL25-2200-P,2459.92,buy,1.0,1.0,,,,,,,1749782625.721
805,ETH-254069312,1749783429029,2,0.0455,0.04547,71.82,ETH-25JUL25-2200-P,2470.74,sell,2.0,2.0,,,,,,,1749783429.029
806,ETH-254069313,1749783429176,3,0.0455,0.04547,71.82,ETH-25JUL25-2200-P,2470.74,sell,3.0,3.0,,,,,,,1749783429.176
807,ETH-254069491,1749783447790,3,0.0455,0.045508,71.86,ETH-25JUL25-2200-P,2471.15,sell,5.0,5.0,,,,,,,1749783447.79
808,ETH-254069503,1749783451812,3,0.0455,0.045398,71.99,ETH-25JUL25-2200-P,2472.23,sell,4.0,4.0,,,,,,,1749783451.812
809,ETH-254069505,1749783452107,3,0.0455,0.045398,71.99,ETH-25JUL25-2200-P,2472.23,sell,6.0,6.0,,,,,,,1749783452.107
810,ETH-254069509,1749783452366,3,0.0455,0.045398,71.99,ETH-25JUL25-2200-P,2472.23,sell,5.0,5.0,,,,,,,1749783452.366
811,ETH-254074196,1749784308764,2,0.0425,0.042504,71.98,ETH-25JUL25-2200-P,2496.9,sell,25.0,25.0,,,,,,,1749784308.764
813,ETH-254086245,1749788661032,3,0.041,0.041047,71.53,ETH-25JUL25-2200-P,2505.09,buy,4.0,4.0,,,,,,,1749788661.032
814,ETH-254086246,1749788661032,3,0.041,0.041047,71.53,ETH-25JUL25-2200-P,2505.09,buy,201.0,201.0,,,,,,,1749788661.032
812,ETH-254086244,1749788661032,2,0.041,0.041047,71.53,ETH-25JUL25-2200-P,2505.09,buy,3.0,3.0,,,,,,,1749788661.032
815,ETH-254089319,1749791024333,2,0.04,0.040442,71.34,ETH-25JUL25-2200-P,2511.71,buy,201.0,201.0,,,,,,,1749791024.333
816,ETH-254089320,1749791024454,3,0.04,0.040442,71.34,ETH-25JUL25-2200-P,2511.71,buy,3.0,3.0,,,,,,,1749791024.454
817,ETH-254089321,1749791024461,3,0.04,0.040442,71.34,ETH-25JUL25-2200-P,2511.71,buy,1.0,1.0,,,,,,,1749791024.461
818,ETH-254089322,1749791024563,3,0.04,0.040442,71.34,ETH-25JUL25-2200-P,2511.71,buy,2.0,2.0,,,,,,,1749791024.563
819,ETH-254089323,1749791025458,3,0.04,0.040431,71.33,ETH-25JUL25-2200-P,2511.61,buy,1.0,1.0,,,,,,,1749791025.458
820,ETH-254092131,1749793891919,2,0.0395,0.039756,71.44,ETH-25JUL25-2200-P,2516.79,buy,3.0,3.0,,,,,,,1749793891.919
821,ETH-254092132,1749793891931,3,0.0395,0.039756,71.44,ETH-25JUL25-2200-P,2516.79,buy,1.0,1.0,,,,,,,1749793891.931
824,ETH-254093362,1749794740534,1,0.0405,0.040537,71.4,ETH-25JUL25-2200-P,2507.56,buy,201.0,201.0,,,,,,,1749794740.534
823,ETH-254093361,1749794740534,1,0.0405,0.040537,71.4,ETH-25JUL25-2200-P,2507.56,buy,3.0,3.0,,,,,,,1749794740.534
822,ETH-254093360,1749794740534,0,0.0405,0.040537,71.4,ETH-25JUL25-2200-P,2507.56,buy,4.0,4.0,,,,,,,1749794740.534
825,ETH-254094900,1749795822942,0,0.0415,0.04159,71.54,ETH-25JUL25-2200-P,2500.27,buy,4.0,4.0,,,,,,,1749795822.942
826,ETH-254094901,1749795823104,1,0.0415,0.04159,71.54,ETH-25JUL25-2200-P,2500.27,buy,201.0,201.0,,,,,,,1749795823.104
827,ETH-254094902,1749795823235,1,0.0415,0.04159,71.54,ETH-25JUL25-2200-P,2500.27,buy,3.0,3.0,,,,,,,1749795823.235
828,ETH-254103003,1749799017019,2,0.0395,0.03917,72.32,ETH-25JUL25-2200-P,2524.64,buy,1.0,1.0,,,,,,,1749799017.019
830,ETH-254113235,1749801408718,3,0.038,0.038207,71.46,ETH-25JUL25-2200-P,2529.66,buy,4.0,4.0,,,,,,,1749801408.718
831,ETH-254113236,1749801408718,3,0.038,0.038207,71.46,ETH-25JUL25-2200-P,2529.66,buy,121.0,121.0,,,,,,,1749801408.718
829,ETH-254113234,1749801408718,2,0.038,0.038207,71.46,ETH-25JUL25-2200-P,2529.66,buy,3.0,3.0,,,,,,,1749801408.718
832,ETH-254113237,1749801408724,3,0.038,0.038207,71.46,ETH-25JUL25-2200-P,2529.66,buy,16.0,16.0,,,,,,,1749801408.724
833,ETH-254113238,1749801408730,3,0.038,0.038207,71.46,ETH-25JUL25-2200-P,2529.66,buy,1.0,1.0,,,,,,,1749801408.73
834,ETH-254113239,1749801408734,3,0.038,0.038207,71.46,ETH-25JUL25-2200-P,2529.66,buy,1.0,1.0,,,,,,,1749801408.734
835,ETH-254113240,1749801408738,3,0.038,0.038207,71.46,ETH-25JUL25-2200-P,2529.66,buy,3.0,3.0,,,,,,,1749801408.738
836,ETH-254113241,1749801408743,3,0.038,0.038207,71.46,ETH-25JUL25-2200-P,2529.66,buy,1.0,1.0,,,,,,,1749801408.743
837,ETH-254113242,1749801408749,3,0.038,0.038207,71.46,ETH-25JUL25-2200-P,2529.66,buy,2.0,2.0,,,,,,,1749801408.749
838,ETH-254113243,1749801408755,3,0.038,0.038207,71.46,ETH-25JUL25-2200-P,2529.66,buy,1.0,1.0,,,,,,,1749801408.755
839,ETH-254113244,1749801408759,3,0.038,0.038207,71.46,ETH-25JUL25-2200-P,2529.66,buy,6.0,6.0,,,,,,,1749801408.759
840,ETH-254113249,1749801408817,3,0.038,0.038207,71.46,ETH-25JUL25-2200-P,2529.66,buy,1.0,1.0,,,,,,,1749801408.817
841,ETH-254113255,1749801408837,3,0.038,0.038207,71.46,ETH-25JUL25-2200-P,2529.66,buy,1.0,1.0,,,,,,,1749801408.837
842,ETH-254113257,1749801408841,3,0.038,0.038207,71.46,ETH-25JUL25-2200-P,2529.66,buy,1.0,1.0,,,,,,,1749801408.841
843,ETH-254113258,1749801408845,3,0.038,0.038207,71.46,ETH-25JUL25-2200-P,2529.66,buy,13.0,13.0,,,,,,,1749801408.845
844,ETH-254113259,1749801408856,3,0.038,0.038207,71.46,ETH-25JUL25-2200-P,2529.66,buy,2.0,2.0,,,,,,,1749801408.856
845,ETH-254113260,1749801408862,3,0.038,0.038207,71.46,ETH-25JUL25-2200-P,2529.66,buy,1.0,1.0,,,,,,,1749801408.862
846,ETH-254113261,1749801408870,3,0.038,0.038207,71.46,ETH-25JUL25-2200-P,2529.66,buy,1.0,1.0,,,,,,,1749801408.87
847,ETH-254113262,1749801408881,3,0.038,0.038207,71.46,ETH-25JUL25-2200-P,2529.66,buy,1.0,1.0,,,,,,,1749801408.881
848,ETH-254113263,1749801408891,3,0.038,0.038207,71.46,ETH-25JUL25-2200-P,2529.66,buy,1.0,1.0,,,,,,,1749801408.891
849,ETH-254113264,1749801408901,3,0.038,0.038207,71.46,ETH-25JUL25-2200-P,2529.66,buy,28.0,28.0,,,,,,,1749801408.901
850,ETH-254122502,1749804822825,0,0.0385,0.038633,71.27,ETH-25JUL25-2200-P,2523.77,buy,3.0,3.0,,,,,,,1749804822.825
851,ETH-254122504,1749804822954,1,0.0385,0.038633,71.27,ETH-25JUL25-2200-P,2523.77,buy,4.0,4.0,,,,,,,1749804822.954
852,ETH-254122505,1749804823078,1,0.0385,0.0386,71.26,ETH-25JUL25-2200-P,2523.69,buy,147.0,147.0,,,,,,,1749804823.078
853,ETH-254122506,1749804823088,1,0.0385,0.0386,71.26,ETH-25JUL25-2200-P,2523.69,buy,1.0,1.0,,,,,,,1749804823.088
854,ETH-254122507,1749804823102,1,0.0385,0.0386,71.26,ETH-25JUL25-2200-P,2523.69,buy,1.0,1.0,,,,,,,1749804823.102
855,ETH-254122508,1749804823130,1,0.0385,0.0386,71.26,ETH-25JUL25-2200-P,2523.69,buy,1.0,1.0,,,,,,,1749804823.13
856,ETH-254122512,1749804830538,1,0.0385,0.03859,71.24,ETH-25JUL25-2200-P,2523.51,buy,1.0,1.0,,,,,,,1749804830.538
857,ETH-254122513,1749804830582,1,0.0385,0.03859,71.24,ETH-25JUL25-2200-P,2523.51,buy,3.0,3.0,,,,,,,1749804830.582
858,ETH-254122514,1749804830657,1,0.0385,0.03859,71.24,ETH-25JUL25-2200-P,2523.51,buy,2.0,2.0,,,,,,,1749804830.657
859,ETH-254122515,1749804830660,1,0.0385,0.03859,71.24,ETH-25JUL25-2200-P,2523.51,buy,1.0,1.0,,,,,,,1749804830.66
860,ETH-254122516,1749804830664,1,0.0385,0.03859,71.24,ETH-25JUL25-2200-P,2523.51,buy,1.0,1.0,,,,,,,1749804830.664
861,ETH-254122517,1749804830998,1,0.0385,0.03859,71.24,ETH-25JUL25-2200-P,2523.51,buy,1.0,1.0,,,,,,,1749804830.998
862,ETH-254122518,1749804831026,1,0.0385,0.03859,71.24,ETH-25JUL25-2200-P,2523.51,buy,1.0,1.0,,,,,,,1749804831.026
863,ETH-254122519,1749804831056,1,0.0385,0.038575,71.24,ETH-25JUL25-2200-P,2523.44,buy,1.0,1.0,,,,,,,1749804831.056
864,ETH-254122520,1749804831071,1,0.0385,0.038575,71.24,ETH-25JUL25-2200-P,2523.44,buy,2.0,2.0,,,,,,,1749804831.071
865,ETH-254122521,1749804831082,1,0.0385,0.038575,71.24,ETH-25JUL25-2200-P,2523.44,buy,1.0,1.0,,,,,,,1749804831.082
866,ETH-254122522,1749804831086,1,0.0385,0.038575,71.24,ETH-25JUL25-2200-P,2523.44,buy,2.0,2.0,,,,,,,1749804831.086
867,ETH-254122523,1749804831141,1,0.0385,0.038575,71.24,ETH-25JUL25-2200-P,2523.44,buy,1.0,1.0,,,,,,,1749804831.141
868,ETH-254122530,1749804831297,1,0.0385,0.038575,71.24,ETH-25JUL25-2200-P,2523.44,buy,1.0,1.0,,,,,,,1749804831.297
869,ETH-254122537,1749804831307,1,0.0385,0.038575,71.24,ETH-25JUL25-2200-P,2523.44,buy,1.0,1.0,,,,,,,1749804831.307
870,ETH-254122538,1749804831320,1,0.0385,0.038575,71.24,ETH-25JUL25-2200-P,2523.44,buy,1.0,1.0,,,,,,,1749804831.32
871,ETH-254122539,1749804831341,1,0.0385,0.038575,71.24,ETH-25JUL25-2200-P,2523.44,buy,2.0,2.0,,,,,,,1749804831.341
872,ETH-254122540,1749804831353,1,0.0385,0.038575,71.24,ETH-25JUL25-2200-P,2523.44,buy,1.0,1.0,,,,,,,1749804831.353
873,ETH-254122541,1749804831360,1,0.0385,0.038575,71.24,ETH-25JUL25-2200-P,2523.44,buy,3.0,3.0,,,,,,,1749804831.36
874,ETH-254122542,1749804831369,1,0.0385,0.038575,71.24,ETH-25JUL25-2200-P,2523.44,buy,4.0,4.0,,,,,,,1749804831.369
875,ETH-254122543,1749804831893,1,0.0385,0.038575,71.24,ETH-25JUL25-2200-P,2523.44,buy,22.0,22.0,,,,,,,1749804831.893
876,ETH-254124590,1749805981121,0,0.039,0.038713,71.54,ETH-25JUL25-2200-P,2521.69,buy,1.0,1.0,,,,,,,1749805981.121
878,ETH-254127358,1749806637676,1,0.0395,0.039568,71.07,ETH-25JUL25-2200-P,2512.72,buy,3.0,3.0,,,,,,,1749806637.676
877,ETH-254127357,1749806637676,0,0.0395,0.039568,71.07,ETH-25JUL25-2200-P,2512.72,buy,4.0,4.0,,,,,,,1749806637.676
879,ETH-254127359,1749806637676,1,0.0395,0.039568,71.07,ETH-25JUL25-2200-P,2512.72,buy,129.0,129.0,,,,,,,1749806637.676
880,ETH-254127366,1749806637688,1,0.0395,0.039568,71.07,ETH-25JUL25-2200-P,2512.72,buy,4.0,4.0,,,,,,,1749806637.688
881,ETH-254127369,1749806637698,1,0.0395,0.039568,71.07,ETH-25JUL25-2200-P,2512.72,buy,8.0,8.0,,,,,,,1749806637.698
882,ETH-254127373,1749806637714,1,0.0395,0.039568,71.07,ETH-25JUL25-2200-P,2512.72,buy,1.0,1.0,,,,,,,1749806637.714
883,ETH-254127374,1749806637727,1,0.0395,0.039568,71.07,ETH-25JUL25-2200-P,2512.72,buy,7.0,7.0,,,,,,,1749806637.727
884,ETH-254127375,1749806637743,1,0.0395,0.039568,71.07,ETH-25JUL25-2200-P,2512.72,buy,4.0,4.0,,,,,,,1749806637.743
885,ETH-254127376,1749806637761,1,0.0395,0.039568,71.07,ETH-25JUL25-2200-P,2512.72,buy,1.0,1.0,,,,,,,1749806637.761
886,ETH-254127377,1749806637781,1,0.0395,0.039568,71.07,ETH-25JUL25-2200-P,2512.72,buy,1.0,1.0,,,,,,,1749806637.781
887,ETH-254127378,1749806637792,1,0.0395,0.039568,71.07,ETH-25JUL25-2200-P,2512.72,buy,1.0,1.0,,,,,,,1749806637.792
888,ETH-254127379,1749806637808,1,0.0395,0.039568,71.07,ETH-25JUL25-2200-P,2512.72,buy,1.0,1.0,,,,,,,1749806637.808
889,ETH-254127380,1749806637817,1,0.0395,0.039568,71.07,ETH-25JUL25-2200-P,2512.72,buy,1.0,1.0,,,,,,,1749806637.817
890,ETH-254127381,1749806637825,1,0.0395,0.039568,71.07,ETH-25JUL25-2200-P,2512.72,buy,1.0,1.0,,,,,,,1749806637.825
891,ETH-254127382,1749806637833,1,0.0395,0.039568,71.07,ETH-25JUL25-2200-P,2512.72,buy,3.0,3.0,,,,,,,1749806637.833
892,ETH-254127383,1749806637845,1,0.0395,0.039568,71.07,ETH-25JUL25-2200-P,2512.72,buy,1.0,1.0,,,,,,,1749806637.845
893,ETH-254127384,1749806637852,1,0.0395,0.039568,71.07,ETH-25JUL25-2200-P,2512.72,buy,6.0,6.0,,,,,,,1749806637.852
894,ETH-254128007,1749806685155,1,0.0395,0.039489,71.03,ETH-25JUL25-2200-P,2512.5,buy,33.0,33.0,,,,,,,1749806685.155
895,ETH-254140596,1749814443314,2,0.0375,0.03774,70.63,ETH-25JUL25-2200-P,2525.94,buy,146.0,146.0,,,,,,,1749814443.314
896,ETH-254140597,1749814443320,3,0.0375,0.03774,70.63,ETH-25JUL25-2200-P,2525.94,buy,1.0,1.0,,,,,,,1749814443.32
897,ETH-254140598,1749814443559,3,0.0375,0.03774,70.63,ETH-25JUL25-2200-P,2525.94,buy,55.0,55.0,,,,,,,1749814443.559
898,ETH-254140599,1749814443559,3,0.0375,0.03774,70.63,ETH-25JUL25-2200-P,2525.94,buy,3.0,3.0,,,,,,,1749814443.559
899,ETH-254140600,1749814443559,3,0.0375,0.03774,70.63,ETH-25JUL25-2200-P,2525.94,buy,4.0,4.0,,,,,,,1749814443.559
900,ETH-254155881,1749822847537,2,0.0355,0.035675,71.24,ETH-25JUL25-2200-P,2550.17,buy,1.0,1.0,,,,,,,1749822847.537
901,ETH-254161747,1749824555162,0,0.0385,0.038652,70.71,ETH-25JUL25-2200-P,2516.87,buy,148.0,148.0,,,,,,,1749824555.162
902,ETH-254161748,1749824555173,1,0.0385,0.038652,70.71,ETH-25JUL25-2200-P,2516.87,buy,54.0,54.0,,,,,,,1749824555.173
904,ETH-254161750,1749824555173,1,0.0385,0.038652,70.71,ETH-25JUL25-2200-P,2516.87,buy,3.0,3.0,,,,,,,1749824555.173
903,ETH-254161749,1749824555173,1,0.0385,0.038652,70.71,ETH-25JUL25-2200-P,2516.87,buy,4.0,4.0,,,,,,,1749824555.173
905,ETH-254165335,1749825663974,2,0.038,0.037882,70.97,ETH-25JUL25-2200-P,2524.33,buy,4.0,4.0,,,,,,,1749825663.974
906,ETH-254165336,1749825663974,3,0.038,0.037882,70.97,ETH-25JUL25-2200-P,2524.33,buy,1.0,1.0,,,,,,,1749825663.974
907,ETH-254165337,1749825663999,3,0.038,0.037882,70.97,ETH-25JUL25-2200-P,2524.33,buy,1.0,1.0,,,,,,,1749825663.999
908,ETH-254165338,1749825664045,3,0.038,0.037882,70.97,ETH-25JUL25-2200-P,2524.33,buy,103.0,103.0,,,,,,,1749825664.045
909,ETH-254165339,1749825664054,3,0.038,0.037882,70.97,ETH-25JUL25-2200-P,2524.33,buy,97.0,97.0,,,,,,,1749825664.054
910,ETH-254165340,1749825664054,3,0.038,0.037882,70.97,ETH-25JUL25-2200-P,2524.33,buy,3.0,3.0,,,,,,,1749825664.054
911,ETH-254179446,1749831273070,2,0.0325,0.032951,71.39,ETH-25JUL25-2200-P,2580.14,sell,50.0,50.0,,,,,,,1749831273.07
912,ETH-254185441,1749833396964,0,0.0355,0.035659,71.38,ETH-25JUL25-2200-P,2549.81,sell,4.0,4.0,,,,,,,1749833396.964
915,ETH-254194857,1749837245108,1,0.037,0.036943,71.71,ETH-25JUL25-2200-P,2539.48,buy,3.0,3.0,,,,,,,1749837245.108
913,ETH-254194855,1749837245108,0,0.037,0.036943,71.71,ETH-25JUL25-2200-P,2539.48,buy,202.0,202.0,,,,,,,1749837245.108
914,ETH-254194856,1749837245108,1,0.037,0.036943,71.71,ETH-25JUL25-2200-P,2539.48,buy,4.0,4.0,,,,,,,1749837245.108
916,ETH-254199391,1749839027737,0,0.038,0.037897,71.99,ETH-25JUL25-2200-P,2531.61,buy,3.0,3.0,,,,,,,1749839027.737
918,ETH-254199393,1749839027737,1,0.038,0.037897,71.99,ETH-25JUL25-2200-P,2531.61,buy,202.0,202.0,,,,,,,1749839027.737
917,ETH-254199392,1749839027737,1,0.038,0.037897,71.99,ETH-25JUL25-2200-P,2531.61,buy,4.0,4.0,,,,,,,1749839027.737
919,ETH-254204063,1749840403324,0,0.0385,0.038504,72.33,ETH-25JUL25-2200-P,2530.32,buy,4.0,4.0,,,,,,,1749840403.324
921,ETH-254204364,1749840452150,1,0.0385,0.038549,72.19,ETH-25JUL25-2200-P,2529.2,buy,3.0,3.0,,,,,,,1749840452.15
920,ETH-254204363,1749840452150,1,0.0385,0.038549,72.19,ETH-25JUL25-2200-P,2529.2,buy,202.0,202.0,,,,,,,1749840452.15
922,ETH-254211248,1749843822835,1,0.0385,0.038784,72.17,ETH-25JUL25-2200-P,2528.82,buy,202.0,202.0,,,,,,,1749843822.835
924,ETH-254211250,1749843823135,1,0.0385,0.038784,72.17,ETH-25JUL25-2200-P,2528.82,buy,4.0,4.0,,,,,,,1749843823.135
923,ETH-254211249,1749843823135,1,0.0385,0.038784,72.17,ETH-25JUL25-2200-P,2528.82,buy,3.0,3.0,,,,,,,1749843823.135
925,ETH-254279411,1749920022238,0,0.039,0.039317,70.01,ETH-25JUL25-2200-P,2495.92,buy,202.0,202.0,,,,,,,1749920022.238
927,ETH-254279428,1749920026365,1,0.039,0.039291,69.97,ETH-25JUL25-2200-P,2495.51,buy,4.0,4.0,,,,,,,1749920026.365
926,ETH-254279427,1749920026365,1,0.039,0.039291,69.97,ETH-25JUL25-2200-P,2495.51,buy,3.0,3.0,,,,,,,1749920026.365
928,ETH-254285144,1749925476317,2,0.038,0.037821,70.68,ETH-25JUL25-2200-P,2510.72,buy,1.0,1.0,,,,,,,1749925476.317
929,ETH-254285691,1749925884342,0,0.039,0.03891,70.62,ETH-25JUL25-2200-P,2501.98,buy,3.0,3.0,,,,,,,1749925884.342
931,ETH-254285693,1749925884342,1,0.039,0.03891,70.62,ETH-25JUL25-2200-P,2501.98,buy,53.0,53.0,,,,,,,1749925884.342
930,ETH-254285692,1749925884342,1,0.039,0.03891,70.62,ETH-25JUL25-2200-P,2501.98,buy,4.0,4.0,,,,,,,1749925884.342
932,ETH-254285703,1749925888740,1,0.039,0.03903,70.5,ETH-25JUL25-2200-P,2500.95,buy,60.0,60.0,,,,,,,1749925888.74
933,ETH-254285704,1749925888745,1,0.039,0.03903,70.5,ETH-25JUL25-2200-P,2500.95,buy,60.0,60.0,,,,,,,1749925888.745
934,ETH-254285710,1749925889861,1,0.039,0.039039,70.48,ETH-25JUL25-2200-P,2500.76,buy,29.0,29.0,,,,,,,1749925889.861
935,ETH-254287393,1749927222958,1,0.039,0.039368,70.33,ETH-25JUL25-2200-P,2498.58,buy,4.0,4.0,,,,,,,1749927222.958
936,ETH-254287394,1749927223089,1,0.039,0.039368,70.33,ETH-25JUL25-2200-P,2498.58,buy,60.0,60.0,,,,,,,1749927223.089
937,ETH-254287395,1749927223094,1,0.039,0.039368,70.33,ETH-25JUL25-2200-P,2498.58,buy,60.0,60.0,,,,,,,1749927223.094
938,ETH-254287396,1749927223099,1,0.039,0.039368,70.33,ETH-25JUL25-2200-P,2498.58,buy,60.0,60.0,,,,,,,1749927223.099
940,ETH-254287788,1749927456831,3,0.038,0.038054,70.46,ETH-25JUL25-2200-P,2508.21,buy,3.0,3.0,,,,,,,1749927456.831
939,ETH-254287787,1749927456831,2,0.038,0.038054,70.46,ETH-25JUL25-2200-P,2508.21,buy,22.0,22.0,,,,,,,1749927456.831
943,ETH-254291095,1749931480077,3,0.038,0.038106,70.59,ETH-25JUL25-2200-P,2509.4,buy,4.0,4.0,,,,,,,1749931480.077
941,ETH-254291093,1749931480077,3,0.038,0.038106,70.59,ETH-25JUL25-2200-P,2509.4,buy,202.0,202.0,,,,,,,1749931480.077
942,ETH-254291094,1749931480077,3,0.038,0.038106,70.59,ETH-25JUL25-2200-P,2509.4,buy,3.0,3.0,,,,,,,1749931480.077
944,ETH-254299154,1749942497533,2,0.0364,0.035989,71.47,ETH-25JUL25-2200-P,2531.11,buy,200.0,200.0,2.0,BLOCK-205381,6303.0,ETH-PDIAG-25JUL25_27JUN25-2200_2400,,,1749942497.533
945,ETH-254320885,1749979422544,0,0.037,0.037158,70.87,ETH-25JUL25-2200-P,2516.65,buy,202.0,202.0,,,,,,,1749979422.544
947,ETH-254320889,1749979425508,1,0.037,0.03718,70.87,ETH-25JUL25-2200-P,2516.57,buy,4.0,4.0,,,,,,,1749979425.508
946,ETH-254320888,1749979425508,1,0.037,0.03718,70.87,ETH-25JUL25-2200-P,2516.57,buy,3.0,3.0,,,,,,,1749979425.508
948,ETH-254321218,1749979974559,0,0.038,0.037852,71.21,ETH-25JUL25-2200-P,2511.13,buy,1.0,1.0,,,,,,,1749979974.559
949,ETH-254337640,1750001130608,2,0.037,0.036735,74.83,ETH-25JUL25-2200-P,2549.07,buy,1.0,1.0,,,,,,,1750001130.608
950,ETH-254351360,1750019622372,0,0.0375,0.037507,72.07,ETH-25JUL25-2200-P,2518.25,buy,202.0,202.0,,,,,,,1750019622.372
952,ETH-254351464,1750019708703,1,0.0375,0.037596,71.9,ETH-25JUL25-2200-P,2516.76,buy,3.0,3.0,,,,,,,1750019708.703
951,ETH-254351463,1750019708703,1,0.0375,0.037596,71.9,ETH-25JUL25-2200-P,2516.76,buy,4.0,4.0,,,,,,,1750019708.703
953,ETH-254355176,1750020822315,0,0.039,0.039159,71.87,ETH-25JUL25-2200-P,2503.76,buy,4.0,4.0,,,,,,,1750020822.315
954,ETH-254355177,1750020822451,1,0.039,0.039159,71.87,ETH-25JUL25-2200-P,2503.76,buy,1.0,1.0,,,,,,,1750020822.451
956,ETH-254355183,1750020823381,1,0.039,0.039157,71.87,ETH-25JUL25-2200-P,2503.74,buy,201.0,201.0,,,,,,,1750020823.381
955,ETH-254355182,1750020823381,1,0.039,0.039157,71.87,ETH-25JUL25-2200-P,2503.74,buy,2.0,2.0,,,,,,,1750020823.381
957,ETH-254363552,1750025047056,0,0.0395,0.038749,74.96,ETH-25JUL25-2200-P,2528.76,buy,1.0,1.0,,,,,,,1750025047.056
958,ETH-254367775,1750025553477,2,0.039,0.038597,75.87,ETH-25JUL25-2200-P,2542.31,buy,1.0,1.0,,,,,,,1750025553.477
959,ETH-254370189,1750026488664,3,0.039,0.038764,75.92,ETH-25JUL25-2200-P,2542.99,buy,1.0,1.0,,,,,,,1750026488.664
960,ETH-254372485,1750028014790,2,0.0385,0.03837,75.83,ETH-25JUL25-2200-P,2545.65,buy,1.0,1.0,,,,,,,1750028014.79
961,ETH-254379612,1750034164000,2,0.0375,0.037607,74.64,ETH-25JUL25-2200-P,2543.07,buy,12.0,12.0,,,,,,,1750034164.0
962,ETH-254381734,1750036063346,2,0.037,0.037074,73.93,ETH-25JUL25-2200-P,2540.74,buy,2.0,2.0,,,,,,,1750036063.346
963,ETH-254384090,1750036359572,0,0.038,0.038167,74.01,ETH-25JUL25-2200-P,2531.1,buy,2.0,2.0,,,,,,,1750036359.572
964,ETH-254401101,1750050722640,2,0.0325,0.032914,73.29,ETH-25JUL25-2200-P,2576.24,sell,1.0,1.0,,,,,,,1750050722.64
966,ETH-254431529,1750072163520,3,0.029,0.029411,73.03,ETH-25JUL25-2200-P,2611.28,sell,3.0,3.0,,,,,,,1750072163.52
965,ETH-254431528,1750072163520,2,0.029,0.029411,73.03,ETH-25JUL25-2200-P,2611.28,sell,63.0,63.0,,,,,,,1750072163.52
967,ETH-254432840,1750072997204,0,0.0305,0.030236,73.3,ETH-25JUL25-2200-P,2597.07,buy,30.0,30.0,,,,,,,1750072997.204
969,ETH-254466376,1750093882243,3,0.027,0.027329,73.49,ETH-25JUL25-2200-P,2637.24,sell,17.0,17.0,,,,,,,1750093882.243
968,ETH-254466375,1750093882243,2,0.027,0.027329,73.49,ETH-25JUL25-2200-P,2637.24,sell,63.0,63.0,,,,,,,1750093882.243
971,ETH-254466378,1750093882359,2,0.0265,0.027329,72.92,ETH-25JUL25-2200-P,2637.24,sell,104.0,104.0,,,,,,,1750093882.359
970,ETH-254466377,1750093882359,3,0.027,0.027329,73.49,ETH-25JUL25-2200-P,2637.24,sell,3.0,3.0,,,,,,,1750093882.359
972,ETH-254466523,1750094087871,0,0.027,0.026984,73.44,ETH-25JUL25-2200-P,2636.48,buy,272.0,272.0,,,,,,,1750094087.871
973,ETH-254466591,1750094160558,1,0.027,0.027018,73.17,ETH-25JUL25-2200-P,2633.7,buy,175.0,175.0,,,,,,,1750094160.558
974,ETH-254466625,1750094166744,1,0.027,0.027027,73.08,ETH-25JUL25-2200-P,2632.7,buy,272.0,272.0,,,,,,,1750094166.744
976,ETH-254467167,1750094402726,3,0.0265,0.026506,73.35,ETH-25JUL25-2200-P,2641.31,sell,112.0,112.0,,,,,,,1750094402.726
977,ETH-254467168,1750094402726,2,0.026,0.026506,72.76,ETH-25JUL25-2200-P,2641.31,sell,36.0,36.0,,,,,,,1750094402.726
981,ETH-254467172,1750094402726,3,0.026,0.026506,72.76,ETH-25JUL25-2200-P,2641.31,sell,15.0,15.0,,,,,,,1750094402.726
980,ETH-254467171,1750094402726,3,0.026,0.026506,72.76,ETH-25JUL25-2200-P,2641.31,sell,325.0,325.0,,,,,,,1750094402.726
978,ETH-254467169,1750094402726,3,0.026,0.026506,72.76,ETH-25JUL25-2200-P,2641.31,sell,112.0,112.0,,,,,,,1750094402.726
975,ETH-254467166,1750094402726,2,0.0265,0.026506,73.35,ETH-25JUL25-2200-P,2641.31,sell,414.0,414.0,,,,,,,1750094402.726
979,ETH-254467170,1750094402726,3,0.026,0.026506,72.76,ETH-25JUL25-2200-P,2641.31,sell,272.0,272.0,,,,,,,1750094402.726
982,ETH-254467230,1750094421291,0,0.0265,0.026466,73.37,ETH-25JUL25-2200-P,2641.55,buy,14.0,14.0,,,,,,,1750094421.291
983,ETH-254467235,1750094422703,1,0.0265,0.026476,73.37,ETH-25JUL25-2200-P,2641.52,buy,13.0,13.0,,,,,,,1750094422.703
984,ETH-254467236,1750094423406,1,0.0265,0.026476,73.37,ETH-25JUL25-2200-P,2641.52,buy,6.0,6.0,,,,,,,1750094423.406
985,ETH-254467241,1750094440490,1,0.0265,0.026451,73.4,ETH-25JUL25-2200-P,2641.8,buy,12.0,12.0,,,,,,,1750094440.49
986,ETH-254470383,1750097986145,1,0.0265,0.026897,73.16,ETH-25JUL25-2200-P,2639.1,sell,250.0,250.0,,,,,,,1750097986.145
987,ETH-254470979,1750098526746,2,0.026,0.026263,73.16,ETH-25JUL25-2200-P,2645.2,sell,175.0,175.0,,,,,,,1750098526.746
988,ETH-254470980,1750098526746,3,0.026,0.026263,73.16,ETH-25JUL25-2200-P,2645.2,sell,75.0,75.0,,,,,,,1750098526.746
989,ETH-254471421,1750099067319,3,0.026,0.026377,72.7,ETH-25JUL25-2200-P,2640.06,sell,63.0,63.0,,,,,,,1750099067.319
990,ETH-254471422,1750099067319,3,0.026,0.026377,72.7,ETH-25JUL25-2200-P,2640.06,sell,187.0,187.0,,,,,,,1750099067.319
991,ETH-254471523,1750099248803,3,0.026,0.026161,72.97,ETH-25JUL25-2200-P,2642.81,buy,2.0,2.0,,,,,,,1750099248.803
992,ETH-254471548,1750099328989,3,0.026,0.025998,72.93,ETH-25JUL25-2200-P,2642.56,buy,248.0,248.0,,,,,,,1750099328.989
993,ETH-254471867,1750099881913,3,0.026,0.025991,72.76,ETH-25JUL25-2200-P,2640.55,buy,42.0,42.0,,,,,,,1750099881.913
994,ETH-254471868,1750099881926,3,0.026,0.025991,72.76,ETH-25JUL25-2200-P,2640.55,buy,10.0,10.0,,,,,,,1750099881.926
995,ETH-254471871,1750099885714,3,0.026,0.026013,72.69,ETH-25JUL25-2200-P,2639.84,buy,198.0,198.0,,,,,,,1750099885.714
997,ETH-254472854,1750100508773,3,0.025,0.025133,72.76,ETH-25JUL25-2200-P,2653.32,sell,187.0,187.0,,,,,,,1750100508.773
996,ETH-254472853,1750100508773,2,0.025,0.025133,72.76,ETH-25JUL25-2200-P,2653.32,sell,63.0,63.0,,,,,,,1750100508.773
999,ETH-254473675,1750101049352,3,0.025,0.025289,72.67,ETH-25JUL25-2200-P,2652.21,sell,206.0,206.0,,,,,,,1750101049.352
998,ETH-254473674,1750101049352,3,0.025,0.025289,72.67,ETH-25JUL25-2200-P,2652.21,sell,20.0,20.0,,,,,,,1750101049.352
1000,ETH-254473676,1750101049352,3,0.025,0.025289,72.67,ETH-25JUL25-2200-P,2652.21,sell,24.0,24.0,,,,,,,1750101049.352
1006,ETH-254473773,1750101111312,3,0.025,0.025583,72.36,ETH-25JUL25-2200-P,2648.65,sell,3.0,3.0,,,,,,,1750101111.312
1004,ETH-254473771,1750101111312,3,0.025,0.025583,72.36,ETH-25JUL25-2200-P,2648.65,sell,55.0,55.0,,,,,,,1750101111.312
1001,ETH-254473768,1750101111312,3,0.025,0.025583,72.36,ETH-25JUL25-2200-P,2648.65,sell,39.0,39.0,,,,,,,1750101111.312
1005,ETH-254473772,1750101111312,3,0.025,0.025583,72.36,ETH-25JUL25-2200-P,2648.65,sell,50.0,50.0,,,,,,,1750101111.312
1002,ETH-254473769,1750101111312,3,0.025,0.025583,72.36,ETH-25JUL25-2200-P,2648.65,sell,419.0,419.0,,,,,,,1750101111.312
1003,ETH-254473770,1750101111312,3,0.025,0.025583,72.36,ETH-25JUL25-2200-P,2648.65,sell,275.0,275.0,,,,,,,1750101111.312
1007,ETH-254473774,1750101111312,3,0.025,0.025583,72.36,ETH-25JUL25-2200-P,2648.65,sell,159.0,159.0,,,,,,,1750101111.312
1008,ETH-254474084,1750101229692,3,0.025,0.02524,72.67,ETH-25JUL25-2200-P,2652.08,buy,30.0,30.0,,,,,,,1750101229.692
1009,ETH-254474085,1750101232006,3,0.025,0.025224,72.7,ETH-25JUL25-2200-P,2652.33,buy,139.0,139.0,,,,,,,1750101232.006
1010,ETH-254474086,1750101232035,3,0.025,0.025224,72.7,ETH-25JUL25-2200-P,2652.33,buy,1.0,1.0,,,,,,,1750101232.035
1011,ETH-254474087,1750101232049,3,0.025,0.025224,72.7,ETH-25JUL25-2200-P,2652.33,buy,1.0,1.0,,,,,,,1750101232.049
1012,ETH-254474089,1750101232203,3,0.025,0.025224,72.7,ETH-25JUL25-2200-P,2652.33,buy,1.0,1.0,,,,,,,1750101232.203
1013,ETH-254474090,1750101232221,3,0.025,0.025224,72.7,ETH-25JUL25-2200-P,2652.33,buy,1.0,1.0,,,,,,,1750101232.221
1014,ETH-254474091,1750101232232,3,0.025,0.025224,72.7,ETH-25JUL25-2200-P,2652.33,buy,1.0,1.0,,,,,,,1750101232.232
1015,ETH-254474092,1750101232244,3,0.025,0.025224,72.7,ETH-25JUL25-2200-P,2652.33,buy,1.0,1.0,,,,,,,1750101232.244
1016,ETH-254474093,1750101232262,3,0.025,0.025224,72.7,ETH-25JUL25-2200-P,2652.33,buy,1.0,1.0,,,,,,,1750101232.262
1017,ETH-254474094,1750101232271,3,0.025,0.025224,72.7,ETH-25JUL25-2200-P,2652.33,buy,1.0,1.0,,,,,,,1750101232.271
1018,ETH-254474095,1750101232362,3,0.025,0.025224,72.7,ETH-25JUL25-2200-P,2652.33,buy,1.0,1.0,,,,,,,1750101232.362
1019,ETH-254474096,1750101232781,3,0.025,0.025186,72.7,ETH-25JUL25-2200-P,2652.39,buy,72.0,72.0,,,,,,,1750101232.781
1020,ETH-254474672,1750101590053,3,0.025,0.025243,72.64,ETH-25JUL25-2200-P,2651.52,buy,3.0,3.0,,,,,,,1750101590.053
1021,ETH-254474673,1750101590054,3,0.025,0.025243,72.64,ETH-25JUL25-2200-P,2651.52,buy,1.0,1.0,,,,,,,1750101590.054
1022,ETH-254594954,1750161284741,0,0.034,0.034033,73.22,ETH-25JUL25-2200-P,2548.76,sell,100.0,100.0,,,,,,,1750161284.741
1023,ETH-254603462,1750167597875,2,0.032,0.032114,72.73,ETH-25JUL25-2200-P,2563.9,buy,2.0,2.0,,,,,,,1750167597.875
1024,ETH-254608008,1750169633239,2,0.0315,0.03172,72.62,ETH-25JUL25-2200-P,2567.6,buy,2.0,2.0,,,,,,,1750169633.239
1026,ETH-254624026,1750174098041,1,0.0375,0.037968,71.93,ETH-25JUL25-2200-P,2503.6,sell,14.0,14.0,,,,,,,1750174098.041
1025,ETH-254624025,1750174098041,0,0.0375,0.037968,71.93,ETH-25JUL25-2200-P,2503.6,sell,10.0,10.0,,,,,,,1750174098.041
1028,ETH-254626250,1750174296198,1,0.0395,0.039849,71.89,ETH-25JUL25-2200-P,2486.21,buy,10.0,10.0,,,,,,,1750174296.198
1027,ETH-254626249,1750174296198,0,0.0395,0.039849,71.89,ETH-25JUL25-2200-P,2486.21,buy,30.0,30.0,,,,,,,1750174296.198
1029,ETH-254641904,1750178696761,1,0.0395,0.039832,71.89,ETH-25JUL25-2200-P,2485.38,sell,1.0,1.0,,,,,,,1750178696.761
1030,ETH-254652047,1750180748993,0,0.041,0.041595,71.66,ETH-25JUL25-2200-P,2469.97,sell,2.0,2.0,,,,,,,1750180748.993
1031,ETH-254653345,1750181447859,1,0.041,0.041152,72.21,ETH-25JUL25-2200-P,2474.94,sell,2.0,2.0,,,,,,,1750181447.859
1032,ETH-254656135,1750182556651,0,0.0415,0.04172,72.08,ETH-25JUL25-2200-P,2469.23,buy,30.0,30.0,,,,,,,1750182556.651
1033,ETH-254656156,1750182560262,1,0.0415,0.041659,72.12,ETH-25JUL25-2200-P,2469.61,buy,4.0,4.0,,,,,,,1750182560.262
1034,ETH-254656157,1750182560301,1,0.0415,0.041659,72.12,ETH-25JUL25-2200-P,2469.61,buy,1.0,1.0,,,,,,,1750182560.301
1035,ETH-254656158,1750182560355,1,0.0415,0.041659,72.12,ETH-25JUL25-2200-P,2469.61,buy,2.0,2.0,,,,,,,1750182560.355
1036,ETH-254656159,1750182560874,1,0.0415,0.041659,72.12,ETH-25JUL25-2200-P,2469.61,buy,60.0,60.0,,,,,,,1750182560.874
1037,ETH-254656160,1750182560885,1,0.0415,0.041659,72.12,ETH-25JUL25-2200-P,2469.61,buy,8.0,8.0,,,,,,,1750182560.885
1038,ETH-254657664,1750183756299,1,0.0415,0.041374,72.41,ETH-25JUL25-2200-P,2471.78,sell,12.0,12.0,,,,,,,1750183756.299
1039,ETH-254657868,1750183969407,1,0.0415,0.041145,72.62,ETH-25JUL25-2200-P,2473.73,buy,1.0,1.0,,,,,,,1750183969.407
1040,ETH-254683454,1750202948006,2,0.037,0.036957,72.78,ETH-25JUL25-2200-P,2512.38,sell,1.0,1.0,,,,,,,1750202948.006
1041,ETH-254683637,1750203198719,2,0.0365,0.036642,72.59,ETH-25JUL25-2200-P,2514.99,sell,1.0,1.0,,,,,,,1750203198.719
1042,ETH-254683783,1750203451358,3,0.0365,0.036428,72.76,ETH-25JUL25-2200-P,2516.42,buy,1.0,1.0,,,,,,,1750203451.358
1043,ETH-254700800,1750228838156,2,0.034,0.034033,72.19,ETH-25JUL25-2200-P,2532.15,buy,1.0,1.0,,,,,,,1750228838.156
1044,ETH-254702348,1750230909361,0,0.0355,0.035162,72.41,ETH-25JUL25-2200-P,2519.94,buy,50.0,50.0,,,,,,,1750230909.361
1045,ETH-254702362,1750230922359,1,0.0355,0.035024,72.52,ETH-25JUL25-2200-P,2520.94,buy,55.0,55.0,,,,,,,1750230922.359
1046,ETH-254708663,1750237387161,2,0.0335,0.033359,72.26,ETH-25JUL25-2200-P,2537.38,sell,2.0,2.0,,,,,,,1750237387.161
1048,ETH-254714017,1750242480893,1,0.0355,0.035187,72.13,ETH-25JUL25-2200-P,2516.73,buy,3.0,3.0,,,,,,,1750242480.893
1047,ETH-254714016,1750242480893,0,0.0355,0.035187,72.13,ETH-25JUL25-2200-P,2516.73,buy,1.0,1.0,,,,,,,1750242480.893
