trade_seq,trade_id,timestamp,tick_direction,price,mark_price,iv,instrument_name,index_price,direction,contracts,combo_trade_id,amount,combo_id,block_trade_leg_count,block_trade_id,block_rfq_id,liquidation,unix_sec
1801,ETH-252254843,1748653253423,2,0.0335,0.03369,69.56,ETH-25JUL25-3200-C,2521.01,buy,7.0,,7.0,,,,,,1748653253.423
1802,ETH-252271395,1748657706530,2,0.033,0.033105,69.84,ETH-25JUL25-3200-C,2511.55,buy,1.0,,1.0,,,,,,1748657706.53
1803,ETH-252277903,1748662125941,2,0.0323,0.032535,69.9,ETH-25JUL25-3200-C,2502.66,sell,500.0,,500.0,ETH-CS-25JUL25-2700_3200,2.0,BLOCK-202485,5036.0,,1748662125.941
1804,ETH-252292743,1748679785046,0,0.034,0.034003,70.16,ETH-25JUL25-3200-C,2522.86,buy,1.0,,1.0,,,,,,1748679785.046
1805,ETH-252294614,1748681257834,1,0.034,0.033916,70.2,ETH-25JUL25-3200-C,2521.86,buy,1.0,,1.0,,,,,,1748681257.834
1806,ETH-252294966,1748681383924,0,0.0345,0.034615,70.02,ETH-25JUL25-3200-C,2530.35,sell,1.0,,1.0,,,,,,1748681383.924
1807,ETH-252304748,1748686477453,2,0.034,0.034007,69.74,ETH-25JUL25-3200-C,2530.05,buy,1.0,,1.0,,,,,,1748686477.453
1808,ETH-252309574,1748688207541,2,0.033,0.032915,69.75,ETH-25JUL25-3200-C,2518.47,buy,1.0,,1.0,,,,,,1748688207.541
1809,ETH-252314564,1748691718952,0,0.0335,0.033461,70.04,ETH-25JUL25-3200-C,2520.7,buy,1.0,,1.0,,,,,,1748691718.952
1810,ETH-252337485,1748707557118,0,0.034,0.033946,69.3,ETH-25JUL25-3200-C,2538.94,buy,1.0,,1.0,,,,,,1748707557.118
1811,ETH-252374066,1748748647494,2,0.033,0.032856,71.07,ETH-25JUL25-3200-C,2504.98,buy,2.0,,2.0,,,,,,1748748647.494
1812,ETH-252380313,1748759226356,0,0.0335,0.033471,70.78,ETH-25JUL25-3200-C,2516.57,buy,1.0,,1.0,,,,,,1748759226.356
1813,ETH-252398397,1748777938703,2,0.0325,0.032351,71.24,ETH-25JUL25-3200-C,2500.35,buy,1.0,,1.0,,,,,,1748777938.703
1814,ETH-252399694,1748779910371,0,0.033,0.032888,71.65,ETH-25JUL25-3200-C,2500.61,buy,1.0,,1.0,,,,,,1748779910.371
1815,ETH-252400366,1748780645103,1,0.033,0.032703,72.07,ETH-25JUL25-3200-C,2494.79,buy,1.0,,1.0,,,,,,1748780645.103
1816,ETH-252403257,1748781486200,2,0.032,0.031692,72.17,ETH-25JUL25-3200-C,2479.85,buy,1.0,,1.0,,,,,,1748781486.2
1817,ETH-252403493,1748781650920,3,0.032,0.032061,72.0,ETH-25JUL25-3200-C,2482.46,sell,6.0,,6.0,,,,,,1748781650.92
1818,ETH-252403494,1748781650922,3,0.032,0.032061,72.0,ETH-25JUL25-3200-C,2482.46,buy,24.0,,24.0,,,,,,1748781650.922
1819,ETH-252404088,1748782330393,0,0.0325,0.03235,72.28,ETH-25JUL25-3200-C,2484.65,buy,1.0,,1.0,,,,,,1748782330.393
1820,ETH-252404294,1748782686189,1,0.0325,0.032457,72.24,ETH-25JUL25-3200-C,2484.96,buy,1.0,,1.0,,,,,,1748782686.189
1821,ETH-252405312,1748783827203,0,0.0335,0.033315,72.45,ETH-25JUL25-3200-C,2494.5,buy,2.0,,2.0,,,,,,1748783827.203
1822,ETH-252406167,1748784747891,1,0.0335,0.033522,72.33,ETH-25JUL25-3200-C,2496.42,buy,1.0,,1.0,,,,,,1748784747.891
1823,ETH-252408055,1748786616909,1,0.0335,0.033558,72.18,ETH-25JUL25-3200-C,2498.88,buy,1.0,,1.0,,,,,,1748786616.909
1824,ETH-252408898,1748786951957,0,0.034,0.034085,72.12,ETH-25JUL25-3200-C,2506.07,buy,1.0,,1.0,,,,,,1748786951.957
1825,ETH-252422570,1748794198021,0,0.035,0.035164,71.4,ETH-25JUL25-3200-C,2530.07,buy,1.0,,1.0,,,,,,1748794198.021
1826,ETH-252423323,1748794229914,0,0.0355,0.035554,71.57,ETH-25JUL25-3200-C,2533.58,buy,1.0,,1.0,,,,,,1748794229.914
1827,ETH-252431966,1748799283971,0,0.036,0.036036,71.18,ETH-25JUL25-3200-C,2545.78,buy,1.0,,1.0,,,,,,1748799283.971
1828,ETH-252435179,1748802014662,2,0.0345,0.034417,71.23,ETH-25JUL25-3200-C,2527.66,sell,1.0,,1.0,,,,,,1748802014.662
1829,ETH-252438544,1748803570810,2,0.033,0.032767,71.53,ETH-25JUL25-3200-C,2505.39,buy,1.0,,1.0,,,,,,1748803570.81
1830,ETH-252439968,1748804140325,0,0.034,0.033869,71.23,ETH-25JUL25-3200-C,2521.98,buy,1.0,,1.0,,,,,,1748804140.325
1831,ETH-252452773,1748812127377,0,0.0345,0.034528,71.06,ETH-25JUL25-3200-C,2531.67,buy,1.0,,1.0,,,,,,1748812127.377
1832,ETH-252454060,1748813542907,1,0.0345,0.0347,70.79,ETH-25JUL25-3200-C,2536.71,buy,1.0,,1.0,,,,,,1748813542.907
1833,ETH-252455078,1748814366252,1,0.0345,0.0346,70.81,ETH-25JUL25-3200-C,2536.28,buy,1.0,,1.0,,,,,,1748814366.252
1834,ETH-252455809,1748815208631,0,0.035,0.034942,70.88,ETH-25JUL25-3200-C,2541.32,buy,1.0,,1.0,,,,,,1748815208.631
1835,ETH-252456845,1748815753169,0,0.0355,0.035511,70.8,ETH-25JUL25-3200-C,2547.69,buy,1.0,,1.0,,,,,,1748815753.169
1836,ETH-252457610,1748816662517,2,0.035,0.035045,70.75,ETH-25JUL25-3200-C,2542.67,buy,1.0,,1.0,,,,,,1748816662.517
1837,ETH-252459631,1748818449235,2,0.0345,0.034521,70.76,ETH-25JUL25-3200-C,2536.68,buy,1.0,,1.0,,,,,,1748818449.235
1838,ETH-252461278,1748819931746,0,0.035,0.035027,70.76,ETH-25JUL25-3200-C,2542.45,buy,1.0,,1.0,,,,,,1748819931.746
1839,ETH-252462093,1748820963637,1,0.035,0.035052,70.72,ETH-25JUL25-3200-C,2542.96,buy,1.0,,1.0,,,,,,1748820963.637
1840,ETH-252463035,1748822363568,2,0.0345,0.034519,70.61,ETH-25JUL25-3200-C,2538.9,buy,2.0,,2.0,,,,,,1748822363.568
1841,ETH-252464888,1748823732891,3,0.0345,0.034317,70.83,ETH-25JUL25-3200-C,2535.76,buy,1.0,,1.0,,,,,,1748823732.891
1842,ETH-252466953,1748826373248,3,0.0345,0.034469,70.78,ETH-25JUL25-3200-C,2537.1,buy,1.0,,1.0,,,,,,1748826373.248
1843,ETH-252468891,1748828111570,2,0.034,0.03396,70.71,ETH-25JUL25-3200-C,2531.54,buy,1.0,,1.0,,,,,,1748828111.57
1844,ETH-252471227,1748831345277,2,0.033,0.033048,70.53,ETH-25JUL25-3200-C,2522.42,buy,1.0,,1.0,,,,,,1748831345.277
1846,ETH-252471470,1748831657419,3,0.033,0.032702,70.83,ETH-25JUL25-3200-C,2518.23,buy,93.0,,93.0,,,,,,1748831657.419
1847,ETH-252471471,1748831657419,3,0.033,0.032702,70.83,ETH-25JUL25-3200-C,2518.23,buy,1.0,,1.0,,,,,,1748831657.419
1845,ETH-252471469,1748831657419,3,0.033,0.032702,70.83,ETH-25JUL25-3200-C,2518.23,buy,1.0,,1.0,,,,,,1748831657.419
1848,ETH-252471472,1748831657423,3,0.033,0.032702,70.83,ETH-25JUL25-3200-C,2518.23,sell,55.0,,55.0,,,,,,1748831657.423
1849,ETH-252471523,1748831772883,3,0.033,0.032721,70.83,ETH-25JUL25-3200-C,2518.47,sell,100.0,,100.0,,,,,,1748831772.883
1850,ETH-252471614,1748831979974,3,0.033,0.032819,70.76,ETH-25JUL25-3200-C,2519.28,buy,1.0,,1.0,,,,,,1748831979.974
1851,ETH-252471615,1748831979988,3,0.033,0.032819,70.76,ETH-25JUL25-3200-C,2519.28,sell,124.0,,124.0,,,,,,1748831979.988
1852,ETH-252471629,1748832000793,3,0.033,0.032858,70.71,ETH-25JUL25-3200-C,2519.82,sell,125.0,,125.0,,,,,,1748832000.793
1853,ETH-252485014,1748843101777,2,0.0295,0.029711,70.0,ETH-25JUL25-3200-C,2487.96,sell,16.0,,16.0,,,,,,1748843101.777
1854,ETH-252488601,1748845492990,3,0.0295,0.029639,69.72,ETH-25JUL25-3200-C,2492.46,buy,1.0,,1.0,,,,,,1748845492.99
1855,ETH-252489037,1748846110872,3,0.0295,0.029678,69.64,ETH-25JUL25-3200-C,2494.12,sell,5.0,,5.0,,,,,,1748846110.872
1856,ETH-252494040,1748848719724,0,0.031,0.030962,69.58,ETH-25JUL25-3200-C,2514.53,buy,1.0,,1.0,,,,,,1748848719.724
1857,ETH-252496567,1748850878130,2,0.0305,0.030557,69.55,ETH-25JUL25-3200-C,2509.11,sell,5.0,,5.0,,,,,,1748850878.13
1858,ETH-252500653,1748853183884,0,0.031,0.031047,69.65,ETH-25JUL25-3200-C,2514.22,sell,125.0,,125.0,,,,,,1748853183.884
1859,ETH-252501073,1748853514859,2,0.0305,0.030393,69.69,ETH-25JUL25-3200-C,2507.47,buy,14.0,,14.0,,,,,,1748853514.859
1860,ETH-252506459,1748856703334,2,0.029,0.028938,69.69,ETH-25JUL25-3200-C,2488.22,sell,2.0,,2.0,,,,,,1748856703.334
1861,ETH-252511252,1748859383973,2,0.0285,0.028671,69.4,ETH-25JUL25-3200-C,2486.35,sell,2.0,,2.0,,,,,,1748859383.973
1862,ETH-252523801,1748870307517,0,0.029,0.028917,69.25,ETH-25JUL25-3200-C,2496.1,buy,17.0,,17.0,,,,,,1748870307.517
1863,ETH-252523942,1748870343384,1,0.029,0.028947,69.22,ETH-25JUL25-3200-C,2496.4,buy,1.0,,1.0,,,,,,1748870343.384
1864,ETH-252523965,1748870373808,1,0.029,0.028877,69.29,ETH-25JUL25-3200-C,2495.5,buy,1.0,,1.0,,,,,,1748870373.808
1865,ETH-252523977,1748870378874,1,0.029,0.028814,69.36,ETH-25JUL25-3200-C,2494.5,buy,13.0,,13.0,,,,,,1748870378.874
1866,ETH-252524083,1748870502111,1,0.029,0.028747,69.42,ETH-25JUL25-3200-C,2493.43,buy,5.0,,5.0,,,,,,1748870502.111
1867,ETH-252524349,1748870770019,1,0.029,0.028874,69.3,ETH-25JUL25-3200-C,2495.48,buy,1.0,,1.0,,,,,,1748870770.019
1868,ETH-252526918,1748871642306,0,0.0305,0.030428,69.19,ETH-25JUL25-3200-C,2516.84,buy,1.0,,1.0,,,,,,1748871642.306
1869,ETH-252527342,1748871896893,1,0.0305,0.030257,69.4,ETH-25JUL25-3200-C,2513.54,buy,2.0,,2.0,,,,,,1748871896.893
1870,ETH-252533804,1748873196765,2,0.03,0.029851,69.26,ETH-25JUL25-3200-C,2509.43,buy,1.0,,1.0,,,,,,1748873196.765
1871,ETH-252534964,1748873693965,0,0.0305,0.030377,69.25,ETH-25JUL25-3200-C,2516.08,buy,1.0,,1.0,,,,,,1748873693.965
1872,ETH-252537980,1748874400672,0,0.032,0.032099,69.04,ETH-25JUL25-3200-C,2538.01,buy,1.0,,1.0,,,,,,1748874400.672
1873,ETH-252540289,1748875124613,2,0.0315,0.03151,69.07,ETH-25JUL25-3200-C,2531.75,buy,1.0,,1.0,,,,,,1748875124.613
1874,ETH-252543213,1748876377196,3,0.0315,0.031548,68.99,ETH-25JUL25-3200-C,2532.63,buy,1.0,,1.0,,,,,,1748876377.196
1875,ETH-252548353,1748878420722,0,0.032,0.031918,68.91,ETH-25JUL25-3200-C,2541.51,buy,1.0,,1.0,,,,,,1748878420.722
1876,ETH-252549162,1748879087173,1,0.032,0.032006,68.86,ETH-25JUL25-3200-C,2542.18,buy,1.0,,1.0,,,,,,1748879087.173
1877,ETH-252552793,1748880150642,1,0.032,0.031984,68.86,ETH-25JUL25-3200-C,2542.59,buy,1.0,,1.0,,,,,,1748880150.642
1878,ETH-252558200,1748882893597,2,0.0315,0.031846,68.29,ETH-25JUL25-3200-C,2544.66,sell,179.0,,179.0,,,,,,1748882893.597
1879,ETH-252558201,1748882893597,3,0.0315,0.031846,68.29,ETH-25JUL25-3200-C,2544.66,sell,63.0,,63.0,,,,,,1748882893.597
1880,ETH-252567364,1748888781992,0,0.033,0.032865,68.35,ETH-25JUL25-3200-C,2563.67,buy,1.0,,1.0,,,,,,1748888781.992
1881,ETH-252567786,1748888980135,2,0.0325,0.032512,68.22,ETH-25JUL25-3200-C,2559.85,buy,12.0,,12.0,,,,,,1748888980.135
1882,ETH-252577916,1748893561858,2,0.0305,0.030456,68.73,ETH-25JUL25-3200-C,2528.68,buy,15.0,,15.0,,,,,,1748893561.858
1883,ETH-252581861,1748895074399,0,0.0315,0.031665,68.35,ETH-25JUL25-3200-C,2545.63,buy,1.0,,1.0,,,,,,1748895074.399
1884,ETH-252582719,1748895749895,1,0.0315,0.031358,68.57,ETH-25JUL25-3200-C,2542.77,buy,1.0,,1.0,,,,,,1748895749.895
1885,ETH-252582985,1748896260675,1,0.0315,0.031438,68.48,ETH-25JUL25-3200-C,2543.83,buy,11.0,,11.0,,,,,,1748896260.675
1886,ETH-252584907,1748898130092,1,0.0315,0.03142,68.49,ETH-25JUL25-3200-C,2543.91,buy,1.0,,1.0,,,,,,1748898130.092
1887,ETH-252585061,1748898310979,1,0.0315,0.03145,68.36,ETH-25JUL25-3200-C,2545.9,buy,17.0,,17.0,,,,,,1748898310.979
1888,ETH-252585062,1748898312385,1,0.0315,0.031464,68.35,ETH-25JUL25-3200-C,2546.07,buy,10.0,,10.0,,,,,,1748898312.385
1889,ETH-252593424,1748902746477,0,0.0335,0.033272,68.06,ETH-25JUL25-3200-C,2575.98,buy,2.0,,2.0,,,,,,1748902746.477
1890,ETH-252593425,1748902746477,1,0.0335,0.033272,68.06,ETH-25JUL25-3200-C,2575.98,buy,1.0,,1.0,,,,,,1748902746.477
1891,ETH-252607231,1748906973314,0,0.036,0.035732,67.91,ETH-25JUL25-3200-C,2606.92,buy,1.0,,1.0,,,,,,1748906973.314
1892,ETH-252613742,1748910455959,0,0.0365,0.036723,67.71,ETH-25JUL25-3200-C,2616.13,sell,1.0,,1.0,,,,,,1748910455.959
1893,ETH-252619691,1748915190352,0,0.039,0.038933,67.79,ETH-25JUL25-3200-C,2643.31,buy,1.0,,1.0,,,,,,1748915190.352
1894,ETH-252622214,1748916298203,1,0.039,0.039033,67.66,ETH-25JUL25-3200-C,2645.41,sell,10.0,,10.0,,,,,,1748916298.203
1895,ETH-252628250,1748921481724,2,0.035,0.034948,67.91,ETH-25JUL25-3200-C,2596.2,sell,2.0,,2.0,,,,,,1748921481.724
1896,ETH-252630115,1748924547216,3,0.035,0.035083,67.71,ETH-25JUL25-3200-C,2599.73,buy,6.0,,6.0,,,,,,1748924547.216
1897,ETH-252630116,1748924547216,3,0.035,0.035083,67.71,ETH-25JUL25-3200-C,2599.73,buy,1.0,,1.0,,,,,,1748924547.216
1898,ETH-252630296,1748924786332,0,0.0355,0.035333,67.91,ETH-25JUL25-3200-C,2602.34,buy,1.0,,1.0,,,,,,1748924786.332
1899,ETH-252630297,1748924786332,1,0.0355,0.035333,67.91,ETH-25JUL25-3200-C,2602.34,buy,13.0,,13.0,,,,,,1748924786.332
1900,ETH-252631949,1748928530347,0,0.036,0.035787,68.13,ETH-25JUL25-3200-C,2605.46,buy,1.0,,1.0,,,,,,1748928530.347
1901,ETH-252642151,1748939834037,2,0.035,0.035232,67.71,ETH-25JUL25-3200-C,2602.73,sell,2.0,,2.0,,,,,,1748939834.037
1902,ETH-252653248,1748953411899,2,0.034,0.034257,66.88,ETH-25JUL25-3200-C,2603.4,sell,5.0,,5.0,,,,,,1748953411.899
1903,ETH-252656610,1748955772831,0,0.0355,0.035349,67.18,ETH-25JUL25-3200-C,2616.83,buy,1.0,,1.0,,,,,,1748955772.831
1904,ETH-252657108,1748955969978,1,0.0355,0.035439,67.15,ETH-25JUL25-3200-C,2617.6,buy,10.0,,10.0,,,,,,1748955969.978
1905,ETH-252657109,1748955969978,1,0.0355,0.035439,67.15,ETH-25JUL25-3200-C,2617.6,buy,100.0,,100.0,,,,,,1748955969.978
1906,ETH-252745457,1749036228039,2,0.035,0.035187,66.11,ETH-25JUL25-3200-C,2636.19,buy,2.0,,2.0,,,,,,1749036228.039
1907,ETH-252756471,1749044674298,2,0.034,0.034168,66.4,ETH-25JUL25-3200-C,2621.95,buy,1.0,,1.0,,,,,,1749044674.298
1908,ETH-252771074,1749050232507,0,0.037,0.036814,66.48,ETH-25JUL25-3200-C,2656.39,buy,1.0,,1.0,,,,,,1749050232.507
1909,ETH-252776012,1749051523213,0,0.0375,0.037515,66.24,ETH-25JUL25-3200-C,2665.72,buy,1.0,,1.0,,,,,,1749051523.213
1910,ETH-252778993,1749052087807,0,0.038,0.037796,66.44,ETH-25JUL25-3200-C,2669.03,buy,1.0,,1.0,,,,,,1749052087.807
1911,ETH-252782985,1749053884952,2,0.0374,0.036977,66.78,ETH-25JUL25-3200-C,2657.93,buy,1000.0,,1000.0,ETH-CDIAG-29AUG25_25JUL25-4000_3200,2.0,BLOCK-203132,,,1749053884.952
1912,ETH-252782995,1749053900939,0,0.0376,0.036992,66.94,ETH-25JUL25-3200-C,2658.09,buy,691.0,,691.0,ETH-CDIAG-29AUG25_25JUL25-4000_3200,2.0,BLOCK-203133,,,1749053900.939
1913,ETH-252785339,1749055116244,2,0.0371,0.036731,66.62,ETH-25JUL25-3200-C,2656.78,buy,1000.0,,1000.0,ETH-CDIAG-29AUG25_25JUL25-4000_3200,2.0,BLOCK-203138,,,1749055116.244
1914,ETH-252793450,1749063327604,2,0.035,0.034938,66.68,ETH-25JUL25-3200-C,2631.74,sell,1.0,,1.0,,,,,,1749063327.604
1915,ETH-252800994,1749068523632,2,0.033,0.032757,66.77,ETH-25JUL25-3200-C,2607.54,buy,1.0,,1.0,,,,,,1749068523.632
1916,ETH-252802813,1749069915650,3,0.033,0.03288,66.72,ETH-25JUL25-3200-C,2608.45,buy,1.0,,1.0,,,,,,1749069915.65
1917,ETH-252806155,1749074141923,0,0.034,0.033786,66.67,ETH-25JUL25-3200-C,2621.5,buy,1.0,,1.0,,,,,,1749074141.923
1918,ETH-252806156,1749074141923,0,0.0345,0.033786,67.09,ETH-25JUL25-3200-C,2621.5,buy,49.0,,49.0,,,,,,1749074141.923
1920,ETH-252809257,1749078670277,3,0.0335,0.033136,66.87,ETH-25JUL25-3200-C,2612.72,buy,50.0,,50.0,,,,,,1749078670.277
1919,ETH-252809256,1749078670277,2,0.0335,0.033136,66.87,ETH-25JUL25-3200-C,2612.72,buy,1.0,,1.0,,,,,,1749078670.277
1921,ETH-252812172,1749084622299,3,0.0335,0.032749,67.3,ETH-25JUL25-3200-C,2607.63,buy,76.0,,76.0,,,,,,1749084622.299
1922,ETH-252812477,1749085120229,0,0.034,0.03347,67.3,ETH-25JUL25-3200-C,2613.61,buy,14.0,,14.0,,,,,,1749085120.229
1923,ETH-252818129,1749092999626,2,0.0335,0.033512,66.22,ETH-25JUL25-3200-C,2623.39,buy,2.0,,2.0,,,,,,1749092999.626
1924,ETH-252820703,1749097081112,0,0.034,0.034038,66.11,ETH-25JUL25-3200-C,2630.93,buy,1.0,,1.0,,,,,,1749097081.112
1925,ETH-252820925,1749097412958,1,0.034,0.033989,66.14,ETH-25JUL25-3200-C,2630.68,buy,1.0,,1.0,,,,,,1749097412.958
1926,ETH-252822613,1749101118223,2,0.033,0.033295,65.64,ETH-25JUL25-3200-C,2626.33,buy,25.0,,25.0,,,,,,1749101118.223
1927,ETH-252831227,1749108567865,2,0.0325,0.032411,66.19,ETH-25JUL25-3200-C,2613.17,buy,1.0,,1.0,,,,,,1749108567.865
1928,ETH-252831269,1749108639327,3,0.0325,0.032326,66.25,ETH-25JUL25-3200-C,2612.44,sell,2.0,,2.0,,,,,,1749108639.327
1929,ETH-252839872,1749117402829,3,0.0325,0.032008,66.64,ETH-25JUL25-3200-C,2607.74,buy,1.0,,1.0,,,,,,1749117402.829
1930,ETH-252840903,1749117786897,0,0.0355,0.035086,68.95,ETH-25JUL25-3200-C,2610.24,sell,30.0,,30.0,,,,,,1749117786.897
1931,ETH-252840904,1749117787719,1,0.0355,0.03509,68.95,ETH-25JUL25-3200-C,2610.26,sell,2.0,,2.0,,,,,,1749117787.719
1932,ETH-252840907,1749117797130,1,0.0355,0.035201,68.94,ETH-25JUL25-3200-C,2610.32,sell,13.0,,13.0,,,,,,1749117797.13
1933,ETH-252841131,1749117912855,1,0.0355,0.035261,68.94,ETH-25JUL25-3200-C,2610.21,buy,1.0,,1.0,,,,,,1749117912.855
1934,ETH-252841406,1749118122893,2,0.0353,0.03531,68.71,ETH-25JUL25-3200-C,2611.08,buy,1000.0,,1000.0,ETH-CDIAG-25JUL25_27JUN25-3200_3000,2.0,BLOCK-203226,,,1749118122.893
1935,ETH-252841571,1749118181593,0,0.0355,0.035484,68.68,ETH-25JUL25-3200-C,2613.92,buy,1000.0,,1000.0,ETH-CDIAG-25JUL25_27JUN25-3200_3000,2.0,BLOCK-203227,,,1749118181.593
1936,ETH-252841576,1749118193305,2,0.0354,0.035479,68.6,ETH-25JUL25-3200-C,2613.94,buy,1000.0,,1000.0,ETH-CDIAG-25JUL25_27JUN25-3200_3000,2.0,BLOCK-203228,,,1749118193.305
1937,ETH-252841587,1749118204242,3,0.0354,0.035438,68.6,ETH-25JUL25-3200-C,2613.99,buy,1000.0,,1000.0,ETH-CDIAG-25JUL25_27JUN25-3200_3000,2.0,BLOCK-203229,,,1749118204.242
1938,ETH-252841627,1749118217863,3,0.0354,0.035373,68.65,ETH-25JUL25-3200-C,2613.38,buy,1000.0,,1000.0,ETH-CDIAG-25JUL25_27JUN25-3200_3000,2.0,BLOCK-203230,,,1749118217.863
1939,ETH-252841660,1749118229053,2,0.0353,0.035267,68.6,ETH-25JUL25-3200-C,2613.2,buy,1000.0,,1000.0,ETH-CDIAG-25JUL25_27JUN25-3200_3000,2.0,BLOCK-203231,,,1749118229.053
1940,ETH-252841901,1749118399437,2,0.0343,0.034718,67.78,ETH-25JUL25-3200-C,2612.93,sell,500.0,,500.0,,1.0,BLOCK-203234,,,1749118399.437
1941,ETH-252841935,1749118423252,2,0.0342,0.034743,67.63,ETH-25JUL25-3200-C,2613.88,sell,500.0,,500.0,,1.0,BLOCK-203236,,,1749118423.252
1942,ETH-252842045,1749118535615,2,0.034,0.034455,67.49,ETH-25JUL25-3200-C,2613.3,buy,1.0,,1.0,,,,,,1749118535.615
1943,ETH-252843356,1749119605231,2,0.0325,0.032804,66.83,ETH-25JUL25-3200-C,2605.72,buy,25.0,,25.0,,,,,,1749119605.231
1944,ETH-252851643,1749125858541,0,0.034,0.03346,66.99,ETH-25JUL25-3200-C,2622.57,buy,1.0,,1.0,,,,,,1749125858.541
1945,ETH-252854384,1749126666303,0,0.036,0.036345,68.61,ETH-25JUL25-3200-C,2622.09,sell,100.0,,100.0,,,,,,1749126666.303
1946,ETH-252859275,1749128229730,0,0.0378,0.037799,68.78,ETH-25JUL25-3200-C,2639.22,buy,500.0,,500.0,ETH-CDIAG-25JUL25_27JUN25-3200_3000,2.0,BLOCK-203266,,,1749128229.73
1947,ETH-252875350,1749132355244,2,0.034,0.033868,68.96,ETH-25JUL25-3200-C,2594.91,buy,5.0,,5.0,,,,,,1749132355.244
1948,ETH-252939775,1749154238313,2,0.028,0.028134,69.5,ETH-25JUL25-3200-C,2515.36,sell,1.0,,1.0,,,,,,1749154238.313
1949,ETH-252959843,1749155622696,2,0.0245,0.02465,70.53,ETH-25JUL25-3200-C,2451.82,sell,60.0,,60.0,,,,,,1749155622.696
1950,ETH-252961447,1749155710628,3,0.0245,0.024753,70.48,ETH-25JUL25-3200-C,2452.27,sell,54.0,,54.0,,,,,,1749155710.628
1951,ETH-252970752,1749156259064,2,0.0235,0.022647,72.29,ETH-25JUL25-3200-C,2411.16,buy,1.0,,1.0,,,,,,1749156259.064
1952,ETH-252972332,1749156364855,0,0.024,0.023873,71.61,ETH-25JUL25-3200-C,2428.25,sell,13.0,,13.0,,,,,,1749156364.855
1953,ETH-252980218,1749157012392,2,0.0235,0.023171,72.42,ETH-25JUL25-3200-C,2408.3,buy,1.0,,1.0,,,,,,1749157012.392
1954,ETH-252986726,1749157643415,0,0.0245,0.024444,72.62,ETH-25JUL25-3200-C,2421.49,buy,1.0,,1.0,,,,,,1749157643.415
1955,ETH-253018037,1749168712467,2,0.024,0.02395,72.88,ETH-25JUL25-3200-C,2411.53,sell,1.0,,1.0,,,,,,1749168712.467
1957,ETH-253034989,1749178529932,1,0.025,0.025013,72.63,ETH-25JUL25-3200-C,2431.04,buy,1.0,,1.0,,,,,,1749178529.932
1956,ETH-253034988,1749178529932,0,0.025,0.025013,72.63,ETH-25JUL25-3200-C,2431.04,buy,1.0,,1.0,,,,,,1749178529.932
1958,ETH-253034990,1749178529934,1,0.025,0.025013,72.63,ETH-25JUL25-3200-C,2431.04,sell,8.0,,8.0,,,,,,1749178529.934
1959,ETH-253035006,1749178536814,1,0.025,0.025059,72.6,ETH-25JUL25-3200-C,2431.58,sell,10.0,,10.0,,,,,,1749178536.814
1960,ETH-253035049,1749178539936,1,0.025,0.025086,72.55,ETH-25JUL25-3200-C,2432.19,sell,10.0,,10.0,,,,,,1749178539.936
1961,ETH-253035776,1749178747322,0,0.0255,0.025249,72.83,ETH-25JUL25-3200-C,2435.44,buy,10.0,,10.0,,,,,,1749178747.322
1962,ETH-253036274,1749179122509,2,0.025,0.025132,72.45,ETH-25JUL25-3200-C,2433.66,sell,12.0,,12.0,,,,,,1749179122.509
1963,ETH-253036570,1749179181542,2,0.0247,0.024957,72.36,ETH-25JUL25-3200-C,2430.55,sell,500.0,ETH-253036569,500.0,ETH-CS-25JUL25-2700_3200,,,,,1749179181.542
1964,ETH-253041369,1749182483310,0,0.0255,0.025867,71.74,ETH-25JUL25-3200-C,2452.81,sell,1.0,,1.0,,,,,,1749182483.31
1965,ETH-253041370,1749182483312,1,0.0255,0.025867,71.74,ETH-25JUL25-3200-C,2452.81,buy,24.0,,24.0,,,,,,1749182483.312
1966,ETH-253043194,1749183037806,1,0.0255,0.025897,71.64,ETH-25JUL25-3200-C,2453.93,buy,25.0,,25.0,,,,,,1749183037.806
1967,ETH-253051436,1749189003263,0,0.026,0.026102,71.68,ETH-25JUL25-3200-C,2461.36,sell,14.0,,14.0,,,,,,1749189003.263
1968,ETH-253070656,1749199432994,2,0.0255,0.025444,71.11,ETH-25JUL25-3200-C,2462.82,buy,25.0,,25.0,,,,,,1749199432.994
1969,ETH-253070657,1749199432994,3,0.0255,0.025444,71.11,ETH-25JUL25-3200-C,2462.82,buy,15.0,,15.0,,,,,,1749199432.994
1970,ETH-253082310,1749209021877,0,0.0265,0.026847,70.2,ETH-25JUL25-3200-C,2491.88,sell,1.0,,1.0,,,,,,1749209021.877
1971,ETH-253086733,1749213005383,0,0.027,0.02671,70.98,ETH-25JUL25-3200-C,2487.81,buy,20.0,,20.0,,,,,,1749213005.383
1972,ETH-253100063,1749218205928,0,0.0275,0.027525,70.41,ETH-25JUL25-3200-C,2504.41,buy,10.0,,10.0,,,,,,1749218205.928
1973,ETH-253103073,1749220827372,0,0.0285,0.028398,70.56,ETH-25JUL25-3200-C,2515.83,buy,1.0,,1.0,,,,,,1749220827.372
1974,ETH-253108971,1749224317107,2,0.028,0.027792,70.79,ETH-25JUL25-3200-C,2506.38,buy,1.0,,1.0,,,,,,1749224317.107
1975,ETH-253110676,1749225785259,2,0.0275,0.028182,69.98,ETH-25JUL25-3200-C,2511.51,sell,1.0,,1.0,,,,,,1749225785.259
1976,ETH-253119463,1749232593367,2,0.027,0.02698,70.64,ETH-25JUL25-3200-C,2495.59,buy,3.0,,3.0,,,,,,1749232593.367
1978,ETH-253126011,1749243116652,1,0.0275,0.027031,70.9,ETH-25JUL25-3200-C,2499.94,buy,1.0,,1.0,,,,,,1749243116.652
1977,ETH-253126010,1749243116652,0,0.0275,0.027031,70.9,ETH-25JUL25-3200-C,2499.94,buy,1.0,,1.0,,,,,,1749243116.652
1979,ETH-253145111,1749280506427,2,0.025,0.025742,69.27,ETH-25JUL25-3200-C,2493.62,sell,1.0,,1.0,,,,,,1749280506.427
1980,ETH-253149043,1749285785124,2,0.0245,0.025013,69.21,ETH-25JUL25-3200-C,2488.41,sell,2.0,,2.0,,,,,,1749285785.124
1981,ETH-253158088,1749299479186,0,0.025,0.024856,69.03,ETH-25JUL25-3200-C,2500.3,buy,60.0,,60.0,,,,,,1749299479.186
1983,ETH-253163831,1749305094939,1,0.0265,0.025884,69.74,ETH-25JUL25-3200-C,2511.29,buy,1.0,,1.0,,,,,,1749305094.939
1982,ETH-253163830,1749305094939,0,0.0265,0.025884,69.74,ETH-25JUL25-3200-C,2511.29,buy,5.0,,5.0,,,,,,1749305094.939
1984,ETH-253166583,1749306653542,0,0.03,0.02933,72.95,ETH-25JUL25-3200-C,2511.24,buy,1.0,,1.0,,,,,,1749306653.542
1986,ETH-253167018,1749306860064,1,0.0305,0.030118,72.93,ETH-25JUL25-3200-C,2517.99,buy,13.0,,13.0,,,,,,1749306860.064
1985,ETH-253167017,1749306860064,0,0.0305,0.030118,72.93,ETH-25JUL25-3200-C,2517.99,buy,100.0,,100.0,,,,,,1749306860.064
1987,ETH-253171004,1749311149523,2,0.0295,0.029254,72.21,ETH-25JUL25-3200-C,2516.83,buy,1.0,,1.0,,,,,,1749311149.523
1988,ETH-253194628,1749365275147,2,0.0275,0.028023,70.92,ETH-25JUL25-3200-C,2515.89,sell,1.0,,1.0,,,,,,1749365275.147
1989,ETH-253203758,1749379352764,3,0.0275,0.026793,72.06,ETH-25JUL25-3200-C,2500.75,buy,1.0,,1.0,,,,,,1749379352.764
1990,ETH-253207148,1749385269897,3,0.0275,0.027217,71.3,ETH-25JUL25-3200-C,2512.64,buy,1.0,,1.0,,,,,,1749385269.897
1991,ETH-253207149,1749385269899,3,0.0275,0.027217,71.3,ETH-25JUL25-3200-C,2512.64,sell,98.0,,98.0,,,,,,1749385269.899
1992,ETH-253216891,1749405083323,0,0.028,0.028584,70.78,ETH-25JUL25-3200-C,2528.61,sell,100.0,,100.0,,,,,,1749405083.323
1993,ETH-253225574,1749420803319,0,0.0282,0.028236,71.68,ETH-25JUL25-3200-C,2521.47,buy,50.0,ETH-253225572,50.0,ETH-CS-25JUL25-2800_3200,,,,,1749420803.319
1994,ETH-253239174,1749432981894,2,0.0265,0.026742,71.53,ETH-25JUL25-3200-C,2501.94,sell,11.0,,11.0,,,,,,1749432981.894
1995,ETH-253239177,1749432982185,3,0.0265,0.026742,71.53,ETH-25JUL25-3200-C,2501.94,sell,11.0,,11.0,,,,,,1749432982.185
1996,ETH-253252289,1749456125783,2,0.025,0.025264,70.66,ETH-25JUL25-3200-C,2496.78,sell,25.0,,25.0,,,,,,1749456125.783
1997,ETH-253253902,1749457912111,2,0.0245,0.024712,70.89,ETH-25JUL25-3200-C,2486.6,sell,1.0,,1.0,,,,,,1749457912.111
1998,ETH-253255316,1749459501937,0,0.0248,0.025045,70.5,ETH-25JUL25-3200-C,2497.32,sell,1000.0,,1000.0,ETH-CDIAG-25JUL25_27JUN25-3200_3000,2.0,BLOCK-203953,,,1749459501.937
1999,ETH-253255869,1749460744664,2,0.0245,0.024671,70.5,ETH-25JUL25-3200-C,2493.27,sell,24.0,,24.0,,,,,,1749460744.664
2000,ETH-253257441,1749462397811,0,0.026,0.026197,70.17,ETH-25JUL25-3200-C,2518.61,buy,1.0,,1.0,,,,,,1749462397.811
2001,ETH-253264873,1749465211611,0,0.0267,0.027154,69.44,ETH-25JUL25-3200-C,2539.3,sell,1000.0,,1000.0,ETH-CDIAG-25JUL25_27JUN25-3200_3000,2.0,BLOCK-204007,,,1749465211.611
2002,ETH-253266052,1749466044007,0,0.027,0.027055,69.75,ETH-25JUL25-3200-C,2539.47,buy,5.0,,5.0,,,,,,1749466044.007
2003,ETH-253272192,1749469585166,1,0.027,0.027147,69.61,ETH-25JUL25-3200-C,2542.01,sell,1.0,,1.0,,,,,,1749469585.166
2004,ETH-253276297,1749472940104,0,0.0271,0.027441,69.39,ETH-25JUL25-3200-C,2546.36,sell,1000.0,,1000.0,ETH-CDIAG-25JUL25_27JUN25-3200_3000,2.0,BLOCK-204037,,,1749472940.104
2005,ETH-253276391,1749473054730,0,0.0272,0.027472,69.46,ETH-25JUL25-3200-C,2546.82,sell,1000.0,,1000.0,ETH-CDIAG-25JUL25_27JUN25-3200_3000,2.0,BLOCK-204039,,,1749473054.73
2006,ETH-253276561,1749473183372,0,0.0273,0.027434,69.57,ETH-25JUL25-3200-C,2546.59,sell,1000.0,,1000.0,ETH-CDIAG-25JUL25_27JUN25-3200_3000,2.0,BLOCK-204040,,,1749473183.372
2007,ETH-253278638,1749475397913,2,0.027,0.027327,69.36,ETH-25JUL25-3200-C,2545.87,sell,1.0,,1.0,,,,,,1749475397.913
2008,ETH-253280233,1749476321855,2,0.0265,0.026436,69.94,ETH-25JUL25-3200-C,2531.49,sell,150.0,,150.0,,,,,,1749476321.855
2009,ETH-253280267,1749476322579,3,0.0265,0.026428,70.0,ETH-25JUL25-3200-C,2530.64,sell,72.0,,72.0,,,,,,1749476322.579
2010,ETH-253290235,1749480449892,0,0.027,0.02676,70.28,ETH-25JUL25-3200-C,2534.19,buy,1.0,,1.0,,,,,,1749480449.892
2011,ETH-253355005,1749507790931,0,0.0355,0.035283,69.24,ETH-25JUL25-3200-C,2655.6,buy,10.0,,10.0,,,,,,1749507790.931
2012,ETH-253355817,1749507914337,1,0.0355,0.035647,69.05,ETH-25JUL25-3200-C,2657.88,sell,1.0,,1.0,,,,,,1749507914.337
2013,ETH-253357325,1749508363494,0,0.0365,0.036236,69.38,ETH-25JUL25-3200-C,2664.81,buy,3.0,,3.0,,,,,,1749508363.494
2014,ETH-253357326,1749508363588,1,0.0365,0.036236,69.38,ETH-25JUL25-3200-C,2664.81,buy,4.0,,4.0,,,,,,1749508363.588
2015,ETH-253357327,1749508363689,1,0.0365,0.036236,69.38,ETH-25JUL25-3200-C,2664.81,buy,12.0,,12.0,,,,,,1749508363.689
2016,ETH-253357328,1749508363689,1,0.0365,0.036236,69.38,ETH-25JUL25-3200-C,2664.81,buy,100.0,,100.0,,,,,,1749508363.689
2017,ETH-253357329,1749508363689,0,0.037,0.036236,69.81,ETH-25JUL25-3200-C,2664.81,buy,92.0,,92.0,,,,,,1749508363.689
2018,ETH-253367247,1749512821733,0,0.0385,0.039067,69.14,ETH-25JUL25-3200-C,2688.87,sell,1.0,,1.0,,,,,,1749512821.733
2019,ETH-253367335,1749512837120,1,0.0385,0.03892,69.26,ETH-25JUL25-3200-C,2687.44,sell,1.0,,1.0,,,,,,1749512837.12
2021,ETH-253378338,1749515563019,1,0.0425,0.042105,69.85,ETH-25JUL25-3200-C,2722.61,buy,3.0,,3.0,,,,,,1749515563.019
2020,ETH-253378337,1749515563019,0,0.0425,0.042105,69.85,ETH-25JUL25-3200-C,2722.61,buy,1.0,,1.0,,,,,,1749515563.019
2022,ETH-253378339,1749515563114,1,0.0425,0.042162,69.77,ETH-25JUL25-3200-C,2723.57,buy,3.0,,3.0,,,,,,1749515563.114
2023,ETH-253378340,1749515563211,1,0.0425,0.042162,69.77,ETH-25JUL25-3200-C,2723.57,buy,94.0,,94.0,,,,,,1749515563.211
2024,ETH-253378341,1749515563211,1,0.0425,0.042162,69.77,ETH-25JUL25-3200-C,2723.57,buy,110.0,,110.0,,,,,,1749515563.211
2025,ETH-253379012,1749515847398,2,0.0413,0.041485,69.39,ETH-25JUL25-3200-C,2716.16,buy,1.0,ETH-253379010,1.0,ETH-CS-25JUL25-2900_3200,,,,,1749515847.398
2026,ETH-253380630,1749516478882,2,0.04,0.040413,69.13,ETH-25JUL25-3200-C,2705.86,buy,1.0,,1.0,,,,,,1749516478.882
2027,ETH-253386087,1749520513029,2,0.0395,0.039921,68.77,ETH-25JUL25-3200-C,2705.77,sell,1.0,,1.0,,,,,,1749520513.029
2028,ETH-253386174,1749520574725,0,0.04,0.040248,68.93,ETH-25JUL25-3200-C,2708.86,buy,1.0,,1.0,,,,,,1749520574.725
2031,ETH-253386361,1749520884428,1,0.04,0.040052,69.12,ETH-25JUL25-3200-C,2707.03,sell,118.0,,118.0,,,,,,1749520884.428
2030,ETH-253386360,1749520884428,1,0.04,0.040052,69.12,ETH-25JUL25-3200-C,2707.03,sell,3.0,,3.0,,,,,,1749520884.428
2029,ETH-253386359,1749520884428,1,0.04,0.040052,69.12,ETH-25JUL25-3200-C,2707.03,sell,3.0,,3.0,,,,,,1749520884.428
2032,ETH-253386403,1749520950423,1,0.04,0.040017,69.3,ETH-25JUL25-3200-C,2704.62,sell,86.0,,86.0,,,,,,1749520950.423
2033,ETH-253390465,1749522954965,2,0.0385,0.03851,68.98,ETH-25JUL25-3200-C,2692.53,buy,1.0,,1.0,,,,,,1749522954.965
2034,ETH-253391619,1749523963161,0,0.04,0.039239,69.89,ETH-25JUL25-3200-C,2697.01,buy,4.0,,4.0,,,,,,1749523963.161
2035,ETH-253391620,1749523963253,1,0.04,0.039239,69.89,ETH-25JUL25-3200-C,2697.01,buy,204.0,,204.0,,,,,,1749523963.253
2036,ETH-253391621,1749523963349,1,0.04,0.039239,69.89,ETH-25JUL25-3200-C,2697.01,buy,3.0,,3.0,,,,,,1749523963.349
2037,ETH-253394201,1749526376128,2,0.0375,0.037503,69.31,ETH-25JUL25-3200-C,2677.81,buy,1.0,,1.0,,,,,,1749526376.128
2038,ETH-253394225,1749526437694,2,0.037,0.037559,68.77,ETH-25JUL25-3200-C,2679.11,sell,1.0,,1.0,,,,,,1749526437.694
2040,ETH-253395777,1749528163493,1,0.039,0.038802,69.6,ETH-25JUL25-3200-C,2690.88,buy,3.0,,3.0,,,,,,1749528163.493
2039,ETH-253395776,1749528163493,0,0.039,0.038802,69.6,ETH-25JUL25-3200-C,2690.88,buy,1.0,,1.0,,,,,,1749528163.493
2041,ETH-253395780,1749528163723,0,0.0395,0.038802,70.01,ETH-25JUL25-3200-C,2690.88,buy,3.0,,3.0,,,,,,1749528163.723
2042,ETH-253395783,1749528163948,1,0.0395,0.038799,70.01,ETH-25JUL25-3200-C,2690.88,buy,33.0,,33.0,,,,,,1749528163.948
2043,ETH-253395784,1749528163948,1,0.0395,0.038799,70.01,ETH-25JUL25-3200-C,2690.88,buy,171.0,,171.0,,,,,,1749528163.948
2044,ETH-253407202,1749535486640,2,0.036,0.036123,69.34,ETH-25JUL25-3200-C,2661.65,buy,1.0,,1.0,,,,,,1749535486.64
2045,ETH-253407203,1749535487833,3,0.036,0.036174,69.33,ETH-25JUL25-3200-C,2661.75,buy,1.0,,1.0,,,,,,1749535487.833
2047,ETH-253410481,1749538003903,1,0.038,0.03767,69.75,ETH-25JUL25-3200-C,2678.77,sell,1.0,,1.0,,,,,,1749538003.903
2046,ETH-253410480,1749538003903,0,0.038,0.03767,69.75,ETH-25JUL25-3200-C,2678.77,sell,4.0,,4.0,,,,,,1749538003.903
2048,ETH-253410482,1749538005954,1,0.038,0.037689,69.74,ETH-25JUL25-3200-C,2678.86,sell,2.0,,2.0,,,,,,1749538005.954
2050,ETH-253410735,1749538363492,1,0.0385,0.038088,70.21,ETH-25JUL25-3200-C,2678.24,buy,100.0,,100.0,,,,,,1749538363.492
2053,ETH-253410738,1749538363492,1,0.0385,0.038088,70.21,ETH-25JUL25-3200-C,2678.24,buy,41.0,,41.0,,,,,,1749538363.492
2051,ETH-253410736,1749538363492,1,0.0385,0.038088,70.21,ETH-25JUL25-3200-C,2678.24,buy,11.0,,11.0,,,,,,1749538363.492
2052,ETH-253410737,1749538363492,1,0.0385,0.038088,70.21,ETH-25JUL25-3200-C,2678.24,buy,51.0,,51.0,,,,,,1749538363.492
2049,ETH-253410734,1749538363492,0,0.0385,0.038088,70.21,ETH-25JUL25-3200-C,2678.24,buy,1.0,,1.0,,,,,,1749538363.492
2054,ETH-253410993,1749538540613,2,0.038,0.038038,69.86,ETH-25JUL25-3200-C,2677.41,buy,1.0,,1.0,,,,,,1749538540.613
2055,ETH-253413888,1749541055899,3,0.038,0.038009,70.03,ETH-25JUL25-3200-C,2675.2,sell,204.0,,204.0,,,,,,1749541055.899
2057,ETH-253413890,1749541055899,3,0.038,0.038009,70.03,ETH-25JUL25-3200-C,2675.2,sell,4.0,,4.0,,,,,,1749541055.899
2056,ETH-253413889,1749541055899,3,0.038,0.038009,70.03,ETH-25JUL25-3200-C,2675.2,sell,3.0,,3.0,,,,,,1749541055.899
2059,ETH-253417129,1749543227981,3,0.038,0.037903,70.02,ETH-25JUL25-3200-C,2675.98,sell,4.0,,4.0,,,,,,1749543227.981
2058,ETH-253417128,1749543227981,3,0.038,0.037903,70.02,ETH-25JUL25-3200-C,2675.98,sell,204.0,,204.0,,,,,,1749543227.981
2060,ETH-253417130,1749543227981,3,0.038,0.037903,70.02,ETH-25JUL25-3200-C,2675.98,sell,3.0,,3.0,,,,,,1749543227.981
2061,ETH-253421703,1749548202968,0,0.039,0.038705,69.58,ETH-25JUL25-3200-C,2693.47,sell,4.0,,4.0,,,,,,1749548202.968
2062,ETH-253421704,1749548203080,1,0.039,0.038705,69.58,ETH-25JUL25-3200-C,2693.47,sell,3.0,,3.0,,,,,,1749548203.08
2063,ETH-253421707,1749548203226,1,0.039,0.038705,69.58,ETH-25JUL25-3200-C,2693.47,sell,128.0,,128.0,,,,,,1749548203.226
2064,ETH-253421708,1749548203229,1,0.039,0.038705,69.58,ETH-25JUL25-3200-C,2693.47,sell,2.0,,2.0,,,,,,1749548203.229
2065,ETH-253421709,1749548203345,1,0.039,0.038705,69.58,ETH-25JUL25-3200-C,2693.47,sell,1.0,,1.0,,,,,,1749548203.345
2066,ETH-253421710,1749548203348,1,0.039,0.038705,69.58,ETH-25JUL25-3200-C,2693.47,sell,3.0,,3.0,,,,,,1749548203.348
2067,ETH-253421711,1749548203627,1,0.039,0.038732,69.54,ETH-25JUL25-3200-C,2693.91,sell,1.0,,1.0,,,,,,1749548203.627
2068,ETH-253421713,1749548203963,1,0.039,0.038732,69.54,ETH-25JUL25-3200-C,2693.91,sell,1.0,,1.0,,,,,,1749548203.963
2069,ETH-253421714,1749548203966,1,0.039,0.038732,69.54,ETH-25JUL25-3200-C,2693.91,sell,1.0,,1.0,,,,,,1749548203.966
2070,ETH-253421715,1749548204084,1,0.039,0.038732,69.54,ETH-25JUL25-3200-C,2693.91,sell,1.0,,1.0,,,,,,1749548204.084
2071,ETH-253421721,1749548205498,1,0.039,0.038791,69.53,ETH-25JUL25-3200-C,2694.1,sell,1.0,,1.0,,,,,,1749548205.498
2072,ETH-253421729,1749548213817,1,0.039,0.038844,69.56,ETH-25JUL25-3200-C,2693.74,sell,65.0,,65.0,,,,,,1749548213.817
2073,ETH-253423141,1749549983423,0,0.0399,0.039943,70.26,ETH-25JUL25-3200-C,2694.22,buy,1.0,ETH-253423138,1.0,ETH-ICOND-25JUL25-2000_2200_3200_3500,,,,,1749549983.423
2074,ETH-253423703,1749550363679,0,0.042,0.041431,71.8,ETH-25JUL25-3200-C,2696.49,buy,4.0,,4.0,,,,,,1749550363.679
2075,ETH-253423704,1749550363780,1,0.042,0.041429,71.81,ETH-25JUL25-3200-C,2696.45,buy,3.0,,3.0,,,,,,1749550363.78
2076,ETH-253423705,1749550363879,1,0.042,0.041429,71.81,ETH-25JUL25-3200-C,2696.45,buy,204.0,,204.0,,,,,,1749550363.879
2077,ETH-253423781,1749550428963,2,0.041,0.041214,71.12,ETH-25JUL25-3200-C,2694.54,sell,1.0,,1.0,,,,,,1749550428.963
2078,ETH-253425386,1749552355354,2,0.04,0.040424,70.94,ETH-25JUL25-3200-C,2685.94,sell,100.0,,100.0,,,,,,1749552355.354
2079,ETH-253426109,1749553519090,0,0.0405,0.041011,70.92,ETH-25JUL25-3200-C,2691.67,sell,1000.0,,1000.0,ETH-CDIAG-25JUL25_27JUN25-3200_2700,2.0,BLOCK-204314,,,1749553519.09
2082,ETH-253426112,1749553519488,1,0.041,0.041011,71.33,ETH-25JUL25-3200-C,2691.67,sell,4.0,,4.0,,,,,,1749553519.488
2081,ETH-253426111,1749553519488,1,0.041,0.041011,71.33,ETH-25JUL25-3200-C,2691.67,sell,3.0,,3.0,,,,,,1749553519.488
2080,ETH-253426110,1749553519488,0,0.041,0.041011,71.33,ETH-25JUL25-3200-C,2691.67,sell,204.0,,204.0,,,,,,1749553519.488
2083,ETH-253427835,1749554157027,0,0.0423,0.042868,70.5,ETH-25JUL25-3200-C,2715.23,sell,1000.0,,1000.0,ETH-CDIAG-25JUL25_27JUN25-3200_2700,2.0,BLOCK-204318,,,1749554157.027
2084,ETH-253428451,1749554191485,0,0.044,0.043807,71.0,ETH-25JUL25-3200-C,2726.14,buy,1.0,,1.0,,,,,,1749554191.485
2085,ETH-253430812,1749554362578,0,0.0453,0.044966,70.8,ETH-25JUL25-3200-C,2742.59,buy,1000.0,,1000.0,ETH-CDIAG-29AUG25_25JUL25-4000_3200,2.0,BLOCK-204323,,,1749554362.578
2086,ETH-253431172,1749554449727,2,0.0451,0.045005,70.54,ETH-25JUL25-3200-C,2743.6,buy,1000.0,,1000.0,ETH-CDIAG-29AUG25_25JUL25-4000_3200,2.0,BLOCK-204325,,,1749554449.727
2087,ETH-253432144,1749554558111,0,0.0454,0.04571,70.17,ETH-25JUL25-3200-C,2750.66,sell,149.0,,149.0,ETH-CDIAG-25JUL25_27JUN25-3200_2700,2.0,BLOCK-204328,,,1749554558.111
2088,ETH-253439203,1749555811278,0,0.0505,0.050209,70.55,ETH-25JUL25-3200-C,2794.5,sell,10.0,,10.0,,,,,,1749555811.278
2089,ETH-253440252,1749555998355,2,0.05,0.049699,70.54,ETH-25JUL25-3200-C,2789.83,sell,5.0,,5.0,,,,,,1749555998.355
2090,ETH-253441776,1749556193412,2,0.0475,0.04739,70.48,ETH-25JUL25-3200-C,2766.93,buy,10.0,,10.0,,,,,,1749556193.412
2091,ETH-253442469,1749556359477,0,0.0485,0.048591,70.58,ETH-25JUL25-3200-C,2775.39,buy,10.0,,10.0,,,,,,1749556359.477
2092,ETH-253448970,1749559030584,2,0.048,0.047901,71.67,ETH-25JUL25-3200-C,2756.09,sell,50.0,,50.0,,,,,,1749559030.584
2093,ETH-253448971,1749559030584,3,0.048,0.047901,71.67,ETH-25JUL25-3200-C,2756.09,sell,49.0,,49.0,,,,,,1749559030.584
2094,ETH-253448975,1749559030606,3,0.048,0.047906,71.67,ETH-25JUL25-3200-C,2756.04,sell,1.0,,1.0,,,,,,1749559030.606
2095,ETH-253448976,1749559030628,3,0.048,0.047906,71.67,ETH-25JUL25-3200-C,2756.04,sell,3.0,,3.0,,,,,,1749559030.628
2096,ETH-253448977,1749559030645,3,0.048,0.047906,71.67,ETH-25JUL25-3200-C,2756.04,sell,2.0,,2.0,,,,,,1749559030.645
2097,ETH-253448978,1749559030662,3,0.048,0.047906,71.67,ETH-25JUL25-3200-C,2756.04,sell,12.0,,12.0,,,,,,1749559030.662
2098,ETH-253449095,1749559059216,3,0.048,0.048007,71.64,ETH-25JUL25-3200-C,2756.23,sell,33.0,,33.0,,,,,,1749559059.216
2099,ETH-253449304,1749559116057,3,0.048,0.047782,71.86,ETH-25JUL25-3200-C,2753.93,sell,60.0,,60.0,,,,,,1749559116.057
2100,ETH-253453449,1749561153199,0,0.05,0.049996,71.71,ETH-25JUL25-3200-C,2775.9,buy,3.0,,3.0,,,,,,1749561153.199
2101,ETH-253463505,1749563371271,2,0.0465,0.046318,72.4,ETH-25JUL25-3200-C,2734.09,sell,10.0,,10.0,,,,,,1749563371.271
2102,ETH-253466193,1749564533687,2,0.046,0.045939,72.26,ETH-25JUL25-3200-C,2731.22,buy,1.0,,1.0,,,,,,1749564533.687
2103,ETH-253466776,1749564709664,0,0.0475,0.047453,72.16,ETH-25JUL25-3200-C,2747.08,buy,2.0,,2.0,,,,,,1749564709.664
2104,ETH-253468243,1749565119539,0,0.048,0.047645,72.77,ETH-25JUL25-3200-C,2744.69,sell,1.0,,1.0,,,,,,1749565119.539
2105,ETH-253468532,1749565258301,2,0.0475,0.047201,72.73,ETH-25JUL25-3200-C,2740.36,buy,1.0,,1.0,,,,,,1749565258.301
2106,ETH-253469780,1749565650672,2,0.047,0.047336,72.22,ETH-25JUL25-3200-C,2741.93,sell,100.0,,100.0,,,,,,1749565650.672
2107,ETH-253470078,1749565785744,3,0.047,0.047235,72.31,ETH-25JUL25-3200-C,2740.8,buy,1.0,,1.0,,,,,,1749565785.744
2108,ETH-253473548,1749567083759,2,0.0465,0.046906,72.1,ETH-25JUL25-3200-C,2738.93,buy,125.0,,125.0,,,,,,1749567083.759
2110,ETH-253474018,1749567176150,3,0.046,0.046518,72.0,ETH-25JUL25-3200-C,2735.28,sell,20.0,,20.0,,,,,,1749567176.15
2109,ETH-253474017,1749567176150,2,0.046,0.046518,72.0,ETH-25JUL25-3200-C,2735.28,sell,9.0,,9.0,,,,,,1749567176.15
2112,ETH-253475081,1749567801823,1,0.047,0.046655,72.6,ETH-25JUL25-3200-C,2737.81,buy,100.0,,100.0,,,,,,1749567801.823
2111,ETH-253475080,1749567801823,0,0.047,0.046655,72.6,ETH-25JUL25-3200-C,2737.81,buy,10.0,,10.0,,,,,,1749567801.823
2113,ETH-253475082,1749567801823,1,0.047,0.046655,72.6,ETH-25JUL25-3200-C,2737.81,buy,12.0,,12.0,,,,,,1749567801.823
2114,ETH-253475563,1749567922026,0,0.0475,0.047243,72.68,ETH-25JUL25-3200-C,2740.94,buy,1.0,,1.0,,,,,,1749567922.026
2115,ETH-253488696,1749571520245,0,0.0481,0.047507,73.01,ETH-25JUL25-3200-C,2743.67,buy,2000.0,,2000.0,,1.0,BLOCK-204441,,,1749571520.245
2116,ETH-253488930,1749571646613,2,0.0476,0.046928,73.12,ETH-25JUL25-3200-C,2737.37,buy,250.0,,250.0,,1.0,BLOCK-204442,,,1749571646.613
2117,ETH-253488967,1749571662681,0,0.0479,0.04699,73.32,ETH-25JUL25-3200-C,2737.71,buy,2000.0,,2000.0,,1.0,BLOCK-204443,,,1749571662.681
2118,ETH-253489062,1749571717400,0,0.0484,0.047278,73.51,ETH-25JUL25-3200-C,2740.08,buy,2000.0,,2000.0,,1.0,BLOCK-204444,,,1749571717.4
2119,ETH-253489619,1749571989852,0,0.0486,0.047604,73.52,ETH-25JUL25-3200-C,2741.93,buy,2000.0,,2000.0,,1.0,BLOCK-204447,,,1749571989.852
2120,ETH-253491307,1749572480662,0,0.0489,0.047806,73.68,ETH-25JUL25-3200-C,2743.02,buy,2000.0,,2000.0,,1.0,BLOCK-204449,,,1749572480.662
2121,ETH-253491404,1749572503698,2,0.0485,0.04736,73.71,ETH-25JUL25-3200-C,2738.78,buy,2000.0,,2000.0,,1.0,BLOCK-204450,,,1749572503.698
2122,ETH-253492878,1749572916839,0,0.0489,0.047948,73.54,ETH-25JUL25-3200-C,2745.07,buy,2000.0,,2000.0,,1.0,BLOCK-204452,,,1749572916.839
2123,ETH-253493384,1749573175061,2,0.048,0.047667,73.0,ETH-25JUL25-3200-C,2742.89,buy,1.0,,1.0,,,,,,1749573175.061
2124,ETH-253493466,1749573217014,0,0.0485,0.047843,73.42,ETH-25JUL25-3200-C,2742.68,buy,300.0,,300.0,,,,,,1749573217.014
2125,ETH-253493467,1749573217014,1,0.0485,0.047843,73.42,ETH-25JUL25-3200-C,2742.68,buy,223.0,,223.0,,,,,,1749573217.014
2126,ETH-253493468,1749573217014,1,0.0485,0.047843,73.42,ETH-25JUL25-3200-C,2742.68,buy,212.0,,212.0,,,,,,1749573217.014
2127,ETH-253518096,1749583853988,0,0.053,0.052398,73.72,ETH-25JUL25-3200-C,2781.96,buy,1.0,,1.0,,,,,,1749583853.988
2128,ETH-253521320,1749584304181,0,0.055,0.054469,73.86,ETH-25JUL25-3200-C,2798.79,buy,2.0,,2.0,,,,,,1749584304.181
2129,ETH-253521321,1749584304181,1,0.055,0.054469,73.86,ETH-25JUL25-3200-C,2798.79,buy,1.0,,1.0,,,,,,1749584304.181
2130,ETH-253530645,1749586031992,2,0.05,0.049879,73.52,ETH-25JUL25-3200-C,2756.52,buy,2.0,,2.0,,,,,,1749586031.992
2131,ETH-253536954,1749590131352,2,0.049,0.048961,73.46,ETH-25JUL25-3200-C,2748.03,sell,1.0,,1.0,,,,,,1749590131.352
2132,ETH-253557888,1749598407334,0,0.0555,0.055167,74.07,ETH-25JUL25-3200-C,2801.34,buy,1.0,,1.0,,,,,,1749598407.334
2133,ETH-253557889,1749598407337,1,0.0555,0.055167,74.07,ETH-25JUL25-3200-C,2801.34,sell,19.0,,19.0,,,,,,1749598407.337
2134,ETH-253575904,1749607514456,2,0.0533,0.05354,73.75,ETH-25JUL25-3200-C,2788.33,sell,380.0,,380.0,,5.0,BLOCK-204502,5950.0,,1749607514.456
2135,ETH-253575960,1749607583101,0,0.0535,0.053848,73.59,ETH-25JUL25-3200-C,2791.79,buy,2.0,,2.0,,,,,,1749607583.101
2136,ETH-253576587,1749607843523,0,0.0541,0.054371,73.62,ETH-25JUL25-3200-C,2797.5,sell,200.0,ETH-253576585,200.0,ETH-CS-25JUL25-2800_3200,,,,,1749607843.523
2137,ETH-253576593,1749607858985,0,0.0542,0.054453,73.59,ETH-25JUL25-3200-C,2798.44,sell,22.0,ETH-253576591,22.0,ETH-CS-25JUL25-2800_3200,,,,,1749607858.985
2138,ETH-253577306,1749608802934,2,0.0523,0.052738,73.23,ETH-25JUL25-3200-C,2785.1,sell,66.0,ETH-253577305,66.0,ETH-CS-25JUL25-2800_3200,,,,,1749608802.934
2139,ETH-253580232,1749611161762,2,0.052,0.052412,72.95,ETH-25JUL25-3200-C,2785.95,sell,5.0,,5.0,,,,,,1749611161.762
2140,ETH-253580316,1749611271678,3,0.052,0.052446,72.89,ETH-25JUL25-3200-C,2786.61,sell,3.0,,3.0,,,,,,1749611271.678
2141,ETH-253580400,1749611346771,0,0.0525,0.052625,73.14,ETH-25JUL25-3200-C,2788.15,buy,2.0,,2.0,,,,,,1749611346.771
2142,ETH-253580813,1749611715959,1,0.0525,0.052715,73.06,ETH-25JUL25-3200-C,2789.12,sell,1.0,,1.0,,,,,,1749611715.959
2143,ETH-253581200,1749612002535,1,0.0525,0.052598,73.05,ETH-25JUL25-3200-C,2789.19,sell,3.0,,3.0,,,,,,1749612002.535
2144,ETH-253581201,1749612002650,1,0.0525,0.052621,73.05,ETH-25JUL25-3200-C,2789.25,sell,3.0,,3.0,,,,,,1749612002.65
2145,ETH-253581402,1749612148737,1,0.0525,0.052554,73.04,ETH-25JUL25-3200-C,2789.29,sell,2.0,,2.0,,,,,,1749612148.737
2146,ETH-253581443,1749612163794,0,0.053,0.05282,73.24,ETH-25JUL25-3200-C,2791.45,buy,45.0,,45.0,,,,,,1749612163.794
2147,ETH-253583147,1749613499660,1,0.053,0.053021,73.0,ETH-25JUL25-3200-C,2794.75,buy,9.0,,9.0,,,,,,1749613499.66
2148,ETH-253584914,1749614830691,2,0.052,0.052429,72.61,ETH-25JUL25-3200-C,2790.24,sell,1.0,,1.0,,,,,,1749614830.691
2149,ETH-253584999,1749614889655,0,0.0525,0.052582,72.88,ETH-25JUL25-3200-C,2791.59,buy,8.0,,8.0,,,,,,1749614889.655
2150,ETH-253585000,1749614889858,1,0.0525,0.052582,72.88,ETH-25JUL25-3200-C,2791.59,buy,18.0,,18.0,,,,,,1749614889.858
2151,ETH-253585259,1749615087521,2,0.0522,0.052444,72.73,ETH-25JUL25-3200-C,2790.83,sell,500.0,,500.0,ETH-STRG-25JUL25-2600_3200,2.0,BLOCK-204524,,,1749615087.521
2152,ETH-253585613,1749615255491,2,0.052,0.052147,72.82,ETH-25JUL25-3200-C,2788.07,buy,8.0,,8.0,,,,,,1749615255.491
2153,ETH-253585971,1749615479127,3,0.052,0.051998,72.82,ETH-25JUL25-3200-C,2787.87,buy,36.0,,36.0,,,,,,1749615479.127
2154,ETH-253586291,1749615777208,0,0.0525,0.052512,72.81,ETH-25JUL25-3200-C,2792.64,buy,7.0,,7.0,,,,,,1749615777.208
2155,ETH-253586728,1749616085691,1,0.0525,0.052485,72.81,ETH-25JUL25-3200-C,2792.42,buy,8.0,,8.0,,,,,,1749616085.691
2156,ETH-253586732,1749616088021,1,0.0525,0.052488,72.8,ETH-25JUL25-3200-C,2792.55,buy,7.0,,7.0,,,,,,1749616088.021
2157,ETH-253588289,1749617563813,0,0.053,0.052864,72.91,ETH-25JUL25-3200-C,2796.42,buy,7.0,,7.0,,,,,,1749617563.813
2158,ETH-253588292,1749617565628,1,0.053,0.052866,72.91,ETH-25JUL25-3200-C,2796.4,buy,7.0,,7.0,,,,,,1749617565.628
2159,ETH-253590164,1749619916582,2,0.0528,0.053002,72.74,ETH-25JUL25-3200-C,2797.43,sell,250.0,,250.0,ETH-CDIAG-25JUL25_27JUN25-3200_2800,2.0,BLOCK-204526,5982.0,,1749619916.582
2160,ETH-253591171,1749622067881,2,0.052,0.052431,72.6,ETH-25JUL25-3200-C,2791.68,sell,1.0,,1.0,,,,,,1749622067.881
2161,ETH-253593249,1749624290434,3,0.052,0.052051,72.94,ETH-25JUL25-3200-C,2787.9,buy,2.0,,2.0,,,,,,1749624290.434
2162,ETH-253593335,1749624400887,2,0.0515,0.051832,72.73,ETH-25JUL25-3200-C,2785.6,sell,2.0,,2.0,,,,,,1749624400.887
2163,ETH-253593351,1749624422342,3,0.0515,0.051689,72.84,ETH-25JUL25-3200-C,2784.31,buy,2.0,,2.0,,,,,,1749624422.342
2164,ETH-253593395,1749624464778,3,0.0515,0.05172,72.81,ETH-25JUL25-3200-C,2784.62,buy,1.0,,1.0,,,,,,1749624464.778
2165,ETH-253593475,1749624500103,3,0.0515,0.051678,72.83,ETH-25JUL25-3200-C,2784.34,buy,1.0,,1.0,,,,,,1749624500.103
2166,ETH-253593888,1749625189957,0,0.0523,0.052491,72.81,ETH-25JUL25-3200-C,2792.36,sell,420.0,,420.0,,3.0,BLOCK-204548,5994.0,,1749625189.957
2167,ETH-253593966,1749625318314,0,0.053,0.052878,73.04,ETH-25JUL25-3200-C,2796.04,buy,8.0,,8.0,,,,,,1749625318.314
2168,ETH-253594008,1749625338973,1,0.053,0.052866,73.07,ETH-25JUL25-3200-C,2795.81,buy,8.0,,8.0,,,,,,1749625338.973
2169,ETH-253594588,1749625643369,2,0.0523,0.05239,72.92,ETH-25JUL25-3200-C,2791.28,sell,600.0,,600.0,,3.0,BLOCK-204551,,,1749625643.369
2170,ETH-253595238,1749626486060,0,0.053,0.052748,73.08,ETH-25JUL25-3200-C,2795.94,buy,9.0,,9.0,,,,,,1749626486.06
2171,ETH-253595248,1749626500929,1,0.053,0.052854,73.02,ETH-25JUL25-3200-C,2796.59,buy,2.0,,2.0,,,,,,1749626500.929
2172,ETH-253595249,1749626504329,1,0.053,0.052861,73.02,ETH-25JUL25-3200-C,2796.61,buy,7.0,,7.0,,,,,,1749626504.329
2173,ETH-253595695,1749627165111,1,0.053,0.052889,72.91,ETH-25JUL25-3200-C,2797.22,buy,7.0,,7.0,,,,,,1749627165.111
2174,ETH-253597986,1749628462344,2,0.0525,0.052512,72.62,ETH-25JUL25-3200-C,2796.05,buy,7.0,,7.0,,,,,,1749628462.344
2175,ETH-253598077,1749628501409,3,0.0525,0.05254,72.6,ETH-25JUL25-3200-C,2796.26,buy,7.0,,7.0,,,,,,1749628501.409
2176,ETH-253598358,1749628698881,0,0.0526,0.052206,72.95,ETH-25JUL25-3200-C,2793.11,buy,500.0,ETH-253598357,500.0,ETH-CS-25JUL25-3200_3500,,,,,1749628698.881
2177,ETH-253599284,1749629115979,2,0.052,0.051991,72.84,ETH-25JUL25-3200-C,2788.82,buy,2.0,,2.0,,,,,,1749629115.979
2178,ETH-253599755,1749629367373,3,0.052,0.051864,72.94,ETH-25JUL25-3200-C,2787.52,buy,1.0,,1.0,,,,,,1749629367.373
2179,ETH-253601887,1749630516132,2,0.051,0.050999,72.85,ETH-25JUL25-3200-C,2779.82,buy,7.0,,7.0,,,,,,1749630516.132
2180,ETH-253602019,1749630634466,3,0.051,0.051052,72.83,ETH-25JUL25-3200-C,2780.1,buy,9.0,,9.0,,,,,,1749630634.466
2181,ETH-253602572,1749631101541,2,0.0505,0.050598,72.73,ETH-25JUL25-3200-C,2776.85,buy,12.0,,12.0,,,,,,1749631101.541
2182,ETH-253602617,1749631117274,3,0.0505,0.05084,72.62,ETH-25JUL25-3200-C,2778.27,buy,9.0,,9.0,,,,,,1749631117.274
2183,ETH-253602624,1749631120296,3,0.0505,0.050664,72.71,ETH-25JUL25-3200-C,2777.18,buy,8.0,,8.0,,,,,,1749631120.296
2184,ETH-253603084,1749631432808,3,0.0505,0.050531,72.75,ETH-25JUL25-3200-C,2776.77,buy,10.0,,10.0,,,,,,1749631432.808
2185,ETH-253604341,1749631688491,2,0.05,0.049867,72.83,ETH-25JUL25-3200-C,2771.15,buy,2.0,,2.0,,,,,,1749631688.491
2186,ETH-253605985,1749631808217,2,0.0495,0.049519,72.71,ETH-25JUL25-3200-C,2768.15,buy,7.0,,7.0,,,,,,1749631808.217
2187,ETH-253606039,1749631811241,3,0.0495,0.049512,72.76,ETH-25JUL25-3200-C,2767.62,buy,12.0,,12.0,,,,,,1749631811.241
2188,ETH-253606345,1749631838200,3,0.0495,0.04939,72.83,ETH-25JUL25-3200-C,2766.91,buy,2.0,,2.0,,,,,,1749631838.2
2189,ETH-253606349,1749631840017,3,0.0495,0.049382,72.79,ETH-25JUL25-3200-C,2767.39,buy,9.0,,9.0,,,,,,1749631840.017
2190,ETH-253606371,1749631850773,3,0.0495,0.0495,72.75,ETH-25JUL25-3200-C,2767.87,buy,2.0,,2.0,,,,,,1749631850.773
2191,ETH-253606439,1749631871598,2,0.049,0.049653,72.22,ETH-25JUL25-3200-C,2769.51,sell,1.0,,1.0,,,,,,1749631871.598
2192,ETH-253607403,1749632562011,3,0.049,0.049093,72.47,ETH-25JUL25-3200-C,2766.91,buy,9.0,,9.0,,,,,,1749632562.011
2193,ETH-253607622,1749632675362,3,0.049,0.048888,72.54,ETH-25JUL25-3200-C,2766.04,buy,2.0,,2.0,,,,,,1749632675.362
2194,ETH-253607623,1749632675470,3,0.049,0.048888,72.54,ETH-25JUL25-3200-C,2766.04,buy,11.0,,11.0,,,,,,1749632675.47
2195,ETH-253608422,1749632976490,2,0.0485,0.048344,72.32,ETH-25JUL25-3200-C,2764.32,buy,2.0,,2.0,,,,,,1749632976.49
2196,ETH-253610264,1749633884142,0,0.049,0.049036,72.21,ETH-25JUL25-3200-C,2771.24,buy,2.0,,2.0,,,,,,1749633884.142
2197,ETH-253610270,1749633905266,1,0.049,0.049044,72.21,ETH-25JUL25-3200-C,2771.24,buy,2.0,,2.0,,,,,,1749633905.266
2198,ETH-253610549,1749634212723,1,0.049,0.049035,72.2,ETH-25JUL25-3200-C,2771.02,buy,2.0,,2.0,,,,,,1749634212.723
2199,ETH-253611431,1749635231374,2,0.0485,0.048481,72.22,ETH-25JUL25-3200-C,2766.17,buy,15.0,,15.0,,,,,,1749635231.374
2200,ETH-253611780,1749635388620,2,0.048,0.048038,72.16,ETH-25JUL25-3200-C,2762.34,buy,8.0,,8.0,,,,,,1749635388.62
2201,ETH-253612033,1749635551404,3,0.048,0.047995,72.16,ETH-25JUL25-3200-C,2762.42,buy,8.0,,8.0,,,,,,1749635551.404
2202,ETH-253613047,1749636071900,3,0.048,0.047958,72.16,ETH-25JUL25-3200-C,2762.2,buy,8.0,,8.0,,,,,,1749636071.9
2203,ETH-253614666,1749637390254,0,0.0485,0.048341,72.33,ETH-25JUL25-3200-C,2765.46,sell,1.0,,1.0,,,,,,1749637390.254
2204,ETH-253615809,1749638903852,0,0.049,0.048971,72.28,ETH-25JUL25-3200-C,2770.84,buy,1.0,,1.0,,,,,,1749638903.852
2205,ETH-253617554,1749641171135,2,0.0485,0.048543,72.44,ETH-25JUL25-3200-C,2764.4,buy,7.0,,7.0,,,,,,1749641171.135
2206,ETH-253617555,1749641189796,3,0.0485,0.048539,72.44,ETH-25JUL25-3200-C,2764.42,buy,9.0,,9.0,,,,,,1749641189.796
2207,ETH-253620854,1749643485241,0,0.049,0.048753,72.29,ETH-25JUL25-3200-C,2771.42,buy,1.0,,1.0,,,,,,1749643485.241
2208,ETH-253651775,1749649530409,0,0.052,0.051795,72.59,ETH-25JUL25-3200-C,2795.54,buy,8.0,,8.0,,,,,,1749649530.409
2209,ETH-253654717,1749650908398,1,0.052,0.052129,72.22,ETH-25JUL25-3200-C,2800.64,buy,2.0,,2.0,,,,,,1749650908.398
2210,ETH-253655124,1749651175720,0,0.0525,0.052336,72.4,ETH-25JUL25-3200-C,2802.92,buy,1.0,,1.0,,,,,,1749651175.72
2211,ETH-253658768,1749651869452,0,0.056,0.055344,72.79,ETH-25JUL25-3200-C,2830.15,buy,11.0,,11.0,,,,,,1749651869.452
2212,ETH-253667413,1749653267626,0,0.0568,0.057135,72.25,ETH-25JUL25-3200-C,2843.33,sell,250.0,,250.0,ETH-CS-25JUL25-2800_3200,2.0,BLOCK-204632,,,1749653267.626
2213,ETH-253667608,1749653333714,0,0.057,0.056924,72.54,ETH-25JUL25-3200-C,2841.88,sell,250.0,,250.0,ETH-CS-25JUL25-2800_3200,2.0,BLOCK-204633,,,1749653333.714
2214,ETH-253667732,1749653362149,2,0.0565,0.056824,72.3,ETH-25JUL25-3200-C,2840.15,sell,250.0,,250.0,ETH-CS-25JUL25-2800_3200,2.0,BLOCK-204634,,,1749653362.149
2215,ETH-253667958,1749653421872,3,0.0565,0.056498,72.5,ETH-25JUL25-3200-C,2837.73,sell,250.0,,250.0,ETH-CS-25JUL25-2800_3200,2.0,BLOCK-204636,,,1749653421.872
2216,ETH-253668126,1749653465020,2,0.0564,0.056323,72.53,ETH-25JUL25-3200-C,2836.33,sell,250.0,,250.0,ETH-CS-25JUL25-2800_3200,2.0,BLOCK-204638,,,1749653465.02
2217,ETH-253668172,1749653486055,2,0.056,0.05659,72.09,ETH-25JUL25-3200-C,2837.75,sell,250.0,,250.0,ETH-CS-25JUL25-2800_3200,2.0,BLOCK-204640,,,1749653486.055
2218,ETH-253668306,1749653523178,0,0.0567,0.056957,72.3,ETH-25JUL25-3200-C,2841.38,sell,250.0,,250.0,ETH-CS-25JUL25-2800_3200,2.0,BLOCK-204641,,,1749653523.178
2219,ETH-253668413,1749653576750,0,0.0568,0.056874,72.41,ETH-25JUL25-3200-C,2840.9,sell,250.0,,250.0,ETH-CS-25JUL25-2800_3200,2.0,BLOCK-204642,,,1749653576.75
2220,ETH-253668522,1749653632271,2,0.0564,0.056644,72.28,ETH-25JUL25-3200-C,2838.98,sell,250.0,,250.0,ETH-CS-25JUL25-2800_3200,2.0,BLOCK-204643,,,1749653632.271
2221,ETH-253668581,1749653665418,3,0.0564,0.056539,72.37,ETH-25JUL25-3200-C,2837.97,sell,250.0,,250.0,ETH-CS-25JUL25-2800_3200,2.0,BLOCK-204644,,,1749653665.418
2222,ETH-253668603,1749653675075,2,0.0563,0.056568,72.26,ETH-25JUL25-3200-C,2838.31,sell,250.0,,250.0,ETH-CS-25JUL25-2800_3200,2.0,BLOCK-204645,,,1749653675.075
2223,ETH-253668659,1749653699802,2,0.0557,0.056758,71.65,ETH-25JUL25-3200-C,2840.0,sell,250.0,,250.0,ETH-CS-25JUL25-2800_3200,2.0,BLOCK-204646,,,1749653699.802
2224,ETH-253669202,1749653824046,0,0.0566,0.056442,72.63,ETH-25JUL25-3200-C,2836.61,sell,250.0,,250.0,ETH-CS-25JUL25-2800_3200,2.0,BLOCK-204648,,,1749653824.046
2225,ETH-253669315,1749653866696,2,0.0563,0.056268,72.52,ETH-25JUL25-3200-C,2835.12,sell,250.0,,250.0,ETH-CS-25JUL25-2800_3200,2.0,BLOCK-204649,,,1749653866.696
2226,ETH-253669537,1749653945121,0,0.0567,0.056621,72.56,ETH-25JUL25-3200-C,2838.18,sell,250.0,,250.0,ETH-CS-25JUL25-2800_3200,2.0,BLOCK-204650,,,1749653945.121
2227,ETH-253669875,1749654052506,1,0.0567,0.056606,72.58,ETH-25JUL25-3200-C,2838.05,sell,250.0,,250.0,ETH-CS-25JUL25-2800_3200,2.0,BLOCK-204651,,,1749654052.506
2228,ETH-253670604,1749654336355,0,0.057,0.05707,72.45,ETH-25JUL25-3200-C,2842.39,buy,1.0,,1.0,,,,,,1749654336.355
2229,ETH-253681170,1749656491480,0,0.0601,0.060186,72.21,ETH-25JUL25-3200-C,2872.37,buy,5.0,ETH-253681168,5.0,ETH-CDIAG-25JUL25_27JUN25-3200_2900,,,,,1749656491.48
2230,ETH-253681361,1749656559862,2,0.059,0.059218,72.07,ETH-25JUL25-3200-C,2864.86,buy,25.0,ETH-253681359,25.0,ETH-CDIAG-25JUL25_27JUN25-3200_2900,,,,,1749656559.862
2231,ETH-253681477,1749656594180,3,0.059,0.059356,71.97,ETH-25JUL25-3200-C,2865.84,sell,1.0,,1.0,,,,,,1749656594.18
2232,ETH-253688537,1749658493807,2,0.0584,0.058637,72.08,ETH-25JUL25-3200-C,2859.12,sell,150.0,,150.0,ETH-CDIAG-25JUL25_27JUN25-3200_2800,2.0,BLOCK-204657,,,1749658493.807
2233,ETH-253688665,1749658531177,0,0.0585,0.058721,72.12,ETH-25JUL25-3200-C,2859.62,sell,150.0,,150.0,ETH-CDIAG-25JUL25_27JUN25-3200_2800,2.0,BLOCK-204658,,,1749658531.177
2234,ETH-253688784,1749658576514,2,0.058,0.05837,71.96,ETH-25JUL25-3200-C,2857.13,sell,1500.0,,1500.0,ETH-CDIAG-25JUL25_27JUN25-3200_2800,2.0,BLOCK-204659,,,1749658576.514
2235,ETH-253688836,1749658611472,2,0.0579,0.058427,71.85,ETH-25JUL25-3200-C,2857.5,sell,1500.0,,1500.0,ETH-CDIAG-25JUL25_27JUN25-3200_2800,2.0,BLOCK-204660,,,1749658611.472
2236,ETH-253689060,1749658688494,2,0.0574,0.057909,71.81,ETH-25JUL25-3200-C,2853.48,sell,1500.0,,1500.0,ETH-CDIAG-25JUL25_27JUN25-3200_2800,2.0,BLOCK-204662,,,1749658688.494
2237,ETH-253699530,1749661796261,0,0.0576,0.05801,72.1,ETH-25JUL25-3200-C,2852.44,sell,500.0,,500.0,ETH-STRG-25JUL25-2600_3200,2.0,BLOCK-204679,,,1749661796.261
2238,ETH-253702088,1749662860342,0,0.0596,0.059098,72.7,ETH-25JUL25-3200-C,2863.55,buy,20.0,ETH-253702087,20.0,ETH-CS-25JUL25-3200_4000,,,,,1749662860.342
2239,ETH-253705336,1749663445714,2,0.0585,0.058423,72.22,ETH-25JUL25-3200-C,2859.87,buy,75.0,,75.0,,,,,,1749663445.714
2240,ETH-253705453,1749663549265,3,0.0585,0.058406,72.23,ETH-25JUL25-3200-C,2859.52,buy,126.0,,126.0,,,,,,1749663549.265
2241,ETH-253705454,1749663549265,3,0.0585,0.058406,72.23,ETH-25JUL25-3200-C,2859.52,buy,3.0,,3.0,,,,,,1749663549.265
2242,ETH-253705455,1749663549265,3,0.0585,0.058406,72.23,ETH-25JUL25-3200-C,2859.52,buy,4.0,,4.0,,,,,,1749663549.265
2243,ETH-253713375,1749665401670,2,0.0545,0.054571,72.19,ETH-25JUL25-3200-C,2825.34,sell,1.0,,1.0,,,,,,1749665401.67
2244,ETH-253726811,1749670561591,2,0.0525,0.052893,72.06,ETH-25JUL25-3200-C,2809.87,sell,100.0,,100.0,,,,,,1749670561.591
2245,ETH-253730392,1749672432043,2,0.0515,0.05165,72.23,ETH-25JUL25-3200-C,2798.64,buy,2.0,,2.0,,,,,,1749672432.043
2246,ETH-253733556,1749675638501,0,0.0535,0.053603,72.14,ETH-25JUL25-3200-C,2818.51,buy,4.0,,4.0,,,,,,1749675638.501
2247,ETH-253733860,1749676295393,0,0.0559,0.053858,73.77,ETH-25JUL25-3200-C,2821.31,sell,29.0,ETH-253733858,29.0,ETH-CS-25JUL25-3200_4000,,,,,1749676295.393
2248,ETH-253739012,1749677570581,2,0.0515,0.051995,71.82,ETH-25JUL25-3200-C,2803.35,sell,22.0,,22.0,,,,,,1749677570.581
2249,ETH-253771258,1749693993315,2,0.0465,0.046974,69.71,ETH-25JUL25-3200-C,2784.42,buy,2.0,,2.0,,,,,,1749693993.315
2250,ETH-253778884,1749702051847,2,0.0445,0.043928,70.64,ETH-25JUL25-3200-C,2754.6,buy,1.0,,1.0,,,,,,1749702051.847
2251,ETH-253778887,1749702059418,2,0.0435,0.043947,69.8,ETH-25JUL25-3200-C,2754.9,sell,2.0,,2.0,,,,,,1749702059.418
2252,ETH-253779318,1749702585584,0,0.0445,0.044404,70.27,ETH-25JUL25-3200-C,2759.13,sell,24.0,,24.0,,,,,,1749702585.584
2253,ETH-253779433,1749702832044,1,0.0445,0.04421,70.42,ETH-25JUL25-3200-C,2757.45,sell,1.0,,1.0,,,,,,1749702832.044
2254,ETH-253779748,1749703061439,2,0.044,0.044004,70.44,ETH-25JUL25-3200-C,2752.44,sell,25.0,,25.0,,,,,,1749703061.439
2255,ETH-253783246,1749707385832,0,0.045,0.044804,70.41,ETH-25JUL25-3200-C,2762.42,buy,1500.0,,1500.0,,3.0,BLOCK-204791,,,1749707385.832
2256,ETH-253786223,1749711132255,2,0.0445,0.045519,69.49,ETH-25JUL25-3200-C,2769.18,sell,5.0,,5.0,,,,,,1749711132.255
2257,ETH-253789844,1749714034364,2,0.0425,0.043076,69.66,ETH-25JUL25-3200-C,2748.75,sell,8.0,,8.0,,,,,,1749714034.364
2258,ETH-253796740,1749715593893,2,0.041,0.041358,69.67,ETH-25JUL25-3200-C,2734.51,sell,15.0,,15.0,,,,,,1749715593.893
2259,ETH-253802431,1749720710990,0,0.043,0.04368,69.48,ETH-25JUL25-3200-C,2757.94,sell,4.0,,4.0,,,,,,1749720710.99
2260,ETH-253806393,1749725111066,2,0.0415,0.041908,69.5,ETH-25JUL25-3200-C,2742.5,sell,10.0,,10.0,,,,,,1749725111.066
2261,ETH-253806410,1749725116328,3,0.0415,0.041928,69.45,ETH-25JUL25-3200-C,2743.07,sell,90.0,,90.0,,,,,,1749725116.328
2262,ETH-253806416,1749725120467,3,0.0415,0.042044,69.36,ETH-25JUL25-3200-C,2744.22,sell,70.0,,70.0,,,,,,1749725120.467
2263,ETH-253821644,1749731416726,2,0.04,0.04008,69.53,ETH-25JUL25-3200-C,2727.69,buy,11.0,,11.0,,,,,,1749731416.726
2264,ETH-253824422,1749731982988,0,0.042,0.04182,69.88,ETH-25JUL25-3200-C,2743.65,sell,204.0,,204.0,,,,,,1749731982.988
2266,ETH-253824425,1749731986064,1,0.042,0.041771,69.92,ETH-25JUL25-3200-C,2743.12,sell,4.0,,4.0,,,,,,1749731986.064
2265,ETH-253824424,1749731986064,1,0.042,0.041771,69.92,ETH-25JUL25-3200-C,2743.12,sell,3.0,,3.0,,,,,,1749731986.064
2268,ETH-253826116,1749733004058,3,0.041,0.040991,69.82,ETH-25JUL25-3200-C,2734.64,sell,18.0,,18.0,,,,,,1749733004.058
2267,ETH-253826115,1749733004058,2,0.041,0.040991,69.82,ETH-25JUL25-3200-C,2734.64,sell,204.0,,204.0,,,,,,1749733004.058
2270,ETH-253826118,1749733005098,3,0.041,0.040986,69.82,ETH-25JUL25-3200-C,2734.62,sell,3.0,,3.0,,,,,,1749733005.098
2271,ETH-253826119,1749733005098,3,0.041,0.040986,69.82,ETH-25JUL25-3200-C,2734.62,sell,4.0,,4.0,,,,,,1749733005.098
2269,ETH-253826117,1749733005098,3,0.041,0.040986,69.82,ETH-25JUL25-3200-C,2734.62,sell,44.0,,44.0,,,,,,1749733005.098
2272,ETH-253834994,1749737225372,0,0.0425,0.042606,69.44,ETH-25JUL25-3200-C,2754.61,buy,1.0,,1.0,,,,,,1749737225.372
2273,ETH-253867288,1749756002526,2,0.04,0.040002,69.2,ETH-25JUL25-3200-C,2734.76,sell,1.0,,1.0,,,,,,1749756002.526
2274,ETH-253867289,1749756002572,3,0.04,0.040002,69.2,ETH-25JUL25-3200-C,2734.76,sell,1.0,,1.0,,,,,,1749756002.572
2275,ETH-253867501,1749756164143,0,0.041,0.040407,69.7,ETH-25JUL25-3200-C,2739.1,buy,1.0,,1.0,,,,,,1749756164.143
2276,ETH-253867502,1749756164234,1,0.041,0.040407,69.7,ETH-25JUL25-3200-C,2739.1,buy,4.0,,4.0,,,,,,1749756164.234
2277,ETH-253867503,1749756164323,1,0.041,0.040407,69.7,ETH-25JUL25-3200-C,2739.1,buy,204.0,,204.0,,,,,,1749756164.323
2278,ETH-253881193,1749759269715,2,0.035,0.035182,68.95,ETH-25JUL25-3200-C,2684.72,sell,1.0,,1.0,,,,,,1749759269.715
2279,ETH-253890199,1749761041575,2,0.0335,0.033624,69.64,ETH-25JUL25-3200-C,2659.7,sell,20.0,,20.0,,,,,,1749761041.575
2280,ETH-253899786,1749761671697,2,0.0315,0.030902,70.43,ETH-25JUL25-3200-C,2625.87,buy,1.0,,1.0,,,,,,1749761671.697
2283,ETH-253912052,1749763610847,1,0.034,0.03416,70.09,ETH-25JUL25-3200-C,2658.43,sell,96.0,,96.0,,,,,,1749763610.847
2282,ETH-253912051,1749763610847,1,0.034,0.03416,70.09,ETH-25JUL25-3200-C,2658.43,sell,3.0,,3.0,,,,,,1749763610.847
2281,ETH-253912050,1749763610847,0,0.034,0.03416,70.09,ETH-25JUL25-3200-C,2658.43,sell,4.0,,4.0,,,,,,1749763610.847
2284,ETH-253912053,1749763610852,1,0.034,0.03416,70.09,ETH-25JUL25-3200-C,2658.43,sell,2.0,,2.0,,,,,,1749763610.852
2285,ETH-253912057,1749763611133,1,0.034,0.03416,70.09,ETH-25JUL25-3200-C,2658.43,sell,1.0,,1.0,,,,,,1749763611.133
2286,ETH-253912063,1749763612172,1,0.034,0.034162,70.12,ETH-25JUL25-3200-C,2658.0,sell,12.0,,12.0,,,,,,1749763612.172
2287,ETH-253912065,1749763612829,1,0.034,0.034119,70.14,ETH-25JUL25-3200-C,2657.81,sell,1.0,,1.0,,,,,,1749763612.829
2288,ETH-253912068,1749763613373,1,0.034,0.034119,70.15,ETH-25JUL25-3200-C,2657.64,sell,1.0,,1.0,,,,,,1749763613.373
2289,ETH-253912071,1749763613377,1,0.034,0.034119,70.15,ETH-25JUL25-3200-C,2657.64,sell,3.0,,3.0,,,,,,1749763613.377
2290,ETH-253912072,1749763613381,1,0.034,0.034119,70.15,ETH-25JUL25-3200-C,2657.64,sell,1.0,,1.0,,,,,,1749763613.381
2291,ETH-253912073,1749763613385,1,0.034,0.034119,70.15,ETH-25JUL25-3200-C,2657.64,sell,2.0,,2.0,,,,,,1749763613.385
2292,ETH-253912074,1749763613407,1,0.034,0.034119,70.15,ETH-25JUL25-3200-C,2657.64,sell,1.0,,1.0,,,,,,1749763613.407
2293,ETH-253912075,1749763613449,1,0.034,0.034119,70.15,ETH-25JUL25-3200-C,2657.64,sell,1.0,,1.0,,,,,,1749763613.449
2294,ETH-253912771,1749763908897,1,0.034,0.034046,70.3,ETH-25JUL25-3200-C,2656.06,sell,83.0,,83.0,,,,,,1749763908.897
2297,ETH-253922396,1749770070725,3,0.033,0.032908,70.22,ETH-25JUL25-3200-C,2647.21,sell,3.0,,3.0,,,,,,1749770070.725
2295,ETH-253922394,1749770070725,2,0.033,0.032908,70.22,ETH-25JUL25-3200-C,2647.21,sell,4.0,,4.0,,,,,,1749770070.725
2296,ETH-253922395,1749770070725,3,0.033,0.032908,70.22,ETH-25JUL25-3200-C,2647.21,sell,204.0,,204.0,,,,,,1749770070.725
2298,ETH-253923897,1749771313102,0,0.0335,0.033447,70.3,ETH-25JUL25-3200-C,2651.53,sell,117.0,,117.0,,,,,,1749771313.102
2299,ETH-253923898,1749771313117,1,0.0335,0.033447,70.3,ETH-25JUL25-3200-C,2651.53,sell,5.0,,5.0,,,,,,1749771313.117
2300,ETH-253923899,1749771313127,1,0.0335,0.033447,70.3,ETH-25JUL25-3200-C,2651.53,sell,1.0,,1.0,,,,,,1749771313.127
2301,ETH-253923900,1749771313137,1,0.0335,0.033447,70.3,ETH-25JUL25-3200-C,2651.53,sell,1.0,,1.0,,,,,,1749771313.137
2302,ETH-253923901,1749771313144,1,0.0335,0.033447,70.3,ETH-25JUL25-3200-C,2651.53,sell,1.0,,1.0,,,,,,1749771313.144
2303,ETH-253923902,1749771313241,1,0.0335,0.033447,70.3,ETH-25JUL25-3200-C,2651.53,sell,1.0,,1.0,,,,,,1749771313.241
2304,ETH-253923938,1749771367188,1,0.0335,0.033511,70.31,ETH-25JUL25-3200-C,2651.34,sell,2.0,,2.0,,,,,,1749771367.188
2305,ETH-253923939,1749771367690,1,0.0335,0.033495,70.31,ETH-25JUL25-3200-C,2651.25,sell,1.0,,1.0,,,,,,1749771367.69
2306,ETH-253923942,1749771368027,1,0.0335,0.033495,70.31,ETH-25JUL25-3200-C,2651.25,sell,1.0,,1.0,,,,,,1749771368.027
2308,ETH-253923948,1749771387714,1,0.0335,0.033529,70.32,ETH-25JUL25-3200-C,2651.18,sell,4.0,,4.0,,,,,,1749771387.714
2307,ETH-253923947,1749771387714,1,0.0335,0.033529,70.32,ETH-25JUL25-3200-C,2651.18,sell,74.0,,74.0,,,,,,1749771387.714
2309,ETH-253923949,1749771387714,1,0.0335,0.033529,70.32,ETH-25JUL25-3200-C,2651.18,sell,3.0,,3.0,,,,,,1749771387.714
2310,ETH-253928731,1749772963007,2,0.0305,0.030663,69.96,ETH-25JUL25-3200-C,2620.39,sell,20.0,,20.0,,,,,,1749772963.007
2311,ETH-253965819,1749774388112,2,0.027,0.026705,71.34,ETH-25JUL25-3200-C,2557.07,buy,5.0,,5.0,,,,,,1749774388.112
2312,ETH-253977738,1749774982974,2,0.0235,0.023796,71.27,ETH-25JUL25-3200-C,2510.29,sell,10.0,,10.0,,,,,T,1749774982.974
2313,ETH-254010822,1749777086640,0,0.024,0.023884,73.89,ETH-25JUL25-3200-C,2482.11,sell,10.0,,10.0,,,,,,1749777086.64
2314,ETH-254030148,1749778117443,0,0.0255,0.026044,74.06,ETH-25JUL25-3200-C,2500.49,buy,2.0,,2.0,,,,,,1749778117.443
2315,ETH-254030465,1749778150150,2,0.025,0.025664,73.82,ETH-25JUL25-3200-C,2496.87,sell,1.0,,1.0,,,,,,1749778150.15
2316,ETH-254051056,1749781137604,0,0.0255,0.025184,74.83,ETH-25JUL25-3200-C,2490.61,buy,2.0,,2.0,,,,,,1749781137.604
2317,ETH-254051057,1749781137604,1,0.0255,0.025184,74.83,ETH-25JUL25-3200-C,2490.61,buy,1.0,,1.0,,,,,,1749781137.604
2318,ETH-254051058,1749781137607,1,0.0255,0.025184,74.83,ETH-25JUL25-3200-C,2490.61,sell,47.0,,47.0,,,,,,1749781137.607
2319,ETH-254080038,1749786364435,1,0.0255,0.025995,73.52,ETH-25JUL25-3200-C,2508.67,buy,50.0,,50.0,,,,,,1749786364.435
2320,ETH-254083713,1749787202048,0,0.026,0.026108,73.48,ETH-25JUL25-3200-C,2516.51,buy,50.0,,50.0,,,,,,1749787202.048
2321,ETH-254092656,1749794329210,2,0.0255,0.025567,73.31,ETH-25JUL25-3200-C,2512.43,sell,2.0,,2.0,,,,,,1749794329.21
2322,ETH-254095062,1749796065147,2,0.0245,0.024581,73.53,ETH-25JUL25-3200-C,2495.69,sell,10.0,,10.0,,,,,,1749796065.147
2323,ETH-254109271,1749800473714,0,0.0265,0.026853,73.11,ETH-25JUL25-3200-C,2530.21,sell,50.0,,50.0,,,,,,1749800473.714
2324,ETH-254114840,1749801758910,1,0.0265,0.0265,73.17,ETH-25JUL25-3200-C,2528.48,sell,50.0,,50.0,,,,,,1749801758.91
2325,ETH-254131532,1749808223440,2,0.025,0.024961,73.07,ETH-25JUL25-3200-C,2511.5,buy,600.0,,600.0,ETH-CDIAG-25JUL25_27JUN25-3200_2800,2.0,BLOCK-205221,6238.0,,1749808223.44
2326,ETH-254154169,1749822266925,0,0.027,0.027563,71.53,ETH-25JUL25-3200-C,2560.92,sell,20.0,,20.0,,,,,,1749822266.925
2327,ETH-254171704,1749828071315,0,0.0275,0.027229,72.82,ETH-25JUL25-3200-C,2551.0,buy,1.0,,1.0,,,,,,1749828071.315
2328,ETH-254179347,1749831267560,0,0.029,0.02914,72.31,ETH-25JUL25-3200-C,2577.44,buy,1.0,,1.0,,,,,,1749831267.56
2329,ETH-254223099,1749855764331,0,0.0295,0.029284,73.15,ETH-25JUL25-3200-C,2575.89,sell,174.0,,174.0,,,,,,1749855764.331
2330,ETH-254223845,1749856228495,1,0.0295,0.029584,72.88,ETH-25JUL25-3200-C,2579.57,sell,125.0,,125.0,,,,,,1749856228.495
2331,ETH-254223846,1749856228499,1,0.0295,0.029584,72.88,ETH-25JUL25-3200-C,2579.57,sell,3.0,,3.0,,,,,,1749856228.499
2332,ETH-254223847,1749856228505,1,0.0295,0.029584,72.88,ETH-25JUL25-3200-C,2579.57,sell,1.0,,1.0,,,,,,1749856228.505
2333,ETH-254223848,1749856228508,1,0.0295,0.029584,72.88,ETH-25JUL25-3200-C,2579.57,sell,1.0,,1.0,,,,,,1749856228.508
2334,ETH-254223850,1749856228812,1,0.0295,0.029584,72.88,ETH-25JUL25-3200-C,2579.55,sell,1.0,,1.0,,,,,,1749856228.812
2335,ETH-254224720,1749856753870,2,0.029,0.029239,72.91,ETH-25JUL25-3200-C,2573.26,sell,2.0,,2.0,,,,,,1749856753.87
2336,ETH-254225392,1749857757337,3,0.029,0.029598,72.59,ETH-25JUL25-3200-C,2577.37,sell,2.0,,2.0,,,,,,1749857757.337
2337,ETH-254231072,1749862761724,2,0.028,0.028194,72.82,ETH-25JUL25-3200-C,2562.48,buy,10.0,,10.0,,,,,,1749862761.724
2338,ETH-254244616,1749885543997,2,0.026,0.026001,72.85,ETH-25JUL25-3200-C,2538.34,sell,2.0,,2.0,,,,,,1749885543.997
2339,ETH-254247359,1749887513731,2,0.0255,0.026001,72.16,ETH-25JUL25-3200-C,2541.02,sell,5.0,,5.0,,,,,T,1749887513.731
2340,ETH-254264048,1749906635452,3,0.0255,0.025134,72.25,ETH-25JUL25-3200-C,2542.05,buy,1.0,,1.0,,,,,,1749906635.452
2342,ETH-254264939,1749908618012,3,0.025,0.024723,72.48,ETH-25JUL25-3200-C,2532.11,sell,3.0,,3.0,,,,,,1749908618.012
2341,ETH-254264938,1749908618012,2,0.025,0.024723,72.48,ETH-25JUL25-3200-C,2532.11,sell,1.0,,1.0,,,,,,1749908618.012
2343,ETH-254267018,1749910801933,2,0.024,0.024617,71.15,ETH-25JUL25-3200-C,2535.77,sell,100.0,,100.0,,,,,,1749910801.933
2344,ETH-254268091,1749912786056,3,0.024,0.023934,71.62,ETH-25JUL25-3200-C,2529.66,buy,30.0,,30.0,,,,,,1749912786.056
2345,ETH-254268378,1749913621430,3,0.024,0.024158,71.38,ETH-25JUL25-3200-C,2532.69,buy,1.0,,1.0,,,,,,1749913621.43
2346,ETH-254272134,1749915833356,2,0.0225,0.022654,71.39,ETH-25JUL25-3200-C,2511.67,buy,30.0,,30.0,,,,,,1749915833.356
2347,ETH-254288289,1749927988462,0,0.023,0.022821,71.96,ETH-25JUL25-3200-C,2512.82,buy,1.0,,1.0,,,,,,1749927988.462
2352,ETH-254330046,1749995551000,1,0.026,0.024993,73.7,ETH-25JUL25-3200-C,2540.95,buy,277.0,,277.0,,,,,,1749995551.0
2354,ETH-254330048,1749995551000,1,0.026,0.024993,73.7,ETH-25JUL25-3200-C,2540.95,buy,14.0,,14.0,,,,,,1749995551.0
2353,ETH-254330047,1749995551000,1,0.026,0.024993,73.7,ETH-25JUL25-3200-C,2540.95,buy,15.0,,15.0,,,,,,1749995551.0
2350,ETH-254330044,1749995551000,1,0.0255,0.024993,73.17,ETH-25JUL25-3200-C,2540.95,buy,273.0,,273.0,,,,,,1749995551.0
2348,ETH-254330042,1749995551000,0,0.0255,0.024993,73.17,ETH-25JUL25-3200-C,2540.95,buy,1.0,,1.0,,,,,,1749995551.0
2351,ETH-254330045,1749995551000,0,0.026,0.024993,73.7,ETH-25JUL25-3200-C,2540.95,buy,398.0,,398.0,,,,,,1749995551.0
2349,ETH-254330043,1749995551000,1,0.0255,0.024993,73.17,ETH-25JUL25-3200-C,2540.95,buy,22.0,,22.0,,,,,,1749995551.0
2358,ETH-254330054,1749995557414,1,0.026,0.02504,73.7,ETH-25JUL25-3200-C,2540.9,buy,15.0,,15.0,,,,,,1749995557.414
2357,ETH-254330053,1749995557414,1,0.026,0.02504,73.7,ETH-25JUL25-3200-C,2540.9,buy,36.0,,36.0,,,,,,1749995557.414
2355,ETH-254330051,1749995557414,1,0.026,0.02504,73.7,ETH-25JUL25-3200-C,2540.9,buy,13.0,,13.0,,,,,,1749995557.414
2359,ETH-254330055,1749995557414,1,0.026,0.02504,73.7,ETH-25JUL25-3200-C,2540.9,buy,10.0,,10.0,,,,,,1749995557.414
2356,ETH-254330052,1749995557414,1,0.026,0.02504,73.7,ETH-25JUL25-3200-C,2540.9,buy,25.0,,25.0,,,,,,1749995557.414
2360,ETH-254330056,1749995557414,1,0.026,0.02504,73.7,ETH-25JUL25-3200-C,2540.9,buy,68.0,,68.0,,,,,,1749995557.414
2361,ETH-254330057,1749995557416,1,0.026,0.02504,73.7,ETH-25JUL25-3200-C,2540.9,sell,303.0,,303.0,,,,,,1749995557.416
2362,ETH-254330058,1749995557421,1,0.026,0.02504,73.7,ETH-25JUL25-3200-C,2540.9,sell,10.0,,10.0,,,,,,1749995557.421
2363,ETH-254330059,1749995557438,1,0.026,0.02504,73.7,ETH-25JUL25-3200-C,2540.9,sell,23.0,,23.0,,,,,,1749995557.438
2364,ETH-254330061,1749995560290,1,0.026,0.025111,73.7,ETH-25JUL25-3200-C,2540.9,sell,1.0,,1.0,,,,,,1749995560.29
2365,ETH-254330068,1749995562093,1,0.026,0.025133,73.7,ETH-25JUL25-3200-C,2540.84,sell,1.0,,1.0,,,,,,1749995562.093
2366,ETH-254330069,1749995562102,1,0.026,0.025133,73.7,ETH-25JUL25-3200-C,2540.84,sell,1.0,,1.0,,,,,,1749995562.102
2367,ETH-254330070,1749995562111,1,0.026,0.025133,73.7,ETH-25JUL25-3200-C,2540.84,sell,2.0,,2.0,,,,,,1749995562.111
2368,ETH-254330074,1749995562182,1,0.026,0.025133,73.7,ETH-25JUL25-3200-C,2540.84,sell,1.0,,1.0,,,,,,1749995562.182
2369,ETH-254330110,1749995562700,1,0.026,0.025133,73.7,ETH-25JUL25-3200-C,2540.84,sell,3.0,,3.0,,,,,,1749995562.7
2370,ETH-254330118,1749995562714,1,0.026,0.025133,73.7,ETH-25JUL25-3200-C,2540.84,sell,2.0,,2.0,,,,,,1749995562.714
2371,ETH-254330125,1749995562748,1,0.026,0.025133,73.7,ETH-25JUL25-3200-C,2540.84,sell,1.0,,1.0,,,,,,1749995562.748
2372,ETH-254330126,1749995562768,1,0.026,0.025133,73.7,ETH-25JUL25-3200-C,2540.84,sell,1.0,,1.0,,,,,,1749995562.768
2373,ETH-254330128,1749995562783,1,0.026,0.025133,73.7,ETH-25JUL25-3200-C,2540.84,sell,1.0,,1.0,,,,,,1749995562.783
2374,ETH-254330130,1749995562799,1,0.026,0.025133,73.7,ETH-25JUL25-3200-C,2540.84,sell,4.0,,4.0,,,,,,1749995562.799
2375,ETH-254330131,1749995562816,1,0.026,0.025133,73.7,ETH-25JUL25-3200-C,2540.84,sell,1.0,,1.0,,,,,,1749995562.816
2376,ETH-254330132,1749995562841,1,0.026,0.025133,73.7,ETH-25JUL25-3200-C,2540.84,sell,4.0,,4.0,,,,,,1749995562.841
2377,ETH-254330133,1749995562854,1,0.026,0.025133,73.7,ETH-25JUL25-3200-C,2540.84,sell,1.0,,1.0,,,,,,1749995562.854
2378,ETH-254330134,1749995562865,1,0.026,0.025133,73.7,ETH-25JUL25-3200-C,2540.84,sell,1.0,,1.0,,,,,,1749995562.865
2379,ETH-254330137,1749995562875,1,0.026,0.025155,73.7,ETH-25JUL25-3200-C,2540.83,sell,1.0,,1.0,,,,,,1749995562.875
2380,ETH-254330138,1749995562884,1,0.026,0.025155,73.7,ETH-25JUL25-3200-C,2540.83,sell,1.0,,1.0,,,,,,1749995562.884
2381,ETH-254330139,1749995562892,1,0.026,0.025155,73.7,ETH-25JUL25-3200-C,2540.83,sell,1.0,,1.0,,,,,,1749995562.892
2382,ETH-254330140,1749995562904,1,0.026,0.025155,73.7,ETH-25JUL25-3200-C,2540.83,sell,1.0,,1.0,,,,,,1749995562.904
2383,ETH-254330142,1749995562916,1,0.026,0.025155,73.7,ETH-25JUL25-3200-C,2540.83,sell,1.0,,1.0,,,,,,1749995562.916
2384,ETH-254330146,1749995566134,1,0.026,0.025166,73.83,ETH-25JUL25-3200-C,2539.3,sell,240.0,,240.0,,,,,,1749995566.134
2385,ETH-254330148,1749995566735,1,0.026,0.025166,73.83,ETH-25JUL25-3200-C,2539.3,sell,1.0,,1.0,,,,,,1749995566.735
2386,ETH-254330149,1749995566739,1,0.026,0.025166,73.83,ETH-25JUL25-3200-C,2539.3,sell,1.0,,1.0,,,,,,1749995566.739
2387,ETH-254330150,1749995566747,1,0.026,0.025166,73.83,ETH-25JUL25-3200-C,2539.3,sell,1.0,,1.0,,,,,,1749995566.747
2388,ETH-254330177,1749995582582,1,0.026,0.025409,73.82,ETH-25JUL25-3200-C,2539.38,sell,209.0,,209.0,,,,,,1749995582.582
2389,ETH-254330178,1749995582940,1,0.026,0.025428,73.82,ETH-25JUL25-3200-C,2539.41,sell,1.0,,1.0,,,,,,1749995582.94
2390,ETH-254330211,1749995602958,1,0.026,0.025721,73.78,ETH-25JUL25-3200-C,2539.87,sell,14.0,,14.0,,,,,,1749995602.958
2395,ETH-254330271,1749995636398,1,0.0265,0.025728,74.31,ETH-25JUL25-3200-C,2539.8,buy,25.0,,25.0,,,,,,1749995636.398
2392,ETH-254330268,1749995636398,1,0.0265,0.025728,74.31,ETH-25JUL25-3200-C,2539.8,buy,395.0,,395.0,,,,,,1749995636.398
2391,ETH-254330267,1749995636398,0,0.0265,0.025728,74.31,ETH-25JUL25-3200-C,2539.8,buy,273.0,,273.0,,,,,,1749995636.398
2394,ETH-254330270,1749995636398,1,0.0265,0.025728,74.31,ETH-25JUL25-3200-C,2539.8,buy,68.0,,68.0,,,,,,1749995636.398
2393,ETH-254330269,1749995636398,1,0.0265,0.025728,74.31,ETH-25JUL25-3200-C,2539.8,buy,30.0,,30.0,,,,,,1749995636.398
2396,ETH-254330272,1749995636402,1,0.0265,0.025728,74.31,ETH-25JUL25-3200-C,2539.8,sell,209.0,,209.0,,,,,,1749995636.402
2397,ETH-254330281,1749995638108,2,0.026,0.02573,73.79,ETH-25JUL25-3200-C,2539.79,sell,23.0,,23.0,,,,,,1749995638.108
2402,ETH-254330296,1749995652041,1,0.027,0.02586,74.81,ETH-25JUL25-3200-C,2540.04,buy,25.0,,25.0,,,,,,1749995652.041
2398,ETH-254330292,1749995652041,0,0.027,0.02586,74.81,ETH-25JUL25-3200-C,2540.04,buy,244.0,,244.0,,,,,,1749995652.041
2399,ETH-254330293,1749995652041,1,0.027,0.02586,74.81,ETH-25JUL25-3200-C,2540.04,buy,273.0,,273.0,,,,,,1749995652.041
2400,ETH-254330294,1749995652041,1,0.027,0.02586,74.81,ETH-25JUL25-3200-C,2540.04,buy,15.0,,15.0,,,,,,1749995652.041
2403,ETH-254330297,1749995652041,1,0.027,0.02586,74.81,ETH-25JUL25-3200-C,2540.04,buy,343.0,,343.0,,,,,,1749995652.041
2401,ETH-254330295,1749995652041,1,0.027,0.02586,74.81,ETH-25JUL25-3200-C,2540.04,buy,100.0,,100.0,,,,,,1749995652.041
2406,ETH-254330367,1749995668852,1,0.0275,0.02618,75.2,ETH-25JUL25-3200-C,2541.52,buy,46.0,,46.0,,,,,,1749995668.852
2408,ETH-254330369,1749995668852,1,0.0275,0.02618,75.2,ETH-25JUL25-3200-C,2541.52,buy,270.0,,270.0,,,,,,1749995668.852
2407,ETH-254330368,1749995668852,1,0.0275,0.02618,75.2,ETH-25JUL25-3200-C,2541.52,buy,393.0,,393.0,,,,,,1749995668.852
2405,ETH-254330366,1749995668852,1,0.0275,0.02618,75.2,ETH-25JUL25-3200-C,2541.52,buy,36.0,,36.0,,,,,,1749995668.852
2404,ETH-254330365,1749995668852,0,0.0275,0.02618,75.2,ETH-25JUL25-3200-C,2541.52,buy,15.0,,15.0,,,,,,1749995668.852
2410,ETH-254330371,1749995668856,1,0.0275,0.02618,75.2,ETH-25JUL25-3200-C,2541.52,sell,37.0,,37.0,,,,,,1749995668.856
2409,ETH-254330370,1749995668856,1,0.0275,0.02618,75.2,ETH-25JUL25-3200-C,2541.52,sell,203.0,,203.0,,,,,,1749995668.856
2411,ETH-254331711,1749996118595,0,0.03,0.029003,77.64,ETH-25JUL25-3200-C,2542.23,buy,9.0,,9.0,,,,,,1749996118.595
2412,ETH-254331712,1749996120087,1,0.03,0.029012,77.65,ETH-25JUL25-3200-C,2542.18,buy,35.0,,35.0,,,,,,1749996120.087
2413,ETH-254331771,1749996135551,0,0.0305,0.029219,78.22,ETH-25JUL25-3200-C,2541.32,buy,13.0,,13.0,,,,,,1749996135.551
2414,ETH-254331812,1749996169862,1,0.0305,0.029783,78.24,ETH-25JUL25-3200-C,2540.93,buy,23.0,,23.0,,,,,,1749996169.862
2415,ETH-254331816,1749996173137,1,0.0305,0.029835,78.21,ETH-25JUL25-3200-C,2541.33,buy,13.0,,13.0,,,,,,1749996173.137
2416,ETH-254332022,1749996368865,1,0.0305,0.030074,78.43,ETH-25JUL25-3200-C,2538.42,buy,3.0,,3.0,,,,,,1749996368.865
2417,ETH-254332198,1749996424888,0,0.0315,0.030563,79.35,ETH-25JUL25-3200-C,2539.0,buy,256.0,,256.0,,,,,,1749996424.888
2422,ETH-254332203,1749996424888,1,0.032,0.030563,79.84,ETH-25JUL25-3200-C,2539.0,buy,15.0,,15.0,,,,,,1749996424.888
2423,ETH-254332204,1749996424888,1,0.032,0.030563,79.84,ETH-25JUL25-3200-C,2539.0,buy,100.0,,100.0,,,,,,1749996424.888
2418,ETH-254332199,1749996424888,1,0.0315,0.030563,79.35,ETH-25JUL25-3200-C,2539.0,buy,1.0,,1.0,,,,,,1749996424.888
2420,ETH-254332201,1749996424888,1,0.032,0.030563,79.84,ETH-25JUL25-3200-C,2539.0,buy,382.0,,382.0,,,,,,1749996424.888
2424,ETH-254332205,1749996424888,1,0.032,0.030563,79.84,ETH-25JUL25-3200-C,2539.0,buy,18.0,,18.0,,,,,,1749996424.888
2421,ETH-254332202,1749996424888,1,0.032,0.030563,79.84,ETH-25JUL25-3200-C,2539.0,buy,258.0,,258.0,,,,,,1749996424.888
2419,ETH-254332200,1749996424888,0,0.032,0.030563,79.84,ETH-25JUL25-3200-C,2539.0,buy,36.0,,36.0,,,,,,1749996424.888
2425,ETH-254332206,1749996424895,1,0.032,0.030563,79.84,ETH-25JUL25-3200-C,2539.0,sell,255.0,,255.0,,,,,,1749996424.895
2426,ETH-254332207,1749996424900,1,0.032,0.030563,79.84,ETH-25JUL25-3200-C,2539.0,sell,10.0,,10.0,,,,,,1749996424.9
2427,ETH-254332208,1749996424909,1,0.032,0.030563,79.84,ETH-25JUL25-3200-C,2539.0,sell,1.0,,1.0,,,,,,1749996424.909
2428,ETH-254332209,1749996424909,1,0.032,0.030563,79.84,ETH-25JUL25-3200-C,2539.0,sell,9.0,,9.0,,,,,,1749996424.909
2429,ETH-254334161,1749997784682,2,0.0315,0.031646,79.34,ETH-25JUL25-3200-C,2538.89,buy,25.0,,25.0,,,,,,1749997784.682
2430,ETH-254334412,1749998010414,3,0.0315,0.031596,79.38,ETH-25JUL25-3200-C,2538.59,sell,184.0,,184.0,,,,,,1749998010.414
2431,ETH-254334483,1749998127173,0,0.032,0.031885,79.56,ETH-25JUL25-3200-C,2542.62,buy,68.0,,68.0,,,,,,1749998127.173
2432,ETH-254334485,1749998142497,1,0.032,0.03195,79.5,ETH-25JUL25-3200-C,2543.3,buy,1.0,,1.0,,,,,,1749998142.497
2433,ETH-254334486,1749998142502,1,0.032,0.03195,79.5,ETH-25JUL25-3200-C,2543.3,buy,49.0,,49.0,,,,,,1749998142.502
2434,ETH-254335963,1749999125520,0,0.0325,0.032733,79.2,ETH-25JUL25-3200-C,2553.49,sell,144.0,,144.0,,,,,,1749999125.52
2435,ETH-254335964,1749999125523,1,0.0325,0.032733,79.2,ETH-25JUL25-3200-C,2553.49,sell,1.0,,1.0,,,,,,1749999125.523
2436,ETH-254335965,1749999125527,1,0.0325,0.032733,79.2,ETH-25JUL25-3200-C,2553.49,sell,1.0,,1.0,,,,,,1749999125.527
2437,ETH-254337467,1750000724876,2,0.032,0.032202,79.22,ETH-25JUL25-3200-C,2547.35,buy,100.0,,100.0,,,,,,1750000724.876
2438,ETH-254337498,1750000815807,3,0.032,0.032146,79.23,ETH-25JUL25-3200-C,2547.16,buy,100.0,,100.0,,,,,,1750000815.807
2439,ETH-254337866,1750001508932,3,0.032,0.032421,78.98,ETH-25JUL25-3200-C,2550.61,sell,16.0,,16.0,,,,,,1750001508.932
2442,ETH-254337923,1750001581289,3,0.0315,0.032408,78.47,ETH-25JUL25-3200-C,2550.96,sell,25.0,,25.0,,,,,,1750001581.289
2440,ETH-254337921,1750001581289,2,0.0315,0.032408,78.47,ETH-25JUL25-3200-C,2550.96,sell,36.0,,36.0,,,,,,1750001581.289
2441,ETH-254337922,1750001581289,3,0.0315,0.032408,78.47,ETH-25JUL25-3200-C,2550.96,sell,379.0,,379.0,,,,,,1750001581.289
2443,ETH-254338009,1750001753162,2,0.031,0.031727,78.03,ETH-25JUL25-3200-C,2550.35,sell,500.0,,500.0,,1.0,BLOCK-205431,,,1750001753.162
2444,ETH-254338066,1750001800934,3,0.031,0.031591,78.02,ETH-25JUL25-3200-C,2550.53,sell,250.0,,250.0,,1.0,BLOCK-205432,,,1750001800.934
2445,ETH-254338153,1750001903890,2,0.0307,0.03139,77.77,ETH-25JUL25-3200-C,2549.88,sell,500.0,,500.0,,1.0,BLOCK-205433,,,1750001903.89
2448,ETH-254338454,1750002157695,3,0.0305,0.031036,77.58,ETH-25JUL25-3200-C,2550.05,sell,25.0,,25.0,,,,,,1750002157.695
2447,ETH-254338453,1750002157695,3,0.0305,0.031036,77.58,ETH-25JUL25-3200-C,2550.05,sell,36.0,,36.0,,,,,,1750002157.695
2446,ETH-254338452,1750002157695,2,0.0305,0.031036,77.58,ETH-25JUL25-3200-C,2550.05,sell,380.0,,380.0,,,,,,1750002157.695
2450,ETH-254338456,1750002157699,3,0.0305,0.031036,77.58,ETH-25JUL25-3200-C,2550.05,buy,549.0,,549.0,,,,,,1750002157.699
2449,ETH-254338455,1750002157699,3,0.0305,0.031036,77.58,ETH-25JUL25-3200-C,2550.05,buy,10.0,,10.0,,,,,,1750002157.699
2451,ETH-254338559,1750002213623,2,0.0297,0.030523,76.88,ETH-25JUL25-3200-C,2549.12,sell,250.0,,250.0,,1.0,BLOCK-205436,,,1750002213.623
2452,ETH-254339209,1750002519736,2,0.029,0.029488,76.5,ETH-25JUL25-3200-C,2545.47,buy,50.0,,50.0,,,,,,1750002519.736
2453,ETH-254339390,1750002641669,2,0.0285,0.029115,76.1,ETH-25JUL25-3200-C,2544.57,buy,10.0,,10.0,,,,,,1750002641.669
2454,ETH-254339451,1750002731761,0,0.0298,0.029062,77.39,ETH-25JUL25-3200-C,2544.85,buy,1500.0,,1500.0,ETH-CSR12-25JUL25-3200_3500,3.0,BLOCK-205439,6337.0,,1750002731.761
2455,ETH-254357633,1750021979062,2,0.0255,0.025789,76.58,ETH-25JUL25-3200-C,2501.66,sell,398.0,,398.0,,,,,,1750021979.062
2456,ETH-254358614,1750022766742,3,0.0255,0.026171,76.06,ETH-25JUL25-3200-C,2509.16,sell,127.0,,127.0,,,,,,1750022766.742
2457,ETH-254362302,1750024999775,0,0.027,0.027107,77.0,ETH-25JUL25-3200-C,2518.45,sell,64.0,,64.0,,,,,,1750024999.775
2458,ETH-254366782,1750025299276,0,0.0295,0.029725,77.64,ETH-25JUL25-3200-C,2543.64,sell,1.0,,1.0,,,,,,1750025299.276
2459,ETH-254366783,1750025299304,1,0.0295,0.029725,77.64,ETH-25JUL25-3200-C,2543.64,sell,1.0,,1.0,,,,,,1750025299.304
2460,ETH-254366784,1750025299535,1,0.0295,0.029725,77.64,ETH-25JUL25-3200-C,2543.64,sell,1.0,,1.0,,,,,,1750025299.535
2461,ETH-254366801,1750025299621,1,0.0295,0.029725,77.64,ETH-25JUL25-3200-C,2543.64,sell,3.0,,3.0,,,,,,1750025299.621
2462,ETH-254366802,1750025299632,1,0.0295,0.029725,77.64,ETH-25JUL25-3200-C,2543.64,sell,2.0,,2.0,,,,,,1750025299.632
2463,ETH-254366804,1750025299650,1,0.0295,0.029725,77.64,ETH-25JUL25-3200-C,2543.64,sell,1.0,,1.0,,,,,,1750025299.65
2464,ETH-254366806,1750025299662,1,0.0295,0.029725,77.64,ETH-25JUL25-3200-C,2543.64,sell,1.0,,1.0,,,,,,1750025299.662
2465,ETH-254366807,1750025299670,1,0.0295,0.029725,77.64,ETH-25JUL25-3200-C,2543.64,sell,1.0,,1.0,,,,,,1750025299.67
2466,ETH-254366808,1750025299676,1,0.0295,0.029725,77.64,ETH-25JUL25-3200-C,2543.64,sell,1.0,,1.0,,,,,,1750025299.676
2467,ETH-254370698,1750026888715,0,0.03,0.029609,78.43,ETH-25JUL25-3200-C,2540.83,buy,1.0,,1.0,,,,,,1750026888.715
2468,ETH-254370699,1750026888715,1,0.03,0.029609,78.43,ETH-25JUL25-3200-C,2540.83,buy,4.0,,4.0,,,,,,1750026888.715
2469,ETH-254371387,1750027300847,0,0.0305,0.030031,79.07,ETH-25JUL25-3200-C,2538.84,buy,1.0,,1.0,,,,,,1750027300.847
2470,ETH-254372451,1750027976167,1,0.0305,0.030879,78.39,ETH-25JUL25-3200-C,2547.16,sell,60.0,,60.0,,,,,,1750027976.167
2471,ETH-254372452,1750027976167,1,0.0305,0.030879,78.39,ETH-25JUL25-3200-C,2547.16,sell,383.0,,383.0,,,,,,1750027976.167
2472,ETH-254372623,1750028160569,0,0.032,0.031214,79.9,ETH-25JUL25-3200-C,2546.85,buy,25.0,,25.0,,,,,,1750028160.569
2473,ETH-254380712,1750035041625,2,0.029,0.029463,77.34,ETH-25JUL25-3200-C,2541.87,sell,25.0,,25.0,,,,,,1750035041.625
2474,ETH-254380713,1750035041627,3,0.029,0.029463,77.34,ETH-25JUL25-3200-C,2541.87,buy,269.0,,269.0,,,,,,1750035041.627
2475,ETH-254380714,1750035041639,3,0.029,0.029463,77.34,ETH-25JUL25-3200-C,2541.87,buy,1.0,,1.0,,,,,,1750035041.639
2479,ETH-254381824,1750036091198,1,0.0295,0.028657,78.08,ETH-25JUL25-3200-C,2539.01,buy,60.0,,60.0,,,,,,1750036091.198
2489,ETH-254381834,1750036091198,1,0.03,0.028657,78.59,ETH-25JUL25-3200-C,2539.01,buy,150.0,,150.0,,,,,,1750036091.198
2477,ETH-254381822,1750036091198,1,0.0295,0.028657,78.08,ETH-25JUL25-3200-C,2539.01,buy,36.0,,36.0,,,,,,1750036091.198
2487,ETH-254381832,1750036091198,1,0.03,0.028657,78.59,ETH-25JUL25-3200-C,2539.01,buy,270.0,,270.0,,,,,,1750036091.198
2486,ETH-254381831,1750036091198,1,0.03,0.028657,78.59,ETH-25JUL25-3200-C,2539.01,buy,388.0,,388.0,,,,,,1750036091.198
2480,ETH-254381825,1750036091198,1,0.0295,0.028657,78.08,ETH-25JUL25-3200-C,2539.01,buy,72.0,,72.0,,,,,,1750036091.198
2485,ETH-254381830,1750036091198,1,0.03,0.028657,78.59,ETH-25JUL25-3200-C,2539.01,buy,255.0,,255.0,,,,,,1750036091.198
2478,ETH-254381823,1750036091198,1,0.0295,0.028657,78.08,ETH-25JUL25-3200-C,2539.01,buy,25.0,,25.0,,,,,,1750036091.198
2490,ETH-254381835,1750036091198,1,0.03,0.028657,78.59,ETH-25JUL25-3200-C,2539.01,buy,25.0,,25.0,,,,,,1750036091.198
2481,ETH-254381826,1750036091198,1,0.0295,0.028657,78.08,ETH-25JUL25-3200-C,2539.01,buy,68.0,,68.0,,,,,,1750036091.198
2491,ETH-254381836,1750036091198,1,0.03,0.028657,78.59,ETH-25JUL25-3200-C,2539.01,buy,50.0,,50.0,,,,,,1750036091.198
2482,ETH-254381827,1750036091198,1,0.0295,0.028657,78.08,ETH-25JUL25-3200-C,2539.01,buy,181.0,,181.0,,,,,,1750036091.198
2476,ETH-254381821,1750036091198,0,0.0295,0.028657,78.08,ETH-25JUL25-3200-C,2539.01,buy,1.0,,1.0,,,,,,1750036091.198
2484,ETH-254381829,1750036091198,0,0.03,0.028657,78.59,ETH-25JUL25-3200-C,2539.01,buy,36.0,,36.0,,,,,,1750036091.198
2483,ETH-254381828,1750036091198,1,0.0295,0.028657,78.08,ETH-25JUL25-3200-C,2539.01,buy,270.0,,270.0,,,,,,1750036091.198
2488,ETH-254381833,1750036091198,1,0.03,0.028657,78.59,ETH-25JUL25-3200-C,2539.01,buy,15.0,,15.0,,,,,,1750036091.198
2492,ETH-254381837,1750036091204,1,0.03,0.028657,78.59,ETH-25JUL25-3200-C,2539.01,sell,111.0,,111.0,,,,,,1750036091.204
2493,ETH-254381838,1750036091204,1,0.03,0.028657,78.59,ETH-25JUL25-3200-C,2539.01,sell,11.0,,11.0,,,,,,1750036091.204
2494,ETH-254381839,1750036091205,1,0.03,0.028657,78.59,ETH-25JUL25-3200-C,2539.01,sell,500.0,,500.0,,,,,,1750036091.205
2495,ETH-254381840,1750036091206,1,0.03,0.028657,78.59,ETH-25JUL25-3200-C,2539.01,sell,60.0,,60.0,,,,,,1750036091.206
2496,ETH-254381841,1750036091207,1,0.03,0.028657,78.59,ETH-25JUL25-3200-C,2539.01,sell,1416.0,,1416.0,,,,,,1750036091.207
2497,ETH-254386979,1750038129577,2,0.029,0.029505,77.73,ETH-25JUL25-3200-C,2536.3,sell,389.0,,389.0,,,,,,1750038129.577
2498,ETH-254386980,1750038129577,3,0.029,0.029505,77.73,ETH-25JUL25-3200-C,2536.3,sell,111.0,,111.0,,,,,,1750038129.577
2499,ETH-254394225,1750040810539,0,0.031,0.030848,76.98,ETH-25JUL25-3200-C,2570.98,buy,3.0,,3.0,,,,,,1750040810.539
2500,ETH-254400242,1750049137287,2,0.0305,0.030669,76.31,ETH-25JUL25-3200-C,2574.7,sell,25.0,,25.0,,,,,,1750049137.287
2501,ETH-254410875,1750054245359,0,0.0325,0.032975,75.42,ETH-25JUL25-3200-C,2611.27,sell,100.0,,100.0,,,,,,1750054245.359
2502,ETH-254412680,1750056028098,0,0.033,0.032922,75.68,ETH-25JUL25-3200-C,2614.97,sell,10.0,,10.0,,,,,,1750056028.098
2503,ETH-254412683,1750056035412,1,0.033,0.032945,75.69,ETH-25JUL25-3200-C,2614.86,sell,10.0,,10.0,,,,,,1750056035.412
2504,ETH-254421760,1750060545375,0,0.0335,0.033411,75.21,ETH-25JUL25-3200-C,2627.24,buy,400.0,,400.0,,,,,,1750060545.375
2505,ETH-254425934,1750064913207,2,0.0332,0.033315,75.03,ETH-25JUL25-3200-C,2626.05,sell,180.0,,180.0,,3.0,BLOCK-205502,6369.0,,1750064913.207
2506,ETH-254427413,1750067394619,2,0.0325,0.032481,74.75,ETH-25JUL25-3200-C,2621.77,buy,10.0,,10.0,,,,,,1750067394.619
2507,ETH-254427676,1750067879835,3,0.0325,0.032487,74.78,ETH-25JUL25-3200-C,2621.26,buy,10.0,,10.0,,,,,,1750067879.835
2508,ETH-254427751,1750068055784,3,0.0325,0.032614,74.66,ETH-25JUL25-3200-C,2622.82,buy,12.0,,12.0,,,,,,1750068055.784
2509,ETH-254431538,1750072177520,2,0.0315,0.031682,74.73,ETH-25JUL25-3200-C,2611.55,sell,207.0,,207.0,,,,,,1750072177.52
2510,ETH-254431708,1750072437611,2,0.031,0.031369,74.39,ETH-25JUL25-3200-C,2609.89,sell,71.0,,71.0,,,,,,1750072437.611
2511,ETH-254431709,1750072437611,3,0.031,0.031369,74.39,ETH-25JUL25-3200-C,2609.89,sell,53.0,,53.0,,,,,,1750072437.611
2512,ETH-254433819,1750073265160,2,0.0305,0.030393,74.87,ETH-25JUL25-3200-C,2597.55,buy,10.0,,10.0,,,,,,1750073265.16
2513,ETH-254436121,1750075417147,0,0.0315,0.03144,74.78,ETH-25JUL25-3200-C,2611.13,buy,73.0,,73.0,,,,,,1750075417.147
2514,ETH-254440219,1750080641242,0,0.032,0.032175,75.06,ETH-25JUL25-3200-C,2614.98,sell,11.0,,11.0,,,,,,1750080641.242
2515,ETH-254454713,1750084999351,0,0.0345,0.034616,74.81,ETH-25JUL25-3200-C,2647.7,sell,138.0,,138.0,,,,,,1750084999.351
2516,ETH-254454714,1750084999384,1,0.0345,0.034616,74.81,ETH-25JUL25-3200-C,2647.7,sell,2.0,,2.0,,,,,,1750084999.384
2517,ETH-254454715,1750084999400,1,0.0345,0.034616,74.81,ETH-25JUL25-3200-C,2647.7,sell,1.0,,1.0,,,,,,1750084999.4
2518,ETH-254466568,1750094149795,2,0.0332,0.033416,74.74,ETH-25JUL25-3200-C,2634.32,sell,500.0,,500.0,,2.0,BLOCK-205541,6396.0,,1750094149.795
2519,ETH-254467996,1750095265705,0,0.0335,0.033723,74.51,ETH-25JUL25-3200-C,2640.62,sell,4.0,,4.0,,,,,,1750095265.705
2520,ETH-254468004,1750095268025,0,0.034,0.033723,74.99,ETH-25JUL25-3200-C,2640.53,buy,30.0,,30.0,,,,,,1750095268.025
2521,ETH-254468151,1750095371459,1,0.034,0.033923,74.88,ETH-25JUL25-3200-C,2641.63,buy,20.0,,20.0,,,,,,1750095371.459
2522,ETH-254470995,1750098554804,2,0.0335,0.033908,74.16,ETH-25JUL25-3200-C,2645.2,sell,55.0,,55.0,,,,,,1750098554.804
2523,ETH-254470996,1750098554806,3,0.0335,0.033908,74.16,ETH-25JUL25-3200-C,2645.2,buy,70.0,,70.0,,,,,,1750098554.806
2524,ETH-254472231,1750100100279,0,0.034,0.034116,74.21,ETH-25JUL25-3200-C,2650.09,buy,60.0,,60.0,,,,,,1750100100.279
2525,ETH-254490630,1750110691541,1,0.034,0.033932,74.22,ETH-25JUL25-3200-C,2651.38,sell,19.0,,19.0,,,,,,1750110691.541
2526,ETH-254490646,1750110733928,1,0.034,0.033844,74.3,ETH-25JUL25-3200-C,2650.56,sell,1.0,,1.0,,,,,,1750110733.928
2527,ETH-254536343,1750119082969,2,0.027,0.026899,76.67,ETH-25JUL25-3200-C,2535.28,buy,2.0,,2.0,,,,,,1750119082.969
2528,ETH-254554458,1750127399377,0,0.028,0.028176,75.43,ETH-25JUL25-3200-C,2564.75,sell,2.0,,2.0,,,,,,1750127399.377
2529,ETH-254584510,1750152268838,1,0.028,0.028095,75.31,ETH-25JUL25-3200-C,2570.72,buy,4.0,,4.0,,,,,,1750152268.838
2530,ETH-254587264,1750154924483,2,0.027,0.027597,74.91,ETH-25JUL25-3200-C,2562.96,sell,2.0,,2.0,,,,,,1750154924.483
2531,ETH-254587380,1750154954506,3,0.027,0.027394,75.11,ETH-25JUL25-3200-C,2560.59,sell,2.0,,2.0,,,,,,1750154954.506
2532,ETH-254592494,1750158538782,2,0.0265,0.026524,75.6,ETH-25JUL25-3200-C,2548.12,sell,1.0,,1.0,,,,,,1750158538.782
2533,ETH-254612334,1750172200488,2,0.026,0.025905,75.34,ETH-25JUL25-3200-C,2546.69,sell,9.0,,9.0,,,,,,1750172200.488
2534,ETH-254612335,1750172200533,3,0.026,0.025905,75.34,ETH-25JUL25-3200-C,2546.69,sell,11.0,,11.0,,,,,,1750172200.533
2535,ETH-254612336,1750172200583,3,0.026,0.025905,75.34,ETH-25JUL25-3200-C,2546.69,sell,3.0,,3.0,,,,,,1750172200.583
2536,ETH-254612337,1750172200625,3,0.026,0.025872,75.35,ETH-25JUL25-3200-C,2546.49,sell,1.0,,1.0,,,,,,1750172200.625
2537,ETH-254612354,1750172200860,3,0.026,0.025872,75.35,ETH-25JUL25-3200-C,2546.49,sell,2.0,,2.0,,,,,,1750172200.86
2538,ETH-254612355,1750172200902,3,0.026,0.025872,75.35,ETH-25JUL25-3200-C,2546.49,sell,2.0,,2.0,,,,,,1750172200.902
2539,ETH-254612356,1750172201111,3,0.026,0.025872,75.35,ETH-25JUL25-3200-C,2546.49,sell,250.0,,250.0,,,,,,1750172201.111
2540,ETH-254612367,1750172201615,3,0.026,0.025867,75.41,ETH-25JUL25-3200-C,2545.75,sell,209.0,,209.0,,,,,,1750172201.615
2541,ETH-254612374,1750172201932,3,0.026,0.025867,75.41,ETH-25JUL25-3200-C,2545.75,sell,13.0,,13.0,,,,,,1750172201.932
2542,ETH-254613764,1750172392746,2,0.025,0.024973,75.27,ETH-25JUL25-3200-C,2533.76,sell,12.0,,12.0,,,,,,1750172392.746
2543,ETH-254639587,1750178119036,2,0.0215,0.021895,75.51,ETH-25JUL25-3200-C,2480.31,sell,8.0,,8.0,,,,,,1750178119.036
2544,ETH-254648297,1750179713653,2,0.021,0.020715,76.81,ETH-25JUL25-3200-C,2455.42,sell,4.0,,4.0,,,,,,1750179713.653
2546,ETH-254656337,1750182642971,1,0.022,0.021603,77.0,ETH-25JUL25-3200-C,2468.47,buy,6.0,,6.0,,,,,,1750182642.971
2545,ETH-254656336,1750182642971,0,0.022,0.021603,77.0,ETH-25JUL25-3200-C,2468.47,buy,1.0,,1.0,,,,,,1750182642.971
2547,ETH-254691014,1750212919080,0,0.024,0.023843,75.71,ETH-25JUL25-3200-C,2520.18,sell,10.0,,10.0,,,,,,1750212919.08
2548,ETH-254691880,1750214053161,1,0.024,0.024011,75.32,ETH-25JUL25-3200-C,2525.15,buy,1.0,,1.0,,,,,,1750214053.161
2549,ETH-254691892,1750214085614,1,0.024,0.024024,75.31,ETH-25JUL25-3200-C,2525.37,buy,1.0,,1.0,,,,,,1750214085.614
2550,ETH-254691933,1750214222712,1,0.024,0.024008,75.32,ETH-25JUL25-3200-C,2525.24,buy,1.0,,1.0,,,,,,1750214222.712
2551,ETH-254692719,1750215672345,2,0.0235,0.023477,75.39,ETH-25JUL25-3200-C,2517.4,buy,1.0,,1.0,,,,,,1750215672.345
2552,ETH-254692914,1750215942224,3,0.0235,0.023528,75.39,ETH-25JUL25-3200-C,2517.67,buy,1.0,,1.0,,,,,,1750215942.224
2553,ETH-254692998,1750216049978,3,0.0235,0.023539,75.4,ETH-25JUL25-3200-C,2517.65,buy,1.0,,1.0,,,,,,1750216049.978
2554,ETH-254693018,1750216074938,3,0.0235,0.023381,75.58,ETH-25JUL25-3200-C,2515.34,buy,12.0,,12.0,,,,,,1750216074.938
2555,ETH-254693175,1750216271527,3,0.0235,0.023502,75.53,ETH-25JUL25-3200-C,2516.03,buy,1.0,,1.0,,,,,,1750216271.527
2557,ETH-254693604,1750216801214,1,0.024,0.023951,75.59,ETH-25JUL25-3200-C,2521.97,buy,1.0,,1.0,,,,,,1750216801.214
2556,ETH-254693603,1750216801214,0,0.024,0.023951,75.59,ETH-25JUL25-3200-C,2521.97,buy,1.0,,1.0,,,,,,1750216801.214
2558,ETH-254699428,1750225673305,0,0.0245,0.024513,74.9,ETH-25JUL25-3200-C,2538.86,buy,1.0,,1.0,,,,,,1750225673.305
2559,ETH-254699483,1750225736734,1,0.0245,0.024515,74.9,ETH-25JUL25-3200-C,2538.82,buy,1.0,,1.0,,,,,,1750225736.734
2560,ETH-254703742,1750232814226,2,0.024,0.024095,74.99,ETH-25JUL25-3200-C,2532.04,buy,1.0,,1.0,,,,,,1750232814.226
2561,ETH-254704013,1750233108030,3,0.024,0.024053,75.07,ETH-25JUL25-3200-C,2531.47,sell,30.0,,30.0,,,,,,1750233108.03
2562,ETH-254704045,1750233140021,3,0.024,0.024043,75.1,ETH-25JUL25-3200-C,2531.02,sell,30.0,,30.0,,,,,,1750233140.021
2563,ETH-254704080,1750233157482,3,0.024,0.024024,75.1,ETH-25JUL25-3200-C,2530.99,buy,1.0,,1.0,,,,,,1750233157.482
2564,ETH-254704901,1750233871785,0,0.0245,0.024666,75.01,ETH-25JUL25-3200-C,2539.04,sell,30.0,,30.0,,,,,,1750233871.785
2565,ETH-254704983,1750233919210,1,0.0245,0.024583,75.07,ETH-25JUL25-3200-C,2538.39,sell,30.0,,30.0,,,,,,1750233919.21
2566,ETH-254705290,1750234149586,1,0.0245,0.024627,75.0,ETH-25JUL25-3200-C,2539.59,sell,30.0,,30.0,,,,,,1750234149.586
2567,ETH-254705339,1750234171357,1,0.0245,0.024654,74.97,ETH-25JUL25-3200-C,2539.84,sell,30.0,,30.0,,,,,,1750234171.357
2568,ETH-254706176,1750234749364,1,0.0245,0.024649,74.78,ETH-25JUL25-3200-C,2542.59,buy,3.0,,3.0,,,,,,1750234749.364
2569,ETH-254709645,1750238396326,1,0.0245,0.024398,75.1,ETH-25JUL25-3200-C,2539.28,buy,12.0,,12.0,,,,,,1750238396.326
2570,ETH-254709646,1750238396328,1,0.0245,0.024398,75.1,ETH-25JUL25-3200-C,2539.28,sell,18.0,,18.0,,,,,,1750238396.328
2571,ETH-254709667,1750238433583,1,0.0245,0.024376,75.09,ETH-25JUL25-3200-C,2539.61,buy,13.0,,13.0,,,,,,1750238433.583
2572,ETH-254709668,1750238433583,1,0.0245,0.024376,75.09,ETH-25JUL25-3200-C,2539.61,buy,1.0,,1.0,,,,,,1750238433.583
2573,ETH-254709669,1750238440131,1,0.0245,0.024449,75.06,ETH-25JUL25-3200-C,2539.89,sell,2.0,,2.0,,,,,,1750238440.131
2574,ETH-254709709,1750238506760,1,0.0245,0.024506,75.1,ETH-25JUL25-3200-C,2539.52,sell,30.0,,30.0,,,,,,1750238506.76
2575,ETH-254709734,1750238528811,1,0.0245,0.02451,75.09,ETH-25JUL25-3200-C,2539.53,sell,30.0,,30.0,,,,,,1750238528.811
2576,ETH-254710109,1750239051671,2,0.024,0.024187,74.91,ETH-25JUL25-3200-C,2534.67,sell,30.0,,30.0,,,,,,1750239051.671
2577,ETH-254710148,1750239098767,3,0.024,0.024068,75.04,ETH-25JUL25-3200-C,2533.01,sell,30.0,,30.0,,,,,,1750239098.767
2578,ETH-254710171,1750239149250,3,0.024,0.024023,75.09,ETH-25JUL25-3200-C,2532.28,sell,30.0,,30.0,,,,,,1750239149.25
2579,ETH-254740514,1750255745858,0,0.0245,0.024857,75.99,ETH-25JUL25-3200-C,2529.35,buy,4.0,,4.0,,,,,,1750255745.858
2580,ETH-254752802,1750258657798,2,0.023,0.023083,76.08,ETH-25JUL25-3200-C,2507.09,buy,50.0,,50.0,,,,,,1750258657.798
2581,ETH-254762839,1750266370684,2,0.0215,0.021971,75.77,ETH-25JUL25-3200-C,2489.89,sell,5.0,,5.0,,,,,,1750266370.684
2582,ETH-254779749,1750273202338,2,0.021,0.020955,76.46,ETH-25JUL25-3200-C,2475.6,sell,2.0,,2.0,,,,,,1750273202.338
2583,ETH-254796414,1750283890767,0,0.023,0.023319,74.68,ETH-25JUL25-3200-C,2530.58,sell,125.0,,125.0,,,,,,1750283890.767
2584,ETH-254796415,1750283890786,1,0.023,0.023319,74.68,ETH-25JUL25-3200-C,2530.58,sell,3.0,,3.0,,,,,,1750283890.786
2585,ETH-254816205,1750308338426,2,0.0213,0.021543,73.81,ETH-25JUL25-3200-C,2520.42,sell,10.0,ETH-254816203,10.0,ETH-CCAL-29AUG25_25JUL25-3200,,,,,1750308338.426
2586,ETH-254819429,1750316495519,0,0.0215,0.021539,73.99,ETH-25JUL25-3200-C,2522.48,sell,28.0,,28.0,,,,,,1750316495.519
2587,ETH-254820410,1750318691903,1,0.0215,0.021459,74.0,ETH-25JUL25-3200-C,2522.82,buy,9.0,,9.0,,,,,,1750318691.903
2588,ETH-254820411,1750318691904,1,0.0215,0.021459,74.0,ETH-25JUL25-3200-C,2522.82,sell,19.0,,19.0,,,,,,1750318691.904
2589,ETH-254820434,1750318709466,1,0.0215,0.021494,73.99,ETH-25JUL25-3200-C,2522.94,sell,28.0,,28.0,,,,,,1750318709.466
2590,ETH-254820446,1750318727552,1,0.0215,0.021495,73.97,ETH-25JUL25-3200-C,2523.17,buy,28.0,,28.0,,,,,,1750318727.552
2591,ETH-254820457,1750318745724,1,0.0215,0.02149,73.97,ETH-25JUL25-3200-C,2523.18,sell,3.0,,3.0,,,,,,1750318745.724
2592,ETH-254828552,1750327345811,2,0.0214,0.021566,72.6,ETH-25JUL25-3200-C,2540.04,sell,200.0,,200.0,ETH-CCAL-25JUL25_27JUN25-3200,2.0,BLOCK-206018,6572.0,,1750327345.811
2593,ETH-254828648,1750327532357,2,0.0211,0.021324,72.52,ETH-25JUL25-3200-C,2536.91,sell,125.0,,125.0,ETH-CCAL-25JUL25_27JUN25-3200,2.0,BLOCK-206019,6574.0,,1750327532.357
2594,ETH-254829618,1750328827549,2,0.021,0.02138,72.05,ETH-25JUL25-3200-C,2541.34,sell,1.0,,1.0,,,,,,1750328827.549
2595,ETH-254829620,1750328849625,3,0.021,0.021369,72.07,ETH-25JUL25-3200-C,2541.17,sell,1.0,,1.0,,,,,,1750328849.625
2596,ETH-254831281,1750329870126,3,0.021,0.021261,72.12,ETH-25JUL25-3200-C,2540.47,buy,1.0,,1.0,,,,,,1750329870.126
2599,ETH-254833114,1750332934053,3,0.021,0.020599,73.03,ETH-25JUL25-3200-C,2529.41,buy,69.0,,69.0,,,,,,1750332934.053
2597,ETH-254833112,1750332934053,3,0.021,0.020599,73.03,ETH-25JUL25-3200-C,2529.41,buy,1.0,,1.0,,,,,,1750332934.053
2600,ETH-254833115,1750332934053,3,0.021,0.020599,73.03,ETH-25JUL25-3200-C,2529.41,buy,117.0,,117.0,,,,,,1750332934.053
2598,ETH-254833113,1750332934053,3,0.021,0.020599,73.03,ETH-25JUL25-3200-C,2529.41,buy,13.0,,13.0,,,,,,1750332934.053
2601,ETH-254835090,1750337016646,2,0.0205,0.02055,72.76,ETH-25JUL25-3200-C,2525.67,sell,2.0,,2.0,,,,,,1750337016.646
2602,ETH-254835091,1750337016727,3,0.0205,0.02055,72.76,ETH-25JUL25-3200-C,2525.67,sell,1.0,,1.0,,,,,,1750337016.727
2603,ETH-254835099,1750337017621,3,0.0205,0.02054,72.82,ETH-25JUL25-3200-C,2524.97,sell,2.0,,2.0,,,,,,1750337017.621
2604,ETH-254835102,1750337017673,3,0.0205,0.02054,72.82,ETH-25JUL25-3200-C,2524.97,sell,1.0,,1.0,,,,,,1750337017.673
2605,ETH-254835112,1750337018109,3,0.0205,0.02054,72.82,ETH-25JUL25-3200-C,2524.97,sell,2.0,,2.0,,,,,,1750337018.109
2606,ETH-254835219,1750337147598,3,0.0205,0.020504,73.04,ETH-25JUL25-3200-C,2522.01,sell,79.0,,79.0,,,,,,1750337147.598
2607,ETH-254835221,1750337147717,3,0.0205,0.020504,73.04,ETH-25JUL25-3200-C,2522.01,sell,7.0,,7.0,,,,,,1750337147.717
2608,ETH-254835225,1750337147978,3,0.0205,0.020504,73.04,ETH-25JUL25-3200-C,2522.01,sell,5.0,,5.0,,,,,,1750337147.978
2609,ETH-254835228,1750337148023,3,0.0205,0.020504,73.04,ETH-25JUL25-3200-C,2522.01,sell,5.0,,5.0,,,,,,1750337148.023
2610,ETH-254835481,1750337489555,3,0.0205,0.020669,72.95,ETH-25JUL25-3200-C,2523.17,sell,1.0,,1.0,,,,,,1750337489.555
2611,ETH-254836631,1750339107952,3,0.0205,0.020572,73.3,ETH-25JUL25-3200-C,2518.83,sell,200.0,,200.0,,,,,,1750339107.952
2612,ETH-254836662,1750339113451,3,0.0205,0.020587,73.29,ETH-25JUL25-3200-C,2519.0,sell,95.0,,95.0,,,,,,1750339113.451
2613,ETH-254837794,1750340224288,3,0.0205,0.020644,73.37,ETH-25JUL25-3200-C,2518.27,sell,50.0,,50.0,,,,,,1750340224.288
2614,ETH-254839867,1750342131641,2,0.02,0.020172,72.87,ETH-25JUL25-3200-C,2517.32,sell,25.0,,25.0,,,,,,1750342131.641
2615,ETH-254839868,1750342131641,3,0.02,0.020172,72.87,ETH-25JUL25-3200-C,2517.32,sell,15.0,,15.0,,,,,,1750342131.641
2616,ETH-254839895,1750342144268,3,0.02,0.020135,72.95,ETH-25JUL25-3200-C,2516.34,buy,20.0,,20.0,,,,,,1750342144.268
2617,ETH-254851787,1750354549732,2,0.0195,0.019409,73.11,ETH-25JUL25-3200-C,2508.35,buy,2.0,,2.0,,,,,,1750354549.732
2618,ETH-254898961,1750409905979,0,0.0205,0.020497,71.63,ETH-25JUL25-3200-C,2552.32,buy,25.0,,25.0,,,,,,1750409905.979
2619,ETH-254903403,1750414057083,2,0.02,0.020054,71.27,ETH-25JUL25-3200-C,2550.38,sell,50.0,,50.0,,,,,,1750414057.083
2620,ETH-254910894,1750420670417,2,0.0195,0.019461,70.76,ETH-25JUL25-3200-C,2550.55,sell,1.0,,1.0,,,,,,1750420670.417
