trade_seq,trade_id,timestamp,tick_direction,price,mark_price,iv,instrument_name,index_price,direction,contracts,amount,block_trade_leg_count,block_trade_id,combo_id,combo_trade_id,liquidation,block_rfq_id,unix_sec
966,ETH-252255098,1748653347192,2,0.079,0.07872,67.04,ETH-25JUL25-2700-C,2518.84,sell,3.0,3.0,,,,,,,1748653347.192
967,ETH-252277902,1748662125941,2,0.0769,0.076373,67.39,ETH-25JUL25-2700-C,2502.66,buy,500.0,500.0,2.0,BLOCK-202485,ETH-CS-25JUL25-2700_3200,,,5036.0,1748662125.941
968,ETH-252279235,1748663706906,0,0.0785,0.077874,67.51,ETH-25JUL25-2700-C,2512.32,buy,1.0,1.0,,,,,,,1748663706.906
969,ETH-252281750,1748665739399,0,0.079,0.079192,67.04,ETH-25JUL25-2700-C,2520.33,buy,1.0,1.0,,,,,,,1748665739.399
970,ETH-252281762,1748665751816,1,0.079,0.078986,67.1,ETH-25JUL25-2700-C,2519.72,buy,1.0,1.0,,,,,,,1748665751.816
971,ETH-252281763,1748665752077,1,0.079,0.078986,67.1,ETH-25JUL25-2700-C,2519.72,buy,1.0,1.0,,,,,,,1748665752.077
972,ETH-252281789,1748665772900,1,0.079,0.078998,67.04,ETH-25JUL25-2700-C,2520.37,buy,1.0,1.0,,,,,,,1748665772.9
973,ETH-252281791,1748665778755,1,0.079,0.078984,67.05,ETH-25JUL25-2700-C,2520.3,buy,1.0,1.0,,,,,,,1748665778.755
974,ETH-252281793,1748665787402,1,0.079,0.078996,67.04,ETH-25JUL25-2700-C,2520.44,buy,1.0,1.0,,,,,,,1748665787.402
975,ETH-252281796,1748665806776,1,0.079,0.078986,67.02,ETH-25JUL25-2700-C,2520.68,buy,1.0,1.0,,,,,,,1748665806.776
976,ETH-252281827,1748665818666,1,0.079,0.078994,66.99,ETH-25JUL25-2700-C,2520.94,buy,1.0,1.0,,,,,,,1748665818.666
977,ETH-252281879,1748665851423,1,0.079,0.078977,67.02,ETH-25JUL25-2700-C,2520.68,buy,1.0,1.0,,,,,,,1748665851.423
978,ETH-252281881,1748665852395,1,0.079,0.078952,66.98,ETH-25JUL25-2700-C,2521.03,buy,1.0,1.0,,,,,,,1748665852.395
979,ETH-252281921,1748665889723,1,0.079,0.079045,66.84,ETH-25JUL25-2700-C,2522.34,buy,1.0,1.0,,,,,,,1748665889.723
980,ETH-252281963,1748665918790,1,0.079,0.07908,66.71,ETH-25JUL25-2700-C,2523.61,buy,39.0,39.0,,,,,,,1748665918.79
981,ETH-252289876,1748678136462,0,0.08,0.079794,67.32,ETH-25JUL25-2700-C,2526.23,sell,1.0,1.0,,,,,,,1748678136.462
982,ETH-252295569,1748681710715,0,0.0805,0.08,67.5,ETH-25JUL25-2700-C,2527.74,buy,1.0,1.0,,,,,,,1748681710.715
983,ETH-252295574,1748681712718,1,0.0805,0.080001,67.5,ETH-25JUL25-2700-C,2527.74,buy,1.0,1.0,,,,,,,1748681712.718
984,ETH-252295613,1748681727076,1,0.0805,0.080007,67.5,ETH-25JUL25-2700-C,2527.78,buy,1.0,1.0,,,,,,,1748681727.076
985,ETH-252295684,1748681757463,1,0.0805,0.080095,67.44,ETH-25JUL25-2700-C,2528.27,sell,1.0,1.0,,,,,,,1748681757.463
986,ETH-252295714,1748681767080,1,0.0805,0.08006,67.48,ETH-25JUL25-2700-C,2527.81,sell,1.0,1.0,,,,,,,1748681767.08
987,ETH-252295775,1748681797577,1,0.0805,0.079915,67.55,ETH-25JUL25-2700-C,2527.02,buy,1.0,1.0,,,,,,,1748681797.577
988,ETH-252295822,1748681822773,1,0.0805,0.07994,67.53,ETH-25JUL25-2700-C,2527.25,buy,1.0,1.0,,,,,,,1748681822.773
989,ETH-252295878,1748681834664,1,0.0805,0.080009,67.47,ETH-25JUL25-2700-C,2527.78,buy,1.0,1.0,,,,,,,1748681834.664
990,ETH-252295879,1748681835164,1,0.0805,0.080009,67.47,ETH-25JUL25-2700-C,2527.78,sell,1.0,1.0,,,,,,,1748681835.164
991,ETH-252295885,1748681837187,1,0.0805,0.080049,67.47,ETH-25JUL25-2700-C,2527.79,sell,1.0,1.0,,,,,,,1748681837.187
992,ETH-252295994,1748681888020,1,0.0805,0.079974,67.52,ETH-25JUL25-2700-C,2527.31,sell,1.0,1.0,,,,,,,1748681888.02
993,ETH-252296171,1748681976378,2,0.08,0.0796,67.44,ETH-25JUL25-2700-C,2524.95,sell,1.0,1.0,,,,,,,1748681976.378
994,ETH-252296210,1748681992413,3,0.08,0.079647,67.4,ETH-25JUL25-2700-C,2525.4,sell,1.0,1.0,,,,,,,1748681992.413
995,ETH-252296304,1748682045612,3,0.08,0.07979,67.32,ETH-25JUL25-2700-C,2526.01,sell,1.0,1.0,,,,,,,1748682045.612
996,ETH-252299905,1748685032039,2,0.0795,0.079226,67.21,ETH-25JUL25-2700-C,2523.76,buy,1.0,1.0,,,,,,,1748685032.039
997,ETH-252299966,1748685038306,0,0.08,0.079212,67.58,ETH-25JUL25-2700-C,2523.36,buy,1.0,1.0,,,,,,,1748685038.306
998,ETH-252300005,1748685045672,2,0.0795,0.079114,67.28,ETH-25JUL25-2700-C,2523.14,buy,1.0,1.0,,,,,,,1748685045.672
999,ETH-252300042,1748685050249,3,0.0795,0.079088,67.3,ETH-25JUL25-2700-C,2523.01,sell,1.0,1.0,,,,,,,1748685050.249
1000,ETH-252300069,1748685052717,3,0.0795,0.079094,67.28,ETH-25JUL25-2700-C,2523.18,sell,1.0,1.0,,,,,,,1748685052.717
1001,ETH-252300205,1748685070696,2,0.079,0.078872,67.11,ETH-25JUL25-2700-C,2521.75,sell,1.0,1.0,,,,,,,1748685070.696
1002,ETH-252300250,1748685077103,3,0.079,0.078881,67.1,ETH-25JUL25-2700-C,2521.79,sell,1.0,1.0,,,,,,,1748685077.103
1003,ETH-252300380,1748685092199,0,0.0795,0.079027,67.33,ETH-25JUL25-2700-C,2522.69,buy,1.0,1.0,,,,,,,1748685092.199
1004,ETH-252300615,1748685154166,1,0.0795,0.079154,67.24,ETH-25JUL25-2700-C,2523.65,sell,1.0,1.0,,,,,,,1748685154.166
1005,ETH-252300616,1748685154456,1,0.0795,0.079154,67.24,ETH-25JUL25-2700-C,2523.65,sell,1.0,1.0,,,,,,,1748685154.456
1006,ETH-252300713,1748685177245,1,0.0795,0.079118,67.27,ETH-25JUL25-2700-C,2523.46,sell,1.0,1.0,,,,,,,1748685177.245
1007,ETH-252300734,1748685182228,2,0.079,0.079028,67.01,ETH-25JUL25-2700-C,2522.8,sell,1.0,1.0,,,,,,,1748685182.228
1008,ETH-252300782,1748685191709,0,0.0795,0.078912,67.41,ETH-25JUL25-2700-C,2522.1,buy,1.0,1.0,,,,,,,1748685191.709
1009,ETH-252301084,1748685263423,1,0.0795,0.07902,67.33,ETH-25JUL25-2700-C,2522.97,buy,1.0,1.0,,,,,,,1748685263.423
1010,ETH-252301089,1748685265576,1,0.0795,0.079017,67.33,ETH-25JUL25-2700-C,2522.97,buy,1.0,1.0,,,,,,,1748685265.576
1011,ETH-252302013,1748685554507,1,0.0795,0.079167,67.23,ETH-25JUL25-2700-C,2524.1,buy,1.0,1.0,,,,,,,1748685554.507
1012,ETH-252303016,1748686073535,1,0.0795,0.079641,66.95,ETH-25JUL25-2700-C,2527.19,sell,1.0,1.0,,,,,,,1748686073.535
1013,ETH-252304692,1748686477192,0,0.08,0.079882,67.01,ETH-25JUL25-2700-C,2530.05,buy,1.0,1.0,,,,,,,1748686477.192
1014,ETH-252308376,1748687836476,2,0.078,0.077888,67.0,ETH-25JUL25-2700-C,2518.03,sell,2.0,2.0,,,,,,,1748687836.476
1015,ETH-252325601,1748699412060,0,0.08,0.079524,67.1,ETH-25JUL25-2700-C,2530.0,buy,1.0,1.0,,,,,,,1748699412.06
1016,ETH-252325605,1748699413931,1,0.08,0.079524,67.1,ETH-25JUL25-2700-C,2530.05,buy,1.0,1.0,,,,,,,1748699413.931
1017,ETH-252325612,1748699415991,1,0.08,0.079529,67.11,ETH-25JUL25-2700-C,2529.88,buy,1.0,1.0,,,,,,,1748699415.991
1018,ETH-252325655,1748699439213,1,0.08,0.079523,67.15,ETH-25JUL25-2700-C,2529.47,buy,1.0,1.0,,,,,,,1748699439.213
1019,ETH-252326339,1748700106737,0,0.0805,0.080378,66.88,ETH-25JUL25-2700-C,2535.19,buy,1.0,1.0,,,,,,,1748700106.737
1020,ETH-252355884,1748726951628,0,0.0825,0.082655,67.41,ETH-25JUL25-2700-C,2545.31,sell,1.0,1.0,,,,,,,1748726951.628
1021,ETH-252355896,1748726988352,1,0.0825,0.082666,67.41,ETH-25JUL25-2700-C,2545.24,sell,1.0,1.0,,,,,,,1748726988.352
1022,ETH-252355905,1748727005147,1,0.0825,0.082673,67.41,ETH-25JUL25-2700-C,2545.24,sell,1.0,1.0,,,,,,,1748727005.147
1023,ETH-252365731,1748739855449,2,0.0795,0.07984,67.58,ETH-25JUL25-2700-C,2524.56,sell,1.0,1.0,,,,,,,1748739855.449
1024,ETH-252365732,1748739855476,3,0.0795,0.07984,67.58,ETH-25JUL25-2700-C,2524.56,buy,4.0,4.0,,,,,,,1748739855.476
1025,ETH-252365740,1748739863736,3,0.0795,0.079735,67.61,ETH-25JUL25-2700-C,2524.27,buy,11.0,11.0,,,,,,,1748739863.736
1026,ETH-252365741,1748739875599,3,0.0795,0.079601,67.62,ETH-25JUL25-2700-C,2524.23,buy,34.0,34.0,,,,,,,1748739875.599
1027,ETH-252365890,1748740048072,2,0.0785,0.078656,67.38,ETH-25JUL25-2700-C,2520.42,sell,35.0,35.0,,,,,,,1748740048.072
1028,ETH-252365956,1748740107416,3,0.0785,0.078492,67.4,ETH-25JUL25-2700-C,2520.13,buy,15.0,15.0,,,,,,,1748740107.416
1029,ETH-252416273,1748790253273,3,0.0785,0.078601,68.72,ETH-25JUL25-2700-C,2510.04,buy,50.0,50.0,,,,,,,1748790253.273
1030,ETH-252419972,1748792026078,0,0.08,0.079758,69.1,ETH-25JUL25-2700-C,2517.57,sell,2.0,2.0,,,,,,,1748792026.078
1031,ETH-252423315,1748794229786,0,0.0825,0.082046,69.11,ETH-25JUL25-2700-C,2533.58,buy,1.0,1.0,,,,,,,1748794229.786
1032,ETH-252430675,1748797842090,0,0.0835,0.083239,68.75,ETH-25JUL25-2700-C,2543.96,buy,1.0,1.0,,,,,,,1748797842.09
1033,ETH-252439952,1748804140142,2,0.0795,0.078753,68.82,ETH-25JUL25-2700-C,2518.02,buy,1.0,1.0,,,,,,,1748804140.142
1034,ETH-252460117,1748818856924,0,0.08,0.080502,67.39,ETH-25JUL25-2700-C,2536.68,buy,1.0,1.0,,,,,,,1748818856.924
1035,ETH-252481278,1748839927739,2,0.0725,0.073111,66.88,ETH-25JUL25-2700-C,2493.88,sell,19.0,19.0,,,,,,,1748839927.739
1036,ETH-252539745,1748874897756,0,0.077,0.076806,66.29,ETH-25JUL25-2700-C,2533.16,buy,1.0,1.0,,,,,,,1748874897.756
1037,ETH-252540774,1748875414706,2,0.076,0.07628,65.98,ETH-25JUL25-2700-C,2529.7,sell,16.0,16.0,,,,,,,1748875414.706
1038,ETH-252541068,1748875481554,2,0.0755,0.075803,65.95,ETH-25JUL25-2700-C,2526.74,sell,118.0,118.0,,,,,,,1748875481.554
1039,ETH-252541075,1748875481578,3,0.0755,0.075803,65.95,ETH-25JUL25-2700-C,2526.74,sell,118.0,118.0,,,,,,,1748875481.578
1040,ETH-252552480,1748880096486,0,0.078,0.078294,65.78,ETH-25JUL25-2700-C,2546.08,buy,1.0,1.0,,,,,,,1748880096.486
1041,ETH-252557120,1748881801149,2,0.076,0.076234,65.62,ETH-25JUL25-2700-C,2534.9,buy,1.0,1.0,,,,,,,1748881801.149
1042,ETH-252557144,1748881815166,3,0.076,0.076241,65.59,ETH-25JUL25-2700-C,2535.19,buy,1.0,1.0,,,,,,,1748881815.166
1043,ETH-252578306,1748893822661,2,0.0755,0.075891,65.48,ETH-25JUL25-2700-C,2534.6,sell,1.0,1.0,,,,,,,1748893822.661
1044,ETH-252578477,1748894046801,2,0.075,0.075515,65.36,ETH-25JUL25-2700-C,2533.01,sell,1.0,1.0,,,,,,,1748894046.801
1045,ETH-252578545,1748894112682,3,0.075,0.075785,65.18,ETH-25JUL25-2700-C,2534.64,sell,1.0,1.0,,,,,,,1748894112.682
1046,ETH-252578559,1748894131963,3,0.075,0.075789,65.17,ETH-25JUL25-2700-C,2534.66,sell,1.0,1.0,,,,,,,1748894131.963
1047,ETH-252578571,1748894147405,3,0.075,0.075808,65.17,ETH-25JUL25-2700-C,2534.74,sell,1.0,1.0,,,,,,,1748894147.405
1048,ETH-252578596,1748894164316,3,0.075,0.075798,65.17,ETH-25JUL25-2700-C,2534.73,sell,1.0,1.0,,,,,,,1748894164.316
1049,ETH-252578601,1748894167474,3,0.075,0.075797,65.17,ETH-25JUL25-2700-C,2534.76,sell,1.0,1.0,,,,,,,1748894167.474
1050,ETH-252578643,1748894181446,3,0.075,0.075748,65.2,ETH-25JUL25-2700-C,2534.46,sell,1.0,1.0,,,,,,,1748894181.446
1051,ETH-252578660,1748894200873,3,0.075,0.075715,65.22,ETH-25JUL25-2700-C,2534.28,sell,1.0,1.0,,,,,,,1748894200.873
1052,ETH-252578692,1748894225079,3,0.075,0.07579,65.17,ETH-25JUL25-2700-C,2534.75,sell,1.0,1.0,,,,,,,1748894225.079
1053,ETH-252578770,1748894273873,3,0.075,0.075727,65.21,ETH-25JUL25-2700-C,2534.35,sell,1.0,1.0,,,,,,,1748894273.873
1054,ETH-252578823,1748894286989,3,0.075,0.075535,65.32,ETH-25JUL25-2700-C,2533.23,sell,1.0,1.0,,,,,,,1748894286.989
1055,ETH-252578845,1748894311869,3,0.075,0.07572,65.19,ETH-25JUL25-2700-C,2534.49,sell,1.0,1.0,,,,,,,1748894311.869
1056,ETH-252578941,1748894357117,3,0.075,0.075706,65.19,ETH-25JUL25-2700-C,2534.42,sell,1.0,1.0,,,,,,,1748894357.117
1058,ETH-252579286,1748894409478,1,0.0755,0.075653,65.46,ETH-25JUL25-2700-C,2534.94,buy,1.0,1.0,,,,,,,1748894409.478
1057,ETH-252579285,1748894409478,0,0.0755,0.075653,65.46,ETH-25JUL25-2700-C,2534.94,buy,1.0,1.0,,,,,,,1748894409.478
1059,ETH-252579369,1748894449570,1,0.0755,0.076001,65.3,ETH-25JUL25-2700-C,2536.39,buy,1.0,1.0,,,,,,,1748894449.57
1060,ETH-252579406,1748894466712,1,0.0755,0.076172,65.19,ETH-25JUL25-2700-C,2537.41,sell,1.0,1.0,,,,,,,1748894466.712
1061,ETH-252579506,1748894529434,1,0.0755,0.076246,65.11,ETH-25JUL25-2700-C,2538.03,sell,1.0,1.0,,,,,,,1748894529.434
1062,ETH-252583059,1748896279696,0,0.076,0.076516,65.09,ETH-25JUL25-2700-C,2541.49,sell,1.0,1.0,,,,,,,1748896279.696
1063,ETH-252583258,1748896406082,0,0.0765,0.076609,65.31,ETH-25JUL25-2700-C,2542.51,buy,1.0,1.0,,,,,,,1748896406.082
1064,ETH-252583802,1748897112102,2,0.076,0.07662,64.99,ETH-25JUL25-2700-C,2542.44,sell,1.0,1.0,,,,,,,1748897112.102
1065,ETH-252583811,1748897141780,3,0.076,0.076619,65.0,ETH-25JUL25-2700-C,2542.39,sell,1.0,1.0,,,,,,,1748897141.78
1066,ETH-252583842,1748897156949,3,0.076,0.076466,65.1,ETH-25JUL25-2700-C,2541.41,sell,1.0,1.0,,,,,,,1748897156.949
1067,ETH-252583921,1748897201980,3,0.076,0.076436,65.1,ETH-25JUL25-2700-C,2541.46,sell,1.0,1.0,,,,,,,1748897201.98
1068,ETH-252584016,1748897227412,2,0.0755,0.076149,64.99,ETH-25JUL25-2700-C,2539.26,sell,1.0,1.0,,,,,,,1748897227.412
1069,ETH-252584026,1748897244215,3,0.0755,0.076059,65.04,ETH-25JUL25-2700-C,2538.82,sell,1.0,1.0,,,,,,,1748897244.215
1070,ETH-252584153,1748897383313,0,0.076,0.076268,65.21,ETH-25JUL25-2700-C,2540.39,buy,1.0,1.0,,,,,,,1748897383.313
1071,ETH-252584246,1748897491187,2,0.0755,0.076203,64.9,ETH-25JUL25-2700-C,2540.18,sell,1.0,1.0,,,,,,,1748897491.187
1072,ETH-252584298,1748897521773,3,0.0755,0.07601,65.02,ETH-25JUL25-2700-C,2538.95,sell,1.0,1.0,,,,,,,1748897521.773
1073,ETH-252584467,1748897700898,3,0.0755,0.075768,65.14,ETH-25JUL25-2700-C,2537.74,buy,1.0,1.0,,,,,,,1748897700.898
1074,ETH-252584496,1748897719291,3,0.0755,0.075908,65.05,ETH-25JUL25-2700-C,2538.48,sell,1.0,1.0,,,,,,,1748897719.291
1075,ETH-252584511,1748897736070,3,0.0755,0.075903,65.05,ETH-25JUL25-2700-C,2538.39,sell,1.0,1.0,,,,,,,1748897736.07
1076,ETH-252584549,1748897777128,3,0.0755,0.075892,65.06,ETH-25JUL25-2700-C,2538.48,sell,1.0,1.0,,,,,,,1748897777.128
1077,ETH-252584637,1748897865076,3,0.0755,0.07588,65.07,ETH-25JUL25-2700-C,2538.46,sell,1.0,1.0,,,,,,,1748897865.076
1078,ETH-252584668,1748897879430,3,0.0755,0.075993,64.96,ETH-25JUL25-2700-C,2539.44,sell,1.0,1.0,,,,,,,1748897879.43
1079,ETH-252584692,1748897893688,0,0.076,0.076287,65.12,ETH-25JUL25-2700-C,2541.03,buy,1.0,1.0,,,,,,,1748897893.688
1080,ETH-252584731,1748897931118,2,0.0755,0.076076,64.94,ETH-25JUL25-2700-C,2539.69,sell,1.0,1.0,,,,,,,1748897931.118
1081,ETH-252597560,1748905211758,0,0.0825,0.082818,64.78,ETH-25JUL25-2700-C,2586.76,sell,1.0,1.0,,,,,,,1748905211.758
1082,ETH-252598280,1748905274218,2,0.082,0.082747,64.51,ETH-25JUL25-2700-C,2586.0,sell,1.0,1.0,,,,,,,1748905274.218
1083,ETH-252598587,1748905314598,0,0.0825,0.083018,64.63,ETH-25JUL25-2700-C,2588.0,sell,1.0,1.0,,,,,,,1748905314.598
1084,ETH-252601339,1748905665722,0,0.0855,0.085071,65.28,ETH-25JUL25-2700-C,2600.52,buy,1.0,1.0,,,,,,,1748905665.722
1085,ETH-252621901,1748916210383,0,0.0925,0.093024,64.99,ETH-25JUL25-2700-C,2646.84,sell,4.0,4.0,,,,,,,1748916210.383
1086,ETH-252626297,1748920196313,2,0.0865,0.086958,65.12,ETH-25JUL25-2700-C,2609.13,sell,7.0,7.0,,,,,,,1748920196.313
1087,ETH-252630132,1748924590483,2,0.0855,0.085332,65.44,ETH-25JUL25-2700-C,2600.03,sell,3.0,3.0,,,,,,,1748924590.483
1090,ETH-252630958,1748925912881,3,0.0855,0.084728,65.83,ETH-25JUL25-2700-C,2596.41,buy,36.0,36.0,,,,,,,1748925912.881
1089,ETH-252630957,1748925912881,3,0.0855,0.084728,65.83,ETH-25JUL25-2700-C,2596.41,buy,180.0,180.0,,,,,,,1748925912.881
1088,ETH-252630956,1748925912881,3,0.0855,0.084728,65.83,ETH-25JUL25-2700-C,2596.41,buy,1.0,1.0,,,,,,,1748925912.881
1091,ETH-252638046,1748937462065,0,0.087,0.087218,65.43,ETH-25JUL25-2700-C,2611.83,buy,1.0,1.0,,,,,,,1748937462.065
1092,ETH-252656747,1748955773067,1,0.087,0.086597,64.9,ETH-25JUL25-2700-C,2616.83,buy,1.0,1.0,,,,,,,1748955773.067
1093,ETH-252657553,1748956522000,0,0.0875,0.087179,64.92,ETH-25JUL25-2700-C,2620.7,buy,1.0,1.0,,,,,,,1748956522.0
1094,ETH-252671063,1748962258826,0,0.0905,0.09083,64.58,ETH-25JUL25-2700-C,2641.9,sell,13.0,13.0,,,,,,,1748962258.826
1095,ETH-252678375,1748965182141,2,0.0885,0.08892,64.73,ETH-25JUL25-2700-C,2628.71,sell,5.0,5.0,,,,,,,1748965182.141
1096,ETH-252699751,1748985106804,2,0.085,0.085205,64.38,ETH-25JUL25-2700-C,2611.84,sell,9.0,9.0,,,,,,,1748985106.804
1097,ETH-252703693,1748987775408,2,0.0795,0.080323,63.96,ETH-25JUL25-2700-C,2582.87,sell,123.0,123.0,,,,,,,1748987775.408
1098,ETH-252712562,1748997491100,0,0.0815,0.081509,64.49,ETH-25JUL25-2700-C,2591.2,sell,5.0,5.0,,,,,,,1748997491.1
1099,ETH-252715205,1748999518152,0,0.085,0.08505,64.36,ETH-25JUL25-2700-C,2614.26,sell,6.0,6.0,,,,,,,1748999518.152
1100,ETH-252715206,1748999518616,1,0.085,0.08505,64.36,ETH-25JUL25-2700-C,2614.26,sell,6.0,6.0,,,,,,,1748999518.616
1101,ETH-252715306,1748999597967,1,0.085,0.085061,64.37,ETH-25JUL25-2700-C,2614.31,sell,12.0,12.0,,,,,,,1748999597.967
1102,ETH-252715962,1749000372658,0,0.086,0.085755,64.67,ETH-25JUL25-2700-C,2617.79,buy,1.0,1.0,,,,,,,1749000372.658
1103,ETH-252717674,1749001263820,2,0.084,0.084173,64.35,ETH-25JUL25-2700-C,2608.41,sell,6.0,6.0,,,,,,,1749001263.82
1104,ETH-252718081,1749001886692,0,0.085,0.08505,64.44,ETH-25JUL25-2700-C,2614.23,sell,8.0,8.0,,,,,,,1749001886.692
1105,ETH-252724973,1749009757437,0,0.087,0.086994,64.17,ETH-25JUL25-2700-C,2628.99,sell,1.0,1.0,,,,,,,1749009757.437
1106,ETH-252726970,1749013205549,0,0.089,0.088622,64.49,ETH-25JUL25-2700-C,2638.62,buy,1.0,1.0,,,,,,,1749013205.549
1107,ETH-252726978,1749013228612,1,0.089,0.088511,64.49,ETH-25JUL25-2700-C,2638.55,buy,1.0,1.0,,,,,,,1749013228.612
1108,ETH-252727001,1749013242555,2,0.0885,0.088363,64.26,ETH-25JUL25-2700-C,2637.57,sell,1.0,1.0,,,,,,,1749013242.555
1109,ETH-252727015,1749013256136,3,0.0885,0.088285,64.32,ETH-25JUL25-2700-C,2637.01,sell,1.0,1.0,,,,,,,1749013256.136
1110,ETH-252727286,1749013296993,0,0.0895,0.089524,64.2,ETH-25JUL25-2700-C,2643.79,sell,1.0,1.0,,,,,,,1749013296.993
1111,ETH-252727996,1749013950155,2,0.088,0.0884,63.95,ETH-25JUL25-2700-C,2637.53,sell,9.0,9.0,,,,,,,1749013950.155
1112,ETH-252732126,1749016901555,2,0.087,0.086884,64.26,ETH-25JUL25-2700-C,2627.79,sell,1.0,1.0,,,,,,,1749016901.555
1113,ETH-252735084,1749022248776,3,0.087,0.086949,64.13,ETH-25JUL25-2700-C,2629.58,sell,1.0,1.0,,,,,,,1749022248.776
1114,ETH-252743449,1749032484019,0,0.0885,0.088813,63.75,ETH-25JUL25-2700-C,2643.72,sell,4.0,4.0,,,,,,,1749032484.019
1115,ETH-252749263,1749039635663,2,0.086,0.085959,63.88,ETH-25JUL25-2700-C,2627.13,sell,1.0,1.0,,,,,,,1749039635.663
1116,ETH-252751993,1749041557041,2,0.0855,0.085589,63.89,ETH-25JUL25-2700-C,2623.56,buy,8.0,8.0,,,,,,,1749041557.041
1117,ETH-252754424,1749043096997,2,0.084,0.083888,64.11,ETH-25JUL25-2700-C,2613.17,buy,1.0,1.0,,,,,,,1749043096.997
1118,ETH-252754425,1749043097297,3,0.084,0.083888,64.11,ETH-25JUL25-2700-C,2613.17,buy,8.0,8.0,,,,,,,1749043097.297
1119,ETH-252757496,1749045600394,3,0.084,0.084304,63.84,ETH-25JUL25-2700-C,2616.11,sell,135.0,135.0,,,,,,,1749045600.394
1120,ETH-252757513,1749045600456,3,0.084,0.084304,63.84,ETH-25JUL25-2700-C,2616.11,sell,4.0,4.0,,,,,,,1749045600.456
1121,ETH-252757518,1749045600503,3,0.084,0.084304,63.84,ETH-25JUL25-2700-C,2616.11,sell,1.0,1.0,,,,,,,1749045600.503
1122,ETH-252757519,1749045600520,3,0.084,0.084304,63.84,ETH-25JUL25-2700-C,2616.11,sell,2.0,2.0,,,,,,,1749045600.52
1123,ETH-252757540,1749045600574,3,0.084,0.084304,63.84,ETH-25JUL25-2700-C,2616.11,sell,11.0,11.0,,,,,,,1749045600.574
1124,ETH-252757557,1749045600786,3,0.084,0.084304,63.84,ETH-25JUL25-2700-C,2616.11,sell,1.0,1.0,,,,,,,1749045600.786
1125,ETH-252757569,1749045600844,3,0.084,0.084304,63.84,ETH-25JUL25-2700-C,2616.11,sell,8.0,8.0,,,,,,,1749045600.844
1126,ETH-252757580,1749045600911,3,0.084,0.084304,63.84,ETH-25JUL25-2700-C,2616.11,sell,2.0,2.0,,,,,,,1749045600.911
1127,ETH-252757584,1749045600948,3,0.084,0.084304,63.84,ETH-25JUL25-2700-C,2616.11,sell,1.0,1.0,,,,,,,1749045600.948
1128,ETH-252757591,1749045601022,3,0.084,0.084304,63.84,ETH-25JUL25-2700-C,2616.11,sell,5.0,5.0,,,,,,,1749045601.022
1129,ETH-252757594,1749045601076,3,0.084,0.084304,63.84,ETH-25JUL25-2700-C,2616.11,sell,1.0,1.0,,,,,,,1749045601.076
1130,ETH-252757595,1749045601119,3,0.084,0.084304,64.05,ETH-25JUL25-2700-C,2614.16,sell,1.0,1.0,,,,,,,1749045601.119
1131,ETH-252759876,1749045911135,2,0.0815,0.081775,63.88,ETH-25JUL25-2700-C,2601.21,sell,222.0,222.0,,,,,,,1749045911.135
1132,ETH-252762943,1749046524375,0,0.083,0.08271,64.33,ETH-25JUL25-2700-C,2606.4,buy,1.0,1.0,,,,,,,1749046524.375
1133,ETH-252782024,1749053302371,0,0.092,0.092265,64.05,ETH-25JUL25-2700-C,2665.23,sell,13.0,13.0,,,,,,,1749053302.371
1134,ETH-252785459,1749055265104,1,0.092,0.09163,64.45,ETH-25JUL25-2700-C,2661.32,buy,1.0,1.0,,,,,,,1749055265.104
1135,ETH-252793704,1749063430607,2,0.0865,0.086602,64.18,ETH-25JUL25-2700-C,2629.81,buy,1.0,1.0,,,,,,,1749063430.607
1136,ETH-252793742,1749063458451,3,0.0865,0.086798,64.06,ETH-25JUL25-2700-C,2630.89,buy,1.0,1.0,,,,,,,1749063458.451
1137,ETH-252793786,1749063501234,3,0.0865,0.086798,64.05,ETH-25JUL25-2700-C,2631.09,buy,1.0,1.0,,,,,,,1749063501.234
1138,ETH-252793814,1749063523463,3,0.0865,0.086617,64.17,ETH-25JUL25-2700-C,2630.14,buy,1.0,1.0,,,,,,,1749063523.463
1139,ETH-252797625,1749066914161,2,0.086,0.08624,64.08,ETH-25JUL25-2700-C,2627.8,sell,1.0,1.0,,,,,,,1749066914.161
1140,ETH-252797678,1749066944199,3,0.086,0.086262,64.05,ETH-25JUL25-2700-C,2628.1,sell,1.0,1.0,,,,,,,1749066944.199
1141,ETH-252797700,1749066972727,3,0.086,0.086251,64.08,ETH-25JUL25-2700-C,2627.94,sell,1.0,1.0,,,,,,,1749066972.727
1142,ETH-252797704,1749066983445,3,0.086,0.086284,64.07,ETH-25JUL25-2700-C,2628.1,sell,1.0,1.0,,,,,,,1749066983.445
1143,ETH-252813217,1749086573113,2,0.083,0.083265,63.94,ETH-25JUL25-2700-C,2611.44,sell,9.0,9.0,,,,,,,1749086573.113
1144,ETH-252820504,1749096900891,0,0.085,0.084749,63.69,ETH-25JUL25-2700-C,2626.54,buy,1.0,1.0,,,,,,,1749096900.891
1146,ETH-252822321,1749100605541,3,0.084,0.084455,63.12,ETH-25JUL25-2700-C,2626.0,sell,54.0,54.0,,,,,,,1749100605.541
1145,ETH-252822320,1749100605541,2,0.084,0.084455,63.12,ETH-25JUL25-2700-C,2626.0,sell,5.0,5.0,,,,,,,1749100605.541
1147,ETH-252824653,1749103154649,2,0.0825,0.082603,63.31,ETH-25JUL25-2700-C,2614.79,sell,1.0,1.0,,,,,,,1749103154.649
1148,ETH-252825774,1749104685537,0,0.083,0.082494,63.54,ETH-25JUL25-2700-C,2615.6,buy,1.0,1.0,,,,,,,1749104685.537
1149,ETH-252834318,1749111624216,2,0.0805,0.08056,63.41,ETH-25JUL25-2700-C,2602.44,sell,1.0,1.0,,,,,,,1749111624.216
1150,ETH-252835134,1749112503782,0,0.0815,0.0816,63.28,ETH-25JUL25-2700-C,2609.55,sell,1.0,1.0,,,,,,,1749112503.782
1151,ETH-252835291,1749112561826,1,0.0815,0.081521,63.29,ETH-25JUL25-2700-C,2609.35,buy,1.0,1.0,,,,,,,1749112561.826
1152,ETH-252836599,1749113122508,2,0.0805,0.080533,63.23,ETH-25JUL25-2700-C,2603.67,sell,1.0,1.0,,,,,,,1749113122.508
1153,ETH-252836980,1749113781412,3,0.0805,0.080672,63.14,ETH-25JUL25-2700-C,2604.99,sell,1.0,1.0,,,,,,,1749113781.412
1154,ETH-252838663,1749115621861,2,0.08,0.080676,62.56,ETH-25JUL25-2700-C,2606.87,sell,50.0,50.0,,,,,,,1749115621.861
1155,ETH-252842361,1749118769423,0,0.0825,0.082819,63.73,ETH-25JUL25-2700-C,2612.19,buy,1.0,1.0,,,,,,,1749118769.423
1156,ETH-252849890,1749124723573,2,0.081,0.081584,63.17,ETH-25JUL25-2700-C,2609.03,sell,1.0,1.0,,,,,,,1749124723.573
1157,ETH-252858976,1749128121415,0,0.0885,0.088197,65.03,ETH-25JUL25-2700-C,2636.47,buy,1.0,1.0,,,,,,,1749128121.415
1158,ETH-252889134,1749134814584,2,0.084,0.083012,65.14,ETH-25JUL25-2700-C,2608.69,buy,1.0,1.0,,,,,,,1749134814.584
1159,ETH-252893501,1749136116650,2,0.08,0.079992,65.0,ETH-25JUL25-2700-C,2585.52,sell,1.0,1.0,,,,,,,1749136116.65
1160,ETH-252898416,1749140267170,2,0.0775,0.077481,65.03,ETH-25JUL25-2700-C,2570.32,sell,8.0,8.0,,,,,,,1749140267.17
1161,ETH-252910871,1749143708385,0,0.0785,0.0781,65.43,ETH-25JUL25-2700-C,2573.17,buy,1.0,1.0,,,,,,,1749143708.385
1162,ETH-252917633,1749148779385,0,0.079,0.078982,64.95,ETH-25JUL25-2700-C,2581.98,sell,5.0,5.0,,,,,,,1749148779.385
1163,ETH-252917678,1749148801684,1,0.079,0.079014,65.01,ETH-25JUL25-2700-C,2581.43,sell,5.0,5.0,,,,,,,1749148801.684
1164,ETH-252917731,1749148846612,1,0.079,0.079112,64.96,ETH-25JUL25-2700-C,2581.85,sell,5.0,5.0,,,,,,,1749148846.612
1165,ETH-252934305,1749152809645,2,0.0725,0.073144,64.99,ETH-25JUL25-2700-C,2539.62,sell,1.0,1.0,,,,,,,1749152809.645
1166,ETH-252962334,1749155760226,2,0.0615,0.06096,66.43,ETH-25JUL25-2700-C,2449.52,buy,1.0,1.0,,,,,,,1749155760.226
1167,ETH-252983811,1749157381569,2,0.059,0.058331,67.86,ETH-25JUL25-2700-C,2416.4,buy,1.0,1.0,,,,,,,1749157381.569
1168,ETH-252994830,1749159723336,0,0.0615,0.061277,67.75,ETH-25JUL25-2700-C,2437.52,buy,1.0,1.0,,,,,,,1749159723.336
1169,ETH-252994962,1749159723617,0,0.062,0.061255,68.14,ETH-25JUL25-2700-C,2437.12,buy,11.0,11.0,,,,,,,1749159723.617
1170,ETH-252994979,1749159723650,1,0.062,0.061255,68.14,ETH-25JUL25-2700-C,2437.12,buy,2.0,2.0,,,,,,,1749159723.65
1171,ETH-253005363,1749162265077,2,0.059,0.059611,67.18,ETH-25JUL25-2700-C,2425.05,sell,9.0,9.0,,,,,,,1749162265.077
1172,ETH-253005364,1749162265079,3,0.059,0.059611,67.18,ETH-25JUL25-2700-C,2425.05,buy,1.0,1.0,,,,,,,1749162265.079
1173,ETH-253005430,1749162277255,3,0.059,0.059636,67.14,ETH-25JUL25-2700-C,2425.41,sell,10.0,10.0,,,,,,,1749162277.255
1174,ETH-253014713,1749167346108,2,0.058,0.05842,67.47,ETH-25JUL25-2700-C,2415.34,buy,1.0,1.0,,,,,,,1749167346.108
1175,ETH-253036571,1749179181542,0,0.0603,0.059929,67.69,ETH-25JUL25-2700-C,2430.55,buy,500.0,500.0,,,ETH-CS-25JUL25-2700_3200,ETH-253036569,,,1749179181.542
1176,ETH-253072214,1749200822865,0,0.062,0.062627,65.79,ETH-25JUL25-2700-C,2464.42,sell,1.0,1.0,,,,,,,1749200822.865
1177,ETH-253078706,1749205422686,0,0.065,0.065291,65.82,ETH-25JUL25-2700-C,2485.2,buy,3.0,3.0,,,,,,,1749205422.686
1178,ETH-253078707,1749205422818,1,0.065,0.065291,65.82,ETH-25JUL25-2700-C,2485.2,buy,202.0,202.0,,,,,,,1749205422.818
1179,ETH-253078708,1749205422948,1,0.065,0.065291,65.82,ETH-25JUL25-2700-C,2485.2,buy,4.0,4.0,,,,,,,1749205422.948
1180,ETH-253091149,1749213675536,1,0.065,0.06543,65.91,ETH-25JUL25-2700-C,2485.39,buy,6.0,6.0,,,,,,,1749213675.536
1181,ETH-253108815,1749224221448,0,0.068,0.06818,66.04,ETH-25JUL25-2700-C,2506.37,buy,1.0,1.0,,,,,,,1749224221.448
1182,ETH-253160460,1749301991222,2,0.065,0.064633,65.0,ETH-25JUL25-2700-C,2502.69,buy,1.0,1.0,,,,,,,1749301991.222
1183,ETH-253162568,1749304206725,0,0.066,0.065506,65.05,ETH-25JUL25-2700-C,2509.56,buy,1.0,1.0,,,,,,,1749304206.725
1184,ETH-253166614,1749306675740,0,0.0705,0.069878,67.78,ETH-25JUL25-2700-C,2511.84,buy,1.0,1.0,,,,,,,1749306675.74
1185,ETH-253168079,1749308098256,1,0.0705,0.070464,67.4,ETH-25JUL25-2700-C,2515.64,buy,1.0,1.0,,,,,,,1749308098.256
1186,ETH-253175421,1749318591484,2,0.0685,0.068545,66.56,ETH-25JUL25-2700-C,2512.31,sell,2.0,2.0,,,,,,,1749318591.484
1187,ETH-253242538,1749437444107,2,0.064,0.064364,66.27,ETH-25JUL25-2700-C,2494.02,sell,6.0,6.0,,,,,,,1749437444.107
1188,ETH-253265944,1749466009929,0,0.069,0.068549,65.59,ETH-25JUL25-2700-C,2538.23,buy,1.0,1.0,,,,,,,1749466009.929
1189,ETH-253265945,1749466009929,1,0.069,0.068549,65.59,ETH-25JUL25-2700-C,2538.23,buy,4.0,4.0,,,,,,,1749466009.929
1190,ETH-253269923,1749468283499,1,0.069,0.068858,65.43,ETH-25JUL25-2700-C,2539.7,sell,50.0,50.0,,,,,,,1749468283.499
1191,ETH-253293446,1749482832332,0,0.0695,0.06875,65.9,ETH-25JUL25-2700-C,2540.33,buy,1.0,1.0,,,,,,,1749482832.332
1192,ETH-253333564,1749498631506,0,0.075,0.075089,65.08,ETH-25JUL25-2700-C,2584.33,buy,1.0,1.0,,,,,,,1749498631.506
1193,ETH-253338295,1749503046509,0,0.078,0.077771,65.38,ETH-25JUL25-2700-C,2599.8,buy,1.0,1.0,,,,,,,1749503046.509
1194,ETH-253354167,1749507641367,0,0.088,0.087842,65.63,ETH-25JUL25-2700-C,2659.7,buy,8.0,8.0,,,,,,,1749507641.367
1195,ETH-253354168,1749507641377,1,0.088,0.087842,65.63,ETH-25JUL25-2700-C,2659.7,buy,8.0,8.0,,,,,,,1749507641.377
1196,ETH-253399628,1749532529700,0,0.0945,0.094126,66.28,ETH-25JUL25-2700-C,2693.15,buy,1.0,1.0,,,,,,,1749532529.7
1197,ETH-253411009,1749538643191,2,0.091,0.091233,65.9,ETH-25JUL25-2700-C,2676.14,buy,1.0,1.0,,,,,,,1749538643.191
1198,ETH-253421066,1749547763106,0,0.0925,0.091954,66.36,ETH-25JUL25-2700-C,2682.43,buy,10.0,10.0,,,,,,,1749547763.106
1199,ETH-253425724,1749552800439,0,0.0947,0.094862,66.78,ETH-25JUL25-2700-C,2691.15,sell,1000.0,1000.0,2.0,BLOCK-204310,ETH-CDIAG-25JUL25_27JUN25-2700_2500,,,,1749552800.439
1200,ETH-253427987,1749554183527,0,0.1,0.099795,67.2,ETH-25JUL25-2700-C,2717.71,buy,1.0,1.0,,,,,,,1749554183.527
1201,ETH-253445885,1749557625687,0,0.1065,0.107881,67.16,ETH-25JUL25-2700-C,2754.39,sell,1.0,1.0,,,,,,,1749557625.687
1202,ETH-253447328,1749558273646,0,0.1095,0.109403,68.39,ETH-25JUL25-2700-C,2761.32,sell,1.0,1.0,,,,,,,1749558273.646
1203,ETH-253450263,1749559471973,0,0.1115,0.110372,69.46,ETH-25JUL25-2700-C,2764.53,buy,55.0,55.0,,,,,,,1749559471.973
1204,ETH-253450268,1749559471987,1,0.1115,0.110372,69.46,ETH-25JUL25-2700-C,2764.53,buy,11.0,11.0,,,,,,,1749559471.987
1205,ETH-253454344,1749561454575,0,0.113,0.11254,69.67,ETH-25JUL25-2700-C,2771.68,sell,10.0,10.0,,,,,,,1749561454.575
1206,ETH-253462608,1749563192231,2,0.1035,0.103367,69.53,ETH-25JUL25-2700-C,2719.47,sell,30.0,30.0,,,,,,,1749563192.231
1207,ETH-253463842,1749563512446,0,0.1075,0.106939,69.84,ETH-25JUL25-2700-C,2739.79,sell,10.0,10.0,,,,,,,1749563512.446
1210,ETH-253475073,1749567801813,1,0.1075,0.106706,70.24,ETH-25JUL25-2700-C,2737.81,buy,1.0,1.0,,,,,,,1749567801.813
1208,ETH-253475071,1749567801813,1,0.1075,0.106706,70.24,ETH-25JUL25-2700-C,2737.81,buy,178.0,178.0,,,,,,,1749567801.813
1209,ETH-253475072,1749567801813,1,0.1075,0.106706,70.24,ETH-25JUL25-2700-C,2737.81,buy,266.0,266.0,,,,,,,1749567801.813
1211,ETH-253497557,1749574974362,2,0.1065,0.10623,70.13,ETH-25JUL25-2700-C,2732.91,sell,1.0,1.0,,,,,,,1749574974.362
1212,ETH-253499105,1749575955780,0,0.109,0.108646,70.23,ETH-25JUL25-2700-C,2746.23,sell,1.0,1.0,,,,,,,1749575955.78
1213,ETH-253499905,1749576552135,2,0.108,0.108123,69.88,ETH-25JUL25-2700-C,2743.47,sell,1.0,1.0,,,,,,,1749576552.135
1214,ETH-253508463,1749581268321,0,0.1105,0.109814,70.27,ETH-25JUL25-2700-C,2754.41,buy,1.0,1.0,,,,,,,1749581268.321
1215,ETH-253518062,1749583853490,0,0.116,0.11526,71.03,ETH-25JUL25-2700-C,2779.56,buy,1.0,1.0,,,,,,,1749583853.49
1216,ETH-253551330,1749594735542,0,0.1245,0.124454,71.15,ETH-25JUL25-2700-C,2825.51,buy,2.0,2.0,,,,,,,1749594735.542
1217,ETH-253563125,1749600664575,1,0.1245,0.124739,71.17,ETH-25JUL25-2700-C,2826.74,sell,153.0,153.0,,,,,,,1749600664.575
1218,ETH-253563246,1749600721406,0,0.1255,0.124345,72.05,ETH-25JUL25-2700-C,2825.97,buy,9.0,9.0,,,,,,,1749600721.406
1219,ETH-253563353,1749600747348,2,0.124,0.124435,71.05,ETH-25JUL25-2700-C,2824.87,sell,153.0,153.0,,,,,,,1749600747.348
1220,ETH-253563354,1749600747579,3,0.124,0.124435,71.05,ETH-25JUL25-2700-C,2824.87,sell,118.0,118.0,,,,,,,1749600747.579
1221,ETH-253563355,1749600747585,3,0.124,0.124435,71.05,ETH-25JUL25-2700-C,2824.87,sell,3.0,3.0,,,,,,,1749600747.585
1222,ETH-253563356,1749600747640,3,0.124,0.124435,71.05,ETH-25JUL25-2700-C,2824.87,sell,5.0,5.0,,,,,,,1749600747.64
1223,ETH-253563357,1749600747647,3,0.124,0.124435,71.05,ETH-25JUL25-2700-C,2824.87,sell,1.0,1.0,,,,,,,1749600747.647
1224,ETH-253563359,1749600747647,3,0.124,0.124435,71.05,ETH-25JUL25-2700-C,2824.87,sell,14.0,14.0,,,,,,,1749600747.647
1225,ETH-253563360,1749600747658,3,0.124,0.124435,71.05,ETH-25JUL25-2700-C,2824.87,sell,2.0,2.0,,,,,,,1749600747.658
1226,ETH-253563361,1749600747679,3,0.124,0.124435,71.05,ETH-25JUL25-2700-C,2824.87,sell,2.0,2.0,,,,,,,1749600747.679
1227,ETH-253563362,1749600747793,3,0.124,0.124435,71.05,ETH-25JUL25-2700-C,2824.87,sell,27.0,27.0,,,,,,,1749600747.793
1228,ETH-253563363,1749600747844,3,0.124,0.124435,71.05,ETH-25JUL25-2700-C,2824.87,sell,1.0,1.0,,,,,,,1749600747.844
1229,ETH-253563364,1749600747969,3,0.124,0.124435,71.05,ETH-25JUL25-2700-C,2824.87,sell,4.0,4.0,,,,,,,1749600747.969
1230,ETH-253563365,1749600748031,3,0.124,0.124437,71.25,ETH-25JUL25-2700-C,2823.46,sell,2.0,2.0,,,,,,,1749600748.031
1231,ETH-253563378,1749600748533,3,0.124,0.124437,71.25,ETH-25JUL25-2700-C,2823.46,sell,1.0,1.0,,,,,,,1749600748.533
1232,ETH-253563379,1749600748545,3,0.124,0.124437,71.25,ETH-25JUL25-2700-C,2823.46,sell,9.0,9.0,,,,,,,1749600748.545
1233,ETH-253563380,1749600748553,3,0.124,0.124437,71.25,ETH-25JUL25-2700-C,2823.46,sell,1.0,1.0,,,,,,,1749600748.553
1234,ETH-253563385,1749600748574,3,0.124,0.124437,71.25,ETH-25JUL25-2700-C,2823.46,sell,1.0,1.0,,,,,,,1749600748.574
1235,ETH-253563386,1749600748583,3,0.124,0.124437,71.25,ETH-25JUL25-2700-C,2823.46,sell,3.0,3.0,,,,,,,1749600748.583
1236,ETH-253563387,1749600748584,3,0.124,0.124437,71.25,ETH-25JUL25-2700-C,2823.46,sell,31.0,31.0,,,,,,,1749600748.584
1237,ETH-253563389,1749600748593,3,0.124,0.124437,71.25,ETH-25JUL25-2700-C,2823.46,sell,47.0,47.0,,,,,,,1749600748.593
1238,ETH-253563390,1749600748595,3,0.124,0.124437,71.25,ETH-25JUL25-2700-C,2823.46,sell,2.0,2.0,,,,,,,1749600748.595
1239,ETH-253563391,1749600748606,3,0.124,0.124437,71.25,ETH-25JUL25-2700-C,2823.46,sell,1.0,1.0,,,,,,,1749600748.606
1240,ETH-253563395,1749600748615,3,0.124,0.124437,71.25,ETH-25JUL25-2700-C,2823.46,sell,1.0,1.0,,,,,,,1749600748.615
1241,ETH-253563398,1749600748626,3,0.124,0.124437,71.25,ETH-25JUL25-2700-C,2823.46,sell,1.0,1.0,,,,,,,1749600748.626
1242,ETH-253563399,1749600748703,3,0.124,0.124437,71.25,ETH-25JUL25-2700-C,2823.46,sell,2.0,2.0,,,,,,,1749600748.703
1243,ETH-253563400,1749600748733,3,0.124,0.124437,71.25,ETH-25JUL25-2700-C,2823.46,sell,44.0,44.0,,,,,,,1749600748.733
1245,ETH-253563402,1749600748741,3,0.124,0.124437,71.25,ETH-25JUL25-2700-C,2823.46,sell,1.0,1.0,,,,,,,1749600748.741
1244,ETH-253563401,1749600748741,3,0.124,0.124437,71.25,ETH-25JUL25-2700-C,2823.46,sell,107.0,107.0,,,,,,,1749600748.741
1246,ETH-253563403,1749600748745,3,0.124,0.124437,71.25,ETH-25JUL25-2700-C,2823.46,sell,1.0,1.0,,,,,,,1749600748.745
1247,ETH-253563404,1749600748747,3,0.124,0.124437,71.25,ETH-25JUL25-2700-C,2823.46,sell,53.0,53.0,,,,,,,1749600748.747
1248,ETH-253575901,1749607514456,2,0.1166,0.116657,70.69,ETH-25JUL25-2700-C,2788.33,sell,360.0,360.0,5.0,BLOCK-204502,,,,5950.0,1749607514.456
1249,ETH-253589274,1749619129850,2,0.116,0.115771,70.05,ETH-25JUL25-2700-C,2790.49,sell,1.0,1.0,,,,,,,1749619129.85
1250,ETH-253621066,1749643500204,2,0.112,0.111791,69.47,ETH-25JUL25-2700-C,2775.77,buy,1.0,1.0,,,,,,,1749643500.204
1251,ETH-253627688,1749644855668,2,0.111,0.110382,69.69,ETH-25JUL25-2700-C,2768.59,buy,1.0,1.0,,,,,,,1749644855.668
1252,ETH-253627689,1749644855668,3,0.111,0.110382,69.69,ETH-25JUL25-2700-C,2768.59,buy,59.0,59.0,,,,,,,1749644855.668
1253,ETH-253634914,1749645463538,0,0.117,0.116508,69.97,ETH-25JUL25-2700-C,2799.27,buy,1.0,1.0,,,,,,,1749645463.538
1254,ETH-253637721,1749645774265,0,0.12,0.11932,70.08,ETH-25JUL25-2700-C,2814.96,buy,2.0,2.0,,,,,,,1749645774.265
1255,ETH-253640579,1749646399551,2,0.118,0.117686,70.03,ETH-25JUL25-2700-C,2804.75,sell,1.0,1.0,,,,,,,1749646399.551
1256,ETH-253659678,1749651977631,0,0.1255,0.124639,70.73,ETH-25JUL25-2700-C,2840.54,buy,1.0,1.0,,,,,,,1749651977.631
1257,ETH-253683731,1749657118922,0,0.1305,0.130917,70.12,ETH-25JUL25-2700-C,2871.4,buy,1.0,1.0,,,,,,,1749657118.922
1258,ETH-253683930,1749657188950,2,0.13,0.130277,70.24,ETH-25JUL25-2700-C,2868.06,buy,2.0,2.0,,,,,,,1749657188.95
1259,ETH-253728320,1749671688914,2,0.119,0.118861,70.3,ETH-25JUL25-2700-C,2810.81,sell,1.0,1.0,,,,,,,1749671688.914
1260,ETH-253728464,1749671855809,3,0.119,0.119018,70.18,ETH-25JUL25-2700-C,2811.87,sell,1.0,1.0,,,,,,,1749671855.809
1261,ETH-253751474,1749679722446,2,0.111,0.110541,68.96,ETH-25JUL25-2700-C,2777.52,sell,1.0,1.0,,,,,,,1749679722.446
1262,ETH-253760947,1749683122301,2,0.108,0.108158,68.31,ETH-25JUL25-2700-C,2765.54,sell,161.0,161.0,,,,,,,1749683122.301
1263,ETH-253760948,1749683122303,3,0.108,0.108158,68.31,ETH-25JUL25-2700-C,2765.54,sell,46.0,46.0,,,,,,,1749683122.303
1264,ETH-253760949,1749683122314,3,0.108,0.108158,68.31,ETH-25JUL25-2700-C,2765.54,sell,1.0,1.0,,,,,,,1749683122.314
1265,ETH-253760950,1749683122334,3,0.108,0.108158,68.48,ETH-25JUL25-2700-C,2764.34,sell,1.0,1.0,,,,,,,1749683122.334
1266,ETH-253760976,1749683122824,3,0.108,0.108158,68.48,ETH-25JUL25-2700-C,2764.34,sell,110.0,110.0,,,,,,,1749683122.824
1267,ETH-253760979,1749683122844,3,0.108,0.108158,68.48,ETH-25JUL25-2700-C,2764.34,sell,10.0,10.0,,,,,,,1749683122.844
1268,ETH-253760982,1749683122858,3,0.108,0.108158,68.48,ETH-25JUL25-2700-C,2764.34,sell,1.0,1.0,,,,,,,1749683122.858
1269,ETH-253760986,1749683122870,3,0.108,0.108158,68.48,ETH-25JUL25-2700-C,2764.34,sell,4.0,4.0,,,,,,,1749683122.87
1270,ETH-253761395,1749683487846,0,0.109,0.109016,68.59,ETH-25JUL25-2700-C,2768.8,sell,373.0,373.0,,,,,,,1749683487.846
1271,ETH-253761675,1749683802585,0,0.1095,0.109373,68.58,ETH-25JUL25-2700-C,2771.44,sell,23.0,23.0,,,,,,,1749683802.585
1272,ETH-253761676,1749683802811,1,0.1095,0.109373,68.58,ETH-25JUL25-2700-C,2771.44,sell,70.0,70.0,,,,,,,1749683802.811
1273,ETH-253776891,1749699997017,2,0.1075,0.10797,67.17,ETH-25JUL25-2700-C,2772.06,buy,70.0,70.0,,,,,,,1749699997.017
1274,ETH-253810151,1749727370578,2,0.1005,0.10169,66.45,ETH-25JUL25-2700-C,2741.78,sell,1.0,1.0,,,,,,,1749727370.578
1275,ETH-253815437,1749729156858,3,0.1005,0.10016,67.74,ETH-25JUL25-2700-C,2731.98,buy,1.0,1.0,,,,,,,1749729156.858
1276,ETH-253870106,1749757528062,2,0.095,0.096027,66.39,ETH-25JUL25-2700-C,2713.25,sell,1.0,1.0,,,,,,,1749757528.062
1277,ETH-253881152,1749759259899,2,0.0905,0.090669,66.66,ETH-25JUL25-2700-C,2685.62,sell,1.0,1.0,,,,,,,1749759259.899
1278,ETH-253884145,1749759973977,3,0.0905,0.090818,66.6,ETH-25JUL25-2700-C,2686.15,sell,50.0,50.0,,,,,,,1749759973.977
1279,ETH-253893028,1749761257793,2,0.0845,0.084802,66.73,ETH-25JUL25-2700-C,2650.3,sell,50.0,50.0,,,,,,,1749761257.793
1280,ETH-253907564,1749762350031,0,0.0855,0.085017,67.56,ETH-25JUL25-2700-C,2648.85,buy,1.0,1.0,,,,,,,1749762350.031
1281,ETH-253911485,1749763349605,0,0.0865,0.086258,67.59,ETH-25JUL25-2700-C,2653.7,sell,149.0,149.0,,,,,,,1749763349.605
1282,ETH-253911508,1749763365691,1,0.0865,0.086374,67.66,ETH-25JUL25-2700-C,2653.01,sell,101.0,101.0,,,,,,,1749763365.691
1283,ETH-253962123,1749774180422,2,0.073,0.072958,67.98,ETH-25JUL25-2700-C,2568.06,sell,215.0,215.0,,,,,,,1749774180.422
1284,ETH-253962131,1749774180434,3,0.073,0.072958,67.98,ETH-25JUL25-2700-C,2568.06,sell,35.0,35.0,,,,,,,1749774180.434
1285,ETH-254071966,1749783920840,2,0.0645,0.064309,70.96,ETH-25JUL25-2700-C,2484.42,buy,1.0,1.0,,,,,,,1749783920.84
1286,ETH-254076479,1749785010742,0,0.0665,0.066663,70.44,ETH-25JUL25-2700-C,2503.0,sell,4.0,4.0,,,,,,,1749785010.742
1287,ETH-254077133,1749785216598,2,0.066,0.066444,70.11,ETH-25JUL25-2700-C,2502.94,sell,5.0,5.0,,,,,,,1749785216.598
1288,ETH-254077992,1749785548865,0,0.067,0.066966,70.47,ETH-25JUL25-2700-C,2506.47,sell,1.0,1.0,,,,,,,1749785548.865
1289,ETH-254118631,1749802837563,0,0.0715,0.070598,70.45,ETH-25JUL25-2700-C,2537.28,buy,1.0,1.0,,,,,,,1749802837.563
1290,ETH-254141905,1749815681744,2,0.0695,0.069001,69.43,ETH-25JUL25-2700-C,2535.55,buy,1.0,1.0,,,,,,,1749815681.744
1291,ETH-254179657,1749831337696,0,0.076,0.075971,69.32,ETH-25JUL25-2700-C,2579.66,sell,1.0,1.0,,,,,,,1749831337.696
1293,ETH-254207477,1749841935764,3,0.07,0.069688,70.34,ETH-25JUL25-2700-C,2533.8,buy,7.0,7.0,,,,,,,1749841935.764
1292,ETH-254207476,1749841935764,2,0.07,0.069688,70.34,ETH-25JUL25-2700-C,2533.8,buy,1.0,1.0,,,,,,,1749841935.764
1294,ETH-254207478,1749841935771,3,0.07,0.069688,70.34,ETH-25JUL25-2700-C,2533.8,sell,12.0,12.0,,,,,,,1749841935.771
1295,ETH-254207479,1749841937269,3,0.07,0.06963,70.48,ETH-25JUL25-2700-C,2532.58,sell,20.0,20.0,,,,,,,1749841937.269
1296,ETH-254207482,1749841939762,3,0.07,0.069444,70.5,ETH-25JUL25-2700-C,2532.42,sell,20.0,20.0,,,,,,,1749841939.762
1297,ETH-254238208,1749873307678,0,0.072,0.071437,70.14,ETH-25JUL25-2700-C,2550.95,buy,1.0,1.0,,,,,,,1749873307.678
1298,ETH-254238212,1749873309556,1,0.072,0.071438,70.14,ETH-25JUL25-2700-C,2550.95,buy,1.0,1.0,,,,,,,1749873309.556
1299,ETH-254238216,1749873311042,1,0.072,0.071437,70.14,ETH-25JUL25-2700-C,2550.95,buy,1.0,1.0,,,,,,,1749873311.042
1300,ETH-254238255,1749873331832,1,0.072,0.071618,70.0,ETH-25JUL25-2700-C,2551.99,sell,1.0,1.0,,,,,,,1749873331.832
1301,ETH-254238295,1749873353026,1,0.072,0.071603,70.03,ETH-25JUL25-2700-C,2551.68,sell,1.0,1.0,,,,,,,1749873353.026
1302,ETH-254247662,1749887708107,2,0.0695,0.069026,69.88,ETH-25JUL25-2700-C,2538.02,buy,1.0,1.0,,,,,,,1749887708.107
1303,ETH-254252629,1749891307472,2,0.069,0.068682,69.7,ETH-25JUL25-2700-C,2536.42,buy,1.0,1.0,,,,,,,1749891307.472
1304,ETH-254252631,1749891308577,3,0.069,0.068687,69.7,ETH-25JUL25-2700-C,2536.42,buy,1.0,1.0,,,,,,,1749891308.577
1305,ETH-254252653,1749891318749,3,0.069,0.068665,69.73,ETH-25JUL25-2700-C,2536.18,sell,1.0,1.0,,,,,,,1749891318.749
1306,ETH-254252657,1749891323891,3,0.069,0.068652,69.72,ETH-25JUL25-2700-C,2536.27,sell,1.0,1.0,,,,,,,1749891323.891
1307,ETH-254252662,1749891327399,3,0.069,0.068662,69.72,ETH-25JUL25-2700-C,2536.33,sell,1.0,1.0,,,,,,,1749891327.399
1308,ETH-254252667,1749891330057,3,0.069,0.068668,69.72,ETH-25JUL25-2700-C,2536.33,sell,1.0,1.0,,,,,,,1749891330.057
1309,ETH-254252672,1749891335368,3,0.069,0.068667,69.72,ETH-25JUL25-2700-C,2536.39,sell,1.0,1.0,,,,,,,1749891335.368
1310,ETH-254252692,1749891350748,3,0.069,0.068648,69.74,ETH-25JUL25-2700-C,2536.24,sell,1.0,1.0,,,,,,,1749891350.748
1311,ETH-254252702,1749891357116,3,0.069,0.068647,69.74,ETH-25JUL25-2700-C,2536.26,sell,1.0,1.0,,,,,,,1749891357.116
1312,ETH-254252704,1749891360064,3,0.069,0.068649,69.73,ETH-25JUL25-2700-C,2536.33,sell,1.0,1.0,,,,,,,1749891360.064
1313,ETH-254252726,1749891385215,3,0.069,0.068658,69.73,ETH-25JUL25-2700-C,2536.29,sell,1.0,1.0,,,,,,,1749891385.215
1314,ETH-254252919,1749891612191,3,0.069,0.068697,69.71,ETH-25JUL25-2700-C,2536.5,buy,1.0,1.0,,,,,,,1749891612.191
1315,ETH-254252927,1749891625270,3,0.069,0.068719,69.7,ETH-25JUL25-2700-C,2536.66,buy,1.0,1.0,,,,,,,1749891625.27
1316,ETH-254252966,1749891664507,3,0.069,0.068661,69.75,ETH-25JUL25-2700-C,2536.24,buy,1.0,1.0,,,,,,,1749891664.507
1317,ETH-254254441,1749893299081,2,0.068,0.067797,69.46,ETH-25JUL25-2700-C,2532.23,sell,1.0,1.0,,,,,,,1749893299.081
1318,ETH-254254442,1749893301912,3,0.068,0.067807,69.46,ETH-25JUL25-2700-C,2532.27,sell,1.0,1.0,,,,,,,1749893301.912
1319,ETH-254254443,1749893304770,3,0.068,0.067813,69.46,ETH-25JUL25-2700-C,2532.26,sell,1.0,1.0,,,,,,,1749893304.77
1320,ETH-254254444,1749893308439,3,0.068,0.067809,69.46,ETH-25JUL25-2700-C,2532.22,sell,1.0,1.0,,,,,,,1749893308.439
1321,ETH-254254583,1749893421029,3,0.068,0.067795,69.47,ETH-25JUL25-2700-C,2532.22,sell,1.0,1.0,,,,,,,1749893421.029
1322,ETH-254254607,1749893466667,3,0.068,0.06778,69.48,ETH-25JUL25-2700-C,2532.09,sell,1.0,1.0,,,,,,,1749893466.667
1323,ETH-254254612,1749893480258,3,0.068,0.06776,69.51,ETH-25JUL25-2700-C,2531.81,sell,1.0,1.0,,,,,,,1749893480.258
1324,ETH-254254633,1749893499370,3,0.068,0.067847,69.44,ETH-25JUL25-2700-C,2532.36,sell,1.0,1.0,,,,,,,1749893499.37
1326,ETH-254254641,1749893514911,2,0.067,0.067782,68.72,ETH-25JUL25-2700-C,2532.1,sell,1.0,1.0,,,,,,,1749893514.911
1325,ETH-254254640,1749893514911,2,0.0675,0.067782,69.1,ETH-25JUL25-2700-C,2532.1,sell,1.0,1.0,,,,,,,1749893514.911
1327,ETH-254254652,1749893551648,0,0.068,0.067801,69.46,ETH-25JUL25-2700-C,2532.23,sell,1.0,1.0,,,,,,,1749893551.648
1328,ETH-254255732,1749894609506,2,0.0675,0.066704,69.87,ETH-25JUL25-2700-C,2525.87,buy,1.0,1.0,,,,,,,1749894609.506
1329,ETH-254255856,1749894618267,3,0.0675,0.066861,69.77,ETH-25JUL25-2700-C,2526.65,buy,1.0,1.0,,,,,,,1749894618.267
1330,ETH-254255877,1749894640183,3,0.0675,0.066863,69.75,ETH-25JUL25-2700-C,2526.71,buy,1.0,1.0,,,,,,,1749894640.183
1331,ETH-254255884,1749894646717,3,0.0675,0.066853,69.76,ETH-25JUL25-2700-C,2526.63,buy,1.0,1.0,,,,,,,1749894646.717
1332,ETH-254255937,1749894680012,3,0.0675,0.066783,69.82,ETH-25JUL25-2700-C,2526.1,buy,1.0,1.0,,,,,,,1749894680.012
1333,ETH-254256024,1749894739571,3,0.0675,0.066998,69.65,ETH-25JUL25-2700-C,2527.53,buy,1.0,1.0,,,,,,,1749894739.571
1334,ETH-254256108,1749894822592,3,0.0675,0.067054,69.62,ETH-25JUL25-2700-C,2527.83,sell,1.0,1.0,,,,,,,1749894822.592
1335,ETH-254256136,1749894853546,3,0.0675,0.066878,69.78,ETH-25JUL25-2700-C,2526.39,sell,1.0,1.0,,,,,,,1749894853.546
1336,ETH-254256375,1749894950145,2,0.067,0.06667,69.5,ETH-25JUL25-2700-C,2525.45,sell,1.0,1.0,,,,,,,1749894950.145
1337,ETH-254264282,1749907135446,0,0.0685,0.068295,69.15,ETH-25JUL25-2700-C,2538.9,sell,3.0,3.0,,,,,,,1749907135.446
1338,ETH-254265729,1749909009190,2,0.0675,0.067152,69.1,ETH-25JUL25-2700-C,2532.54,buy,1.0,1.0,,,,,,,1749909009.19
1339,ETH-254265736,1749909015426,0,0.068,0.067241,69.45,ETH-25JUL25-2700-C,2532.82,buy,1.0,1.0,,,,,,,1749909015.426
1341,ETH-254282322,1749921977507,3,0.0635,0.063492,68.04,ETH-25JUL25-2700-C,2515.83,buy,144.0,144.0,,,,,,,1749921977.507
1340,ETH-254282321,1749921977507,2,0.0635,0.063492,68.04,ETH-25JUL25-2700-C,2515.83,buy,3.0,3.0,,,,,,,1749921977.507
1342,ETH-254282325,1749921977516,3,0.0635,0.063492,68.04,ETH-25JUL25-2700-C,2515.83,buy,58.0,58.0,,,,,,,1749921977.516
1343,ETH-254282326,1749921977516,3,0.0635,0.063492,68.04,ETH-25JUL25-2700-C,2515.83,buy,4.0,4.0,,,,,,,1749921977.516
1344,ETH-254295497,1749937585330,0,0.066,0.065069,68.66,ETH-25JUL25-2700-C,2528.78,buy,1.0,1.0,,,,,,,1749937585.33
1345,ETH-254305184,1749956336251,2,0.0655,0.065743,68.33,ETH-25JUL25-2700-C,2530.13,buy,1.0,1.0,,,,,,,1749956336.251
1346,ETH-254320556,1749979136686,2,0.0635,0.063447,68.79,ETH-25JUL25-2700-C,2514.92,sell,7.0,7.0,,,,,,,1749979136.686
1347,ETH-254323187,1749982666585,0,0.0645,0.064011,68.93,ETH-25JUL25-2700-C,2520.39,buy,1.0,1.0,,,,,,,1749982666.585
1349,ETH-254326094,1749989502301,1,0.0655,0.06518,69.25,ETH-25JUL25-2700-C,2523.9,buy,15.0,15.0,,,,,,,1749989502.301
1348,ETH-254326093,1749989502301,0,0.0655,0.06518,69.25,ETH-25JUL25-2700-C,2523.9,buy,50.0,50.0,,,,,,,1749989502.301
1350,ETH-254326095,1749989502301,1,0.0655,0.06518,69.25,ETH-25JUL25-2700-C,2523.9,buy,1.0,1.0,,,,,,,1749989502.301
1352,ETH-254326853,1749991768232,1,0.0655,0.065052,69.31,ETH-25JUL25-2700-C,2523.55,buy,1.0,1.0,,,,,,,1749991768.232
1351,ETH-254326852,1749991768232,1,0.0655,0.065052,69.31,ETH-25JUL25-2700-C,2523.55,buy,1.0,1.0,,,,,,,1749991768.232
1353,ETH-254327011,1749992053128,1,0.0655,0.065455,68.97,ETH-25JUL25-2700-C,2526.88,buy,10.0,10.0,,,,,,,1749992053.128
1354,ETH-254327012,1749992053128,1,0.0655,0.065455,68.97,ETH-25JUL25-2700-C,2526.88,buy,15.0,15.0,,,,,,,1749992053.128
1355,ETH-254328266,1749993190368,0,0.067,0.066503,69.34,ETH-25JUL25-2700-C,2533.57,buy,1.0,1.0,,,,,,,1749993190.368
1356,ETH-254328267,1749993190368,1,0.067,0.066503,69.34,ETH-25JUL25-2700-C,2533.57,buy,1.0,1.0,,,,,,,1749993190.368
1357,ETH-254329458,1749995024080,1,0.067,0.066698,69.24,ETH-25JUL25-2700-C,2534.71,buy,1.0,1.0,,,,,,,1749995024.08
1358,ETH-254329459,1749995024080,1,0.067,0.066698,69.24,ETH-25JUL25-2700-C,2534.71,buy,15.0,15.0,,,,,,,1749995024.08
1359,ETH-254329995,1749995384684,0,0.068,0.067651,69.3,ETH-25JUL25-2700-C,2540.73,buy,1.0,1.0,,,,,,,1749995384.684
1360,ETH-254330399,1749995671593,0,0.069,0.06845,69.98,ETH-25JUL25-2700-C,2541.36,buy,1.0,1.0,,,,,,,1749995671.593
1361,ETH-254330949,1749995901921,0,0.0705,0.06944,70.86,ETH-25JUL25-2700-C,2543.22,buy,15.0,15.0,,,,,,,1749995901.921
1362,ETH-254330951,1749995901925,1,0.0705,0.06944,70.86,ETH-25JUL25-2700-C,2543.22,buy,36.0,36.0,,,,,,,1749995901.925
1363,ETH-254332691,1749996569154,0,0.074,0.073144,73.4,ETH-25JUL25-2700-C,2543.14,buy,15.0,15.0,,,,,,,1749996569.154
1364,ETH-254334650,1749998348792,0,0.0745,0.07405,73.51,ETH-25JUL25-2700-C,2545.86,buy,12.0,12.0,,,,,,,1749998348.792
1365,ETH-254334657,1749998348828,1,0.0745,0.07405,73.51,ETH-25JUL25-2700-C,2545.86,buy,12.0,12.0,,,,,,,1749998348.828
1366,ETH-254341099,1750004810630,2,0.0695,0.06912,70.85,ETH-25JUL25-2700-C,2538.6,buy,11.0,11.0,,,,,,,1750004810.63
1367,ETH-254341100,1750004810630,3,0.0695,0.06912,70.85,ETH-25JUL25-2700-C,2538.6,buy,9.0,9.0,,,,,,,1750004810.63
1368,ETH-254341101,1750004810630,3,0.0695,0.06912,70.85,ETH-25JUL25-2700-C,2538.6,buy,15.0,15.0,,,,,,,1750004810.63
1369,ETH-254341966,1750005288435,0,0.07,0.069551,70.84,ETH-25JUL25-2700-C,2542.17,buy,9.0,9.0,,,,,,,1750005288.435
1371,ETH-254341968,1750005288435,1,0.07,0.069551,70.84,ETH-25JUL25-2700-C,2542.17,buy,4.0,4.0,,,,,,,1750005288.435
1370,ETH-254341967,1750005288435,1,0.07,0.069551,70.84,ETH-25JUL25-2700-C,2542.17,buy,9.0,9.0,,,,,,,1750005288.435
1372,ETH-254345916,1750012472604,0,0.0705,0.070132,70.71,ETH-25JUL25-2700-C,2546.73,buy,1.0,1.0,,,,,,,1750012472.604
1374,ETH-254345918,1750012472604,1,0.0705,0.070132,70.71,ETH-25JUL25-2700-C,2546.73,buy,15.0,15.0,,,,,,,1750012472.604
1373,ETH-254345917,1750012472604,1,0.0705,0.070132,70.71,ETH-25JUL25-2700-C,2546.73,buy,13.0,13.0,,,,,,,1750012472.604
1375,ETH-254350383,1750018796857,2,0.066,0.065531,70.82,ETH-25JUL25-2700-C,2517.02,buy,1.0,1.0,,,,,,,1750018796.857
1376,ETH-254350465,1750018908079,0,0.0665,0.065869,71.01,ETH-25JUL25-2700-C,2518.5,buy,36.0,36.0,,,,,,,1750018908.079
1377,ETH-254363253,1750025041426,0,0.07,0.069159,73.19,ETH-25JUL25-2700-C,2525.74,buy,1.0,1.0,,,,,,,1750025041.426
1378,ETH-254372645,1750028164496,0,0.074,0.074177,73.86,ETH-25JUL25-2700-C,2546.55,sell,1.0,1.0,,,,,,,1750028164.496
1379,ETH-254372646,1750028165160,1,0.074,0.074162,73.86,ETH-25JUL25-2700-C,2546.54,sell,1.0,1.0,,,,,,,1750028165.16
1380,ETH-254372681,1750028196754,1,0.074,0.074258,73.93,ETH-25JUL25-2700-C,2546.0,sell,1.0,1.0,,,,,,,1750028196.754
1381,ETH-254372687,1750028199872,1,0.074,0.074226,73.93,ETH-25JUL25-2700-C,2545.94,buy,1.0,1.0,,,,,,,1750028199.872
1382,ETH-254372728,1750028247584,1,0.074,0.074301,73.89,ETH-25JUL25-2700-C,2546.24,buy,1.0,1.0,,,,,,,1750028247.584
1383,ETH-254372741,1750028264320,2,0.0735,0.074243,73.54,ETH-25JUL25-2700-C,2545.91,sell,1.0,1.0,,,,,,,1750028264.32
1384,ETH-254372808,1750028289608,3,0.0735,0.074016,73.7,ETH-25JUL25-2700-C,2544.51,sell,1.0,1.0,,,,,,,1750028289.608
1385,ETH-254372852,1750028320531,3,0.0735,0.074058,73.72,ETH-25JUL25-2700-C,2544.39,sell,1.0,1.0,,,,,,,1750028320.531
1386,ETH-254372874,1750028355358,3,0.0735,0.074069,73.67,ETH-25JUL25-2700-C,2544.71,sell,1.0,1.0,,,,,,,1750028355.358
1387,ETH-254372894,1750028382852,3,0.0735,0.074038,73.69,ETH-25JUL25-2700-C,2544.57,sell,1.0,1.0,,,,,,,1750028382.852
1388,ETH-254381854,1750036092096,2,0.071,0.070747,72.47,ETH-25JUL25-2700-C,2539.13,buy,9.0,9.0,,,,,,,1750036092.096
1389,ETH-254394899,1750041441984,0,0.075,0.075578,71.47,ETH-25JUL25-2700-C,2572.49,sell,126.0,126.0,3.0,BLOCK-205478,,,,,1750041441.984
1390,ETH-254402070,1750051571048,0,0.0775,0.07707,71.64,ETH-25JUL25-2700-C,2587.99,buy,1.0,1.0,,,,,,,1750051571.048
1391,ETH-254431627,1750072332798,0,0.079,0.07938,70.1,ETH-25JUL25-2700-C,2613.02,sell,5.0,5.0,,,,,,,1750072332.798
1392,ETH-254432164,1750072770519,2,0.078,0.077958,70.26,ETH-25JUL25-2700-C,2605.99,sell,13.0,13.0,,,,,,,1750072770.519
1393,ETH-254432653,1750072993049,2,0.077,0.077365,69.98,ETH-25JUL25-2700-C,2601.88,sell,38.0,38.0,,,,,,,1750072993.049
1394,ETH-254432655,1750072993069,3,0.077,0.077365,69.98,ETH-25JUL25-2700-C,2601.88,sell,31.0,31.0,,,,,,,1750072993.069
1395,ETH-254438208,1750077933907,0,0.0805,0.079899,71.0,ETH-25JUL25-2700-C,2615.7,buy,1.0,1.0,,,,,,,1750077933.907
1396,ETH-254438209,1750077933907,1,0.0805,0.079899,71.0,ETH-25JUL25-2700-C,2615.7,buy,100.0,100.0,,,,,,,1750077933.907
1397,ETH-254438322,1750078165033,1,0.0805,0.080096,70.91,ETH-25JUL25-2700-C,2616.46,sell,50.0,50.0,,,,,,,1750078165.033
1398,ETH-254438323,1750078165048,1,0.0805,0.080096,70.91,ETH-25JUL25-2700-C,2616.46,sell,50.0,50.0,,,,,,,1750078165.048
1399,ETH-254438673,1750078443660,0,0.081,0.080842,71.0,ETH-25JUL25-2700-C,2618.6,sell,50.0,50.0,,,,,,,1750078443.66
1400,ETH-254440078,1750080457845,2,0.08,0.079947,71.04,ETH-25JUL25-2700-C,2612.63,sell,50.0,50.0,,,,,,,1750080457.845
1401,ETH-254444716,1750082021447,0,0.082,0.081964,71.01,ETH-25JUL25-2700-C,2626.16,sell,50.0,50.0,,,,,,,1750082021.447
1402,ETH-254444721,1750082023989,1,0.082,0.081991,71.01,ETH-25JUL25-2700-C,2626.18,sell,50.0,50.0,,,,,,,1750082023.989
1403,ETH-254444769,1750082030496,1,0.082,0.081897,71.09,ETH-25JUL25-2700-C,2625.61,buy,50.0,50.0,,,,,,,1750082030.496
1404,ETH-254447923,1750082782960,0,0.084,0.084058,70.95,ETH-25JUL25-2700-C,2638.18,sell,50.0,50.0,,,,,,,1750082782.96
1405,ETH-254449810,1750083447681,1,0.084,0.084109,70.88,ETH-25JUL25-2700-C,2638.69,sell,50.0,50.0,,,,,,,1750083447.681
1406,ETH-254454972,1750085099965,0,0.085,0.085004,70.79,ETH-25JUL25-2700-C,2645.69,sell,29.0,29.0,,,,,,,1750085099.965
1407,ETH-254455150,1750085160856,0,0.086,0.085581,71.11,ETH-25JUL25-2700-C,2649.16,buy,1.0,1.0,,,,,,,1750085160.856
1409,ETH-254455152,1750085160856,1,0.086,0.085581,71.11,ETH-25JUL25-2700-C,2649.16,buy,149.0,149.0,,,,,,,1750085160.856
1408,ETH-254455151,1750085160856,1,0.086,0.085581,71.11,ETH-25JUL25-2700-C,2649.16,buy,5.0,5.0,,,,,,,1750085160.856
1410,ETH-254455153,1750085160859,1,0.086,0.085581,71.11,ETH-25JUL25-2700-C,2649.16,sell,1.0,1.0,,,,,,,1750085160.859
1411,ETH-254455154,1750085160860,1,0.086,0.085581,71.11,ETH-25JUL25-2700-C,2649.16,sell,105.0,105.0,,,,,,,1750085160.86
1412,ETH-254462764,1750089487539,2,0.082,0.082137,70.52,ETH-25JUL25-2700-C,2630.11,buy,1.0,1.0,,,,,,,1750089487.539
1413,ETH-254462827,1750089512957,0,0.0825,0.08254,70.62,ETH-25JUL25-2700-C,2632.26,buy,1.0,1.0,,,,,,,1750089512.957
1414,ETH-254465662,1750092940192,0,0.083,0.083489,70.12,ETH-25JUL25-2700-C,2639.29,sell,50.0,50.0,,,,,,,1750092940.192
1415,ETH-254465663,1750092940198,1,0.083,0.083489,70.12,ETH-25JUL25-2700-C,2639.29,buy,19.0,19.0,,,,,,,1750092940.198
1416,ETH-254465664,1750092940204,1,0.083,0.083489,70.12,ETH-25JUL25-2700-C,2639.29,buy,60.0,60.0,,,,,,,1750092940.204
1417,ETH-254465665,1750092940208,1,0.083,0.083489,70.12,ETH-25JUL25-2700-C,2639.29,buy,60.0,60.0,,,,,,,1750092940.208
1418,ETH-254465666,1750092940211,1,0.083,0.083489,70.12,ETH-25JUL25-2700-C,2639.29,buy,60.0,60.0,,,,,,,1750092940.211
1419,ETH-254465669,1750092944931,1,0.083,0.083489,70.11,ETH-25JUL25-2700-C,2639.4,buy,143.0,143.0,,,,,,,1750092944.931
1420,ETH-254465670,1750092944934,1,0.083,0.083489,70.11,ETH-25JUL25-2700-C,2639.4,buy,108.0,108.0,,,,,,,1750092944.934
1421,ETH-254479182,1750103433612,0,0.085,0.085493,69.59,ETH-25JUL25-2700-C,2655.52,sell,1.0,1.0,,,,,,,1750103433.612
1422,ETH-254479545,1750103744473,1,0.085,0.085793,69.4,ETH-25JUL25-2700-C,2657.15,sell,1.0,1.0,,,,,,,1750103744.473
1423,ETH-254479596,1750103787537,1,0.085,0.08582,69.45,ETH-25JUL25-2700-C,2656.67,sell,1.0,1.0,,,,,,,1750103787.537
1424,ETH-254479640,1750103823795,2,0.0845,0.085543,69.44,ETH-25JUL25-2700-C,2653.85,sell,1.0,1.0,,,,,,,1750103823.795
1425,ETH-254479862,1750103952100,0,0.0855,0.085864,69.6,ETH-25JUL25-2700-C,2658.34,sell,1.0,1.0,,,,,,,1750103952.1
1426,ETH-254479946,1750103991249,0,0.086,0.086454,69.65,ETH-25JUL25-2700-C,2660.83,sell,1.0,1.0,,,,,,,1750103991.249
1427,ETH-254480037,1750104055038,2,0.0855,0.086186,69.48,ETH-25JUL25-2700-C,2659.24,sell,1.0,1.0,,,,,,,1750104055.038
1428,ETH-254480165,1750104134106,3,0.0855,0.08609,69.58,ETH-25JUL25-2700-C,2658.5,sell,1.0,1.0,,,,,,,1750104134.106
1429,ETH-254480221,1750104176361,3,0.0855,0.086165,69.5,ETH-25JUL25-2700-C,2659.09,sell,1.0,1.0,,,,,,,1750104176.361
1430,ETH-254480311,1750104252941,3,0.0855,0.085432,70.01,ETH-25JUL25-2700-C,2655.22,buy,1.0,1.0,,,,,,,1750104252.941
1431,ETH-254480408,1750104346029,3,0.0855,0.085909,69.69,ETH-25JUL25-2700-C,2657.63,buy,1.0,1.0,,,,,,,1750104346.029
1432,ETH-254481001,1750104517358,2,0.0845,0.08498,69.63,ETH-25JUL25-2700-C,2652.26,buy,1.0,1.0,,,,,,,1750104517.358
1433,ETH-254481444,1750104661460,2,0.084,0.083961,69.94,ETH-25JUL25-2700-C,2646.84,buy,1.0,1.0,,,,,,,1750104661.46
1434,ETH-254483073,1750105630981,0,0.0845,0.085305,69.38,ETH-25JUL25-2700-C,2654.13,sell,1.0,1.0,,,,,,,1750105630.981
1435,ETH-254483453,1750106106510,0,0.086,0.086302,69.82,ETH-25JUL25-2700-C,2659.54,buy,1.0,1.0,,,,,,,1750106106.51
1436,ETH-254483495,1750106143043,1,0.086,0.08633,69.76,ETH-25JUL25-2700-C,2659.94,buy,1.0,1.0,,,,,,,1750106143.043
1437,ETH-254484411,1750106640253,0,0.0885,0.088442,70.07,ETH-25JUL25-2700-C,2672.33,buy,3.0,3.0,,,,,,,1750106640.253
1438,ETH-254485146,1750106734856,0,0.089,0.089763,69.45,ETH-25JUL25-2700-C,2679.71,sell,1.0,1.0,,,,,,,1750106734.856
1439,ETH-254485515,1750106776346,2,0.0885,0.089109,69.6,ETH-25JUL25-2700-C,2675.9,sell,1.0,1.0,,,,,,,1750106776.346
1440,ETH-254485812,1750106845054,2,0.0875,0.088171,69.48,ETH-25JUL25-2700-C,2670.88,sell,1.0,1.0,,,,,,,1750106845.054
1441,ETH-254486097,1750106956613,3,0.0875,0.088279,69.5,ETH-25JUL25-2700-C,2670.88,sell,1.0,1.0,,,,,,,1750106956.613
1442,ETH-254486312,1750107006513,0,0.089,0.088564,70.28,ETH-25JUL25-2700-C,2673.71,buy,1.0,1.0,,,,,,,1750107006.513
1443,ETH-254486950,1750107307667,2,0.088,0.088445,69.74,ETH-25JUL25-2700-C,2672.02,sell,1.0,1.0,,,,,,,1750107307.667
1444,ETH-254487002,1750107354549,3,0.088,0.08851,69.67,ETH-25JUL25-2700-C,2672.57,sell,1.0,1.0,,,,,,,1750107354.549
1445,ETH-254487048,1750107405991,3,0.088,0.08829,69.81,ETH-25JUL25-2700-C,2671.7,buy,1.0,1.0,,,,,,,1750107405.991
1446,ETH-254487053,1750107407583,3,0.088,0.088317,69.81,ETH-25JUL25-2700-C,2671.72,buy,1.0,1.0,,,,,,,1750107407.583
1447,ETH-254487475,1750107797358,0,0.0885,0.088466,70.09,ETH-25JUL25-2700-C,2672.16,buy,1.0,1.0,,,,,,,1750107797.358
1448,ETH-254515568,1750114705251,2,0.074,0.073206,71.44,ETH-25JUL25-2700-C,2573.59,buy,1.0,1.0,,,,,,,1750114705.251
1449,ETH-254516461,1750114807457,2,0.073,0.073051,70.97,ETH-25JUL25-2700-C,2571.07,sell,1.0,1.0,,,,,,,1750114807.457
1450,ETH-254516882,1750114858300,3,0.073,0.073044,70.88,ETH-25JUL25-2700-C,2571.73,sell,1.0,1.0,,,,,,,1750114858.3
1451,ETH-254517249,1750114919709,0,0.0735,0.07375,70.93,ETH-25JUL25-2700-C,2574.4,sell,1.0,1.0,,,,,,,1750114919.709
1452,ETH-254517779,1750114949560,2,0.072,0.07243,70.79,ETH-25JUL25-2700-C,2566.12,sell,1.0,1.0,,,,,,,1750114949.56
1453,ETH-254521684,1750115790015,0,0.0775,0.076912,71.67,ETH-25JUL25-2700-C,2593.92,buy,1.0,1.0,,,,,,,1750115790.015
1454,ETH-254532688,1750118578895,2,0.069,0.06852,72.19,ETH-25JUL25-2700-C,2535.03,buy,1.0,1.0,,,,,,,1750118578.895
1455,ETH-254536065,1750119035762,0,0.0695,0.069428,71.95,ETH-25JUL25-2700-C,2540.49,buy,1.0,1.0,,,,,,,1750119035.762
1456,ETH-254538307,1750119378568,0,0.07,0.069959,71.96,ETH-25JUL25-2700-C,2543.68,buy,1.0,1.0,,,,,,,1750119378.568
1457,ETH-254556191,1750128763685,0,0.075,0.074614,71.4,ETH-25JUL25-2700-C,2580.93,buy,1.0,1.0,,,,,,,1750128763.685
1458,ETH-254558260,1750129116196,0,0.08,0.079537,71.44,ETH-25JUL25-2700-C,2611.76,buy,1.0,1.0,,,,,,,1750129116.196
1459,ETH-254563279,1750133260927,2,0.0786,0.079013,70.85,ETH-25JUL25-2700-C,2608.26,sell,1000.0,1000.0,2.0,BLOCK-205615,ETH-CDIAG-25JUL25_18JUN25-2700_2625,,,,1750133260.927
1460,ETH-254563404,1750133415384,2,0.0783,0.078744,70.81,ETH-25JUL25-2700-C,2607.04,sell,500.0,500.0,2.0,BLOCK-205618,ETH-CDIAG-25JUL25_18JUN25-2700_2625,,,,1750133415.384
1461,ETH-254564855,1750134584101,2,0.077,0.076961,71.12,ETH-25JUL25-2700-C,2596.71,sell,1.0,1.0,,,,,,,1750134584.101
1462,ETH-254575732,1750145377490,2,0.0726,0.072884,70.7,ETH-25JUL25-2700-C,2573.08,sell,250.0,250.0,2.0,BLOCK-205648,ETH-CDIAG-25JUL25_27JUN25-2700_2800,,,,1750145377.49
1463,ETH-254598551,1750164980191,2,0.068,0.068312,70.47,ETH-25JUL25-2700-C,2547.32,sell,15.0,15.0,,,,,,,1750164980.191
1464,ETH-254626446,1750174351718,2,0.0605,0.060544,70.95,ETH-25JUL25-2700-C,2493.46,buy,1.0,1.0,,,,,,,1750174351.718
1465,ETH-254637404,1750177849366,2,0.059,0.059739,70.63,ETH-25JUL25-2700-C,2486.19,sell,8.0,8.0,,,,,,,1750177849.366
1466,ETH-254637415,1750177849388,3,0.059,0.059739,70.63,ETH-25JUL25-2700-C,2486.19,sell,7.0,7.0,,,,,,,1750177849.388
1467,ETH-254676625,1750193894664,0,0.063,0.06325,71.31,ETH-25JUL25-2700-C,2509.01,sell,1.0,1.0,,,,,,,1750193894.664
1468,ETH-254678005,1750195469212,1,0.063,0.063267,71.27,ETH-25JUL25-2700-C,2509.66,buy,1.0,1.0,,,,,,,1750195469.212
1469,ETH-254683668,1750203214269,0,0.0635,0.063994,70.93,ETH-25JUL25-2700-C,2516.49,sell,2.0,2.0,,,,,,,1750203214.269
1470,ETH-254695151,1750219367051,0,0.0645,0.064363,70.84,ETH-25JUL25-2700-C,2526.23,sell,1.0,1.0,,,,,,,1750219367.051
1471,ETH-254695163,1750219386835,1,0.0645,0.064347,70.85,ETH-25JUL25-2700-C,2526.14,sell,1.0,1.0,,,,,,,1750219386.835
1472,ETH-254695997,1750220992854,0,0.065,0.0648,70.82,ETH-25JUL25-2700-C,2529.75,buy,1.0,1.0,,,,,,,1750220992.854
1473,ETH-254697863,1750222805578,0,0.066,0.065913,70.67,ETH-25JUL25-2700-C,2537.45,buy,1.0,1.0,,,,,,,1750222805.578
1474,ETH-254697902,1750222850013,1,0.066,0.065715,70.8,ETH-25JUL25-2700-C,2536.44,buy,1.0,1.0,,,,,,,1750222850.013
1475,ETH-254699720,1750226451755,1,0.066,0.065759,70.63,ETH-25JUL25-2700-C,2537.91,buy,1.0,1.0,,,,,,,1750226451.755
1477,ETH-254701624,1750229995280,3,0.064,0.063735,70.59,ETH-25JUL25-2700-C,2525.12,buy,1.0,1.0,,,,,,,1750229995.28
1476,ETH-254701623,1750229995280,2,0.064,0.063735,70.59,ETH-25JUL25-2700-C,2525.12,buy,1.0,1.0,,,,,,,1750229995.28
1478,ETH-254701625,1750229995281,3,0.064,0.063735,70.59,ETH-25JUL25-2700-C,2525.12,sell,53.0,53.0,,,,,,,1750229995.281
1479,ETH-254704487,1750233655204,0,0.065,0.064853,70.41,ETH-25JUL25-2700-C,2534.48,sell,1.0,1.0,,,,,,,1750233655.204
1480,ETH-254713151,1750241904096,2,0.0635,0.063529,70.07,ETH-25JUL25-2700-C,2528.07,buy,2.0,2.0,,,,,,,1750241904.096
1481,ETH-254714253,1750242737558,2,0.062,0.061936,70.27,ETH-25JUL25-2700-C,2516.55,buy,1.0,1.0,,,,,,,1750242737.558
1482,ETH-254734955,1750254475982,2,0.0585,0.0579,71.6,ETH-25JUL25-2700-C,2481.81,buy,1.0,1.0,,,,,,,1750254475.982
1483,ETH-254734994,1750254489143,0,0.059,0.058116,71.97,ETH-25JUL25-2700-C,2481.93,buy,70.0,70.0,,,,,,,1750254489.143
1484,ETH-254735218,1750254609173,0,0.0595,0.058927,72.29,ETH-25JUL25-2700-C,2482.58,buy,200.0,200.0,,,,,,,1750254609.173
1485,ETH-254735330,1750254685072,0,0.06,0.05954,72.26,ETH-25JUL25-2700-C,2485.95,buy,25.0,25.0,,,,,,,1750254685.072
1486,ETH-254735331,1750254685078,1,0.06,0.05954,72.26,ETH-25JUL25-2700-C,2485.95,sell,84.0,84.0,,,,,,,1750254685.078
1487,ETH-254735338,1750254685088,1,0.06,0.05954,72.26,ETH-25JUL25-2700-C,2485.95,sell,10.0,10.0,,,,,,,1750254685.088
1488,ETH-254735339,1750254685095,1,0.06,0.05954,72.26,ETH-25JUL25-2700-C,2485.95,sell,60.0,60.0,,,,,,,1750254685.095
1489,ETH-254735340,1750254685100,1,0.06,0.05954,72.26,ETH-25JUL25-2700-C,2485.95,sell,43.0,43.0,,,,,,,1750254685.1
1490,ETH-254735356,1750254694929,1,0.06,0.059447,72.36,ETH-25JUL25-2700-C,2485.21,sell,26.0,26.0,,,,,,,1750254694.929
1491,ETH-254735357,1750254694940,1,0.06,0.059447,72.36,ETH-25JUL25-2700-C,2485.21,sell,60.0,60.0,,,,,,,1750254694.94
1492,ETH-254735358,1750254694949,1,0.06,0.059447,72.36,ETH-25JUL25-2700-C,2485.21,sell,60.0,60.0,,,,,,,1750254694.949
1493,ETH-254735359,1750254694952,1,0.06,0.059447,72.36,ETH-25JUL25-2700-C,2485.21,sell,60.0,60.0,,,,,,,1750254694.952
1494,ETH-254735360,1750254694953,1,0.06,0.059447,72.36,ETH-25JUL25-2700-C,2485.21,sell,16.0,16.0,,,,,,,1750254694.953
1495,ETH-254737945,1750255479421,0,0.064,0.064291,71.88,ETH-25JUL25-2700-C,2517.27,sell,15.0,15.0,,,,,,,1750255479.421
1496,ETH-254738527,1750255512783,0,0.0645,0.065179,71.65,ETH-25JUL25-2700-C,2522.64,sell,15.0,15.0,,,,,,,1750255512.783
1497,ETH-254739424,1750255571258,1,0.0645,0.065118,71.58,ETH-25JUL25-2700-C,2523.63,sell,1.0,1.0,,,,,,,1750255571.258
1498,ETH-254739425,1750255571258,1,0.0645,0.065118,71.58,ETH-25JUL25-2700-C,2523.63,sell,15.0,15.0,,,,,,,1750255571.258
1499,ETH-254742216,1750256151873,0,0.066,0.065958,71.86,ETH-25JUL25-2700-C,2530.95,sell,55.0,55.0,,,,,,,1750256151.873
1500,ETH-254742223,1750256153339,1,0.066,0.06594,71.88,ETH-25JUL25-2700-C,2530.81,sell,167.0,167.0,,,,,,,1750256153.339
1501,ETH-254745487,1750256807112,0,0.0665,0.066569,71.63,ETH-25JUL25-2700-C,2535.89,buy,1.0,1.0,,,,,,,1750256807.112
1502,ETH-254761284,1750264548404,2,0.0615,0.061481,71.63,ETH-25JUL25-2700-C,2502.3,buy,250.0,250.0,,,,,,,1750264548.404
1503,ETH-254764813,1750267761834,2,0.0585,0.05862,71.48,ETH-25JUL25-2700-C,2483.62,sell,1.0,1.0,,,,,,,1750267761.834
1504,ETH-254766993,1750268634178,0,0.059,0.059514,71.0,ETH-25JUL25-2700-C,2490.93,sell,17.0,17.0,,,,,,,1750268634.178
1505,ETH-254767250,1750268782174,2,0.0589,0.059063,71.38,ETH-25JUL25-2700-C,2487.14,sell,1000.0,1000.0,2.0,BLOCK-205915,ETH-CDIAG-25JUL25_27JUN25-2700_2500,,,,1750268782.174
1506,ETH-254767586,1750268970868,3,0.0589,0.059183,71.35,ETH-25JUL25-2700-C,2487.47,sell,1000.0,1000.0,2.0,BLOCK-205916,ETH-CDIAG-25JUL25_27JUN25-2700_2500,,,,1750268970.868
1507,ETH-254767657,1750269016305,2,0.0588,0.05912,71.33,ETH-25JUL25-2700-C,2486.81,sell,1000.0,1000.0,2.0,BLOCK-205917,ETH-CDIAG-25JUL25_27JUN25-2700_2500,,,,1750269016.305
1508,ETH-254772091,1750269898870,0,0.059,0.059476,71.36,ETH-25JUL25-2700-C,2489.21,sell,1.0,1.0,,,,,,,1750269898.87
1509,ETH-254773421,1750270120299,0,0.0595,0.059687,71.4,ETH-25JUL25-2700-C,2492.36,sell,1.0,1.0,,,,,,,1750270120.299
1510,ETH-254774862,1750270505412,1,0.0595,0.059944,71.4,ETH-25JUL25-2700-C,2492.28,sell,1.0,1.0,,,,,,,1750270505.412
1511,ETH-254779139,1750273024899,2,0.057,0.056868,71.34,ETH-25JUL25-2700-C,2475.61,sell,1.0,1.0,,,,,,,1750273024.899
1512,ETH-254779191,1750273029005,0,0.0575,0.057378,71.47,ETH-25JUL25-2700-C,2477.85,sell,1.0,1.0,,,,,,,1750273029.005
1513,ETH-254779232,1750273046546,2,0.057,0.057126,71.3,ETH-25JUL25-2700-C,2475.79,sell,1.0,1.0,,,,,,,1750273046.546
1514,ETH-254779245,1750273053210,3,0.057,0.057274,71.13,ETH-25JUL25-2700-C,2477.26,sell,1.0,1.0,,,,,,,1750273053.21
1515,ETH-254779314,1750273068503,3,0.057,0.057329,71.16,ETH-25JUL25-2700-C,2476.94,sell,1.0,1.0,,,,,,,1750273068.503
1516,ETH-254779443,1750273106069,3,0.057,0.057128,71.39,ETH-25JUL25-2700-C,2475.04,buy,1.0,1.0,,,,,,,1750273106.069
1517,ETH-254779459,1750273116596,3,0.057,0.057249,71.19,ETH-25JUL25-2700-C,2476.73,sell,1.0,1.0,,,,,,,1750273116.596
1518,ETH-254780365,1750273387522,0,0.0585,0.058761,71.25,ETH-25JUL25-2700-C,2486.81,buy,1.0,1.0,,,,,,,1750273387.522
1519,ETH-254780732,1750273609191,0,0.059,0.059099,71.4,ETH-25JUL25-2700-C,2489.17,sell,1.0,1.0,,,,,,,1750273609.191
1520,ETH-254783549,1750274355415,0,0.0605,0.060564,71.33,ETH-25JUL25-2700-C,2500.27,sell,1.0,1.0,,,,,,,1750274355.415
1521,ETH-254810909,1750297620087,0,0.0615,0.061751,70.54,ETH-25JUL25-2700-C,2517.2,buy,130.0,130.0,,,,,,,1750297620.087
1522,ETH-254822089,1750320656730,2,0.061,0.061275,69.12,ETH-25JUL25-2700-C,2527.46,buy,1.0,1.0,,,,,,,1750320656.73
1523,ETH-254823431,1750321923230,3,0.061,0.060882,69.35,ETH-25JUL25-2700-C,2525.86,sell,1.0,1.0,,,,,,,1750321923.23
1525,ETH-254825565,1750324260383,3,0.06,0.060251,68.8,ETH-25JUL25-2700-C,2524.04,sell,1.0,1.0,,,,,,,1750324260.383
1524,ETH-254825564,1750324260383,2,0.06,0.060251,68.8,ETH-25JUL25-2700-C,2524.04,sell,1.0,1.0,,,,,,,1750324260.383
1526,ETH-254833580,1750334288993,0,0.0605,0.060892,68.16,ETH-25JUL25-2700-C,2533.1,sell,1.0,1.0,,,,,,,1750334288.993
1527,ETH-254841446,1750344302995,2,0.057,0.057255,68.41,ETH-25JUL25-2700-C,2508.54,sell,1.0,1.0,,,,,,,1750344302.995
1528,ETH-254857068,1750360094468,2,0.056,0.055793,68.84,ETH-25JUL25-2700-C,2499.74,sell,10.0,10.0,,,,,,,1750360094.468
1529,ETH-254875044,1750393157896,0,0.0578,0.057542,68.42,ETH-25JUL25-2700-C,2518.68,buy,200.0,200.0,2.0,BLOCK-206140,,,,6619.0,1750393157.896
1530,ETH-254879007,1750398094715,2,0.056,0.056345,67.72,ETH-25JUL25-2700-C,2512.33,buy,2.0,2.0,,,,,,,1750398094.715
1531,ETH-254879008,1750398094820,3,0.056,0.056345,67.72,ETH-25JUL25-2700-C,2512.33,buy,1.0,1.0,,,,,,,1750398094.82
1532,ETH-254892377,1750406764088,0,0.063,0.062942,67.71,ETH-25JUL25-2700-C,2560.21,sell,50.0,50.0,,,,,,,1750406764.088
1537,ETH-254895627,1750407988222,1,0.064,0.063244,68.44,ETH-25JUL25-2700-C,2562.18,buy,200.0,200.0,,,,,,,1750407988.222
1534,ETH-254895624,1750407988222,1,0.064,0.063244,68.44,ETH-25JUL25-2700-C,2562.18,buy,92.0,92.0,,,,,,,1750407988.222
1535,ETH-254895625,1750407988222,1,0.064,0.063244,68.44,ETH-25JUL25-2700-C,2562.18,buy,235.0,235.0,,,,,,,1750407988.222
1536,ETH-254895626,1750407988222,1,0.064,0.063244,68.44,ETH-25JUL25-2700-C,2562.18,buy,36.0,36.0,,,,,,,1750407988.222
1538,ETH-254895628,1750407988222,1,0.064,0.063244,68.44,ETH-25JUL25-2700-C,2562.18,buy,436.0,436.0,,,,,,,1750407988.222
1533,ETH-254895623,1750407988222,0,0.064,0.063244,68.44,ETH-25JUL25-2700-C,2562.18,buy,1.0,1.0,,,,,,,1750407988.222
1539,ETH-254898810,1750409755781,2,0.063,0.062375,68.6,ETH-25JUL25-2700-C,2554.32,buy,2.0,2.0,,,,,,,1750409755.781
1540,ETH-254899195,1750410051108,2,0.0625,0.062348,68.17,ETH-25JUL25-2700-C,2554.81,buy,1.0,1.0,,,,,,,1750410051.108
1541,ETH-254899698,1750410480046,2,0.061,0.061226,67.9,ETH-25JUL25-2700-C,2547.16,sell,250.0,250.0,,,,,,,1750410480.046
1542,ETH-254900799,1750411279586,3,0.061,0.061071,67.6,ETH-25JUL25-2700-C,2549.9,sell,235.0,235.0,,,,,,,1750411279.586
1543,ETH-254900800,1750411279591,3,0.061,0.061071,67.6,ETH-25JUL25-2700-C,2549.9,sell,1.0,1.0,,,,,,,1750411279.591
1544,ETH-254900801,1750411279606,3,0.061,0.061071,67.6,ETH-25JUL25-2700-C,2549.9,sell,1.0,1.0,,,,,,,1750411279.606
1546,ETH-254900883,1750411369645,1,0.0615,0.06126,67.89,ETH-25JUL25-2700-C,2550.84,buy,50.0,50.0,,,,,,,1750411369.645
1545,ETH-254900882,1750411369645,0,0.0615,0.06126,67.89,ETH-25JUL25-2700-C,2550.84,buy,1.0,1.0,,,,,,,1750411369.645
1547,ETH-254900884,1750411369648,1,0.0615,0.06126,67.89,ETH-25JUL25-2700-C,2550.84,sell,235.0,235.0,,,,,,,1750411369.648
1548,ETH-254900885,1750411369649,1,0.0615,0.06126,67.89,ETH-25JUL25-2700-C,2550.84,sell,77.0,77.0,,,,,,,1750411369.649
1549,ETH-254900998,1750411466076,1,0.0615,0.061335,67.83,ETH-25JUL25-2700-C,2550.81,sell,100.0,100.0,,,,,,,1750411466.076
1550,ETH-254902423,1750413007682,2,0.06,0.060969,66.67,ETH-25JUL25-2700-C,2551.16,sell,2.0,2.0,,,,,,,1750413007.682
1552,ETH-254912296,1750422114815,3,0.0595,0.06012,66.45,ETH-25JUL25-2700-C,2551.38,sell,1.0,1.0,,,,,,,1750422114.815
1551,ETH-254912295,1750422114815,2,0.0595,0.06012,66.45,ETH-25JUL25-2700-C,2551.38,sell,1.0,1.0,,,,,,,1750422114.815
1553,ETH-254922509,1750429429849,2,0.057,0.057316,67.23,ETH-25JUL25-2700-C,2528.67,sell,1.0,1.0,,,,,,,1750429429.849
1554,ETH-254929173,1750431361073,2,0.0525,0.052447,67.55,ETH-25JUL25-2700-C,2493.85,sell,1.0,1.0,,,,,,,1750431361.073
1555,ETH-254930151,1750431619725,2,0.052,0.051844,67.63,ETH-25JUL25-2700-C,2489.72,sell,10.0,10.0,,,,,,,1750431619.725
1556,ETH-254931019,1750431921045,3,0.052,0.052595,66.96,ETH-25JUL25-2700-C,2495.22,sell,3.0,3.0,,,,,,,1750431921.045
1557,ETH-254932380,1750433158921,0,0.053,0.052929,67.26,ETH-25JUL25-2700-C,2499.87,buy,1.0,1.0,,,,,,,1750433158.921
1558,ETH-254934866,1750435025454,2,0.051,0.05187,66.2,ETH-25JUL25-2700-C,2495.02,sell,1.0,1.0,,,,,,,1750435025.454
1559,ETH-254942766,1750440001007,2,0.0485,0.048405,67.54,ETH-25JUL25-2700-C,2465.18,sell,10.0,10.0,,,,,,,1750440001.007
1560,ETH-254943589,1750440046691,2,0.0465,0.047315,66.94,ETH-25JUL25-2700-C,2455.71,sell,1.0,1.0,,,,,,,1750440046.691
1561,ETH-254944474,1750440051976,2,0.045,0.045302,67.33,ETH-25JUL25-2700-C,2441.36,sell,10.0,10.0,,,,,,,1750440051.976
1562,ETH-254951244,1750440710772,2,0.0425,0.043047,68.06,ETH-25JUL25-2700-C,2413.08,sell,1.0,1.0,,,,,,,1750440710.772
1563,ETH-254951327,1750440726762,2,0.042,0.042798,67.85,ETH-25JUL25-2700-C,2411.08,sell,1.0,1.0,,,,,,,1750440726.762
1564,ETH-254952330,1750440834987,2,0.0415,0.041475,68.77,ETH-25JUL25-2700-C,2398.89,sell,1.0,1.0,,,,,,,1750440834.987
1565,ETH-254953051,1750440915996,0,0.042,0.041371,69.28,ETH-25JUL25-2700-C,2398.35,buy,1.0,1.0,,,,,,,1750440915.996
1566,ETH-254953362,1750440956114,2,0.0415,0.041351,69.23,ETH-25JUL25-2700-C,2394.99,sell,9.0,9.0,,,,,,,1750440956.114
1567,ETH-254953363,1750440956114,3,0.0415,0.041351,69.23,ETH-25JUL25-2700-C,2394.99,sell,10.0,10.0,,,,,,,1750440956.114
1568,ETH-254953364,1750440956114,3,0.0415,0.041351,69.23,ETH-25JUL25-2700-C,2394.99,sell,10.0,10.0,,,,,,,1750440956.114
1569,ETH-254953874,1750441010754,3,0.0415,0.041228,69.18,ETH-25JUL25-2700-C,2395.43,sell,1.0,1.0,,,,,,,1750441010.754
1570,ETH-254957779,1750441264232,2,0.041,0.040113,70.03,ETH-25JUL25-2700-C,2382.93,buy,1.0,1.0,,,,,,,1750441264.232
1571,ETH-254962167,1750442016273,0,0.0435,0.043127,69.5,ETH-25JUL25-2700-C,2408.42,buy,1.0,1.0,,,,,,,1750442016.273
1572,ETH-254967461,1750443241702,0,0.0455,0.045247,69.37,ETH-25JUL25-2700-C,2425.12,buy,1.0,1.0,,,,,,,1750443241.702
1573,ETH-254968428,1750443622897,1,0.0455,0.04583,68.87,ETH-25JUL25-2700-C,2430.0,sell,1.0,1.0,,,,,,,1750443622.897
1574,ETH-254969557,1750444017276,2,0.045,0.044667,69.52,ETH-25JUL25-2700-C,2420.0,buy,1.0,1.0,,,,,,,1750444017.276
1576,ETH-254978952,1750449857103,3,0.0445,0.044473,68.94,ETH-25JUL25-2700-C,2422.28,buy,10.0,10.0,,,,,,,1750449857.103
1575,ETH-254978951,1750449857103,2,0.0445,0.044473,68.94,ETH-25JUL25-2700-C,2422.28,buy,21.0,21.0,,,,,,,1750449857.103
1577,ETH-254978991,1750449885643,3,0.0445,0.044491,68.92,ETH-25JUL25-2700-C,2422.47,buy,5.0,5.0,,,,,,,1750449885.643
1578,ETH-254991569,1750460380050,2,0.04,0.0404,68.51,ETH-25JUL25-2700-C,2391.01,sell,1.0,1.0,,,,,,,1750460380.05
1579,ETH-254996697,1750468056554,0,0.042,0.042838,67.91,ETH-25JUL25-2700-C,2413.74,sell,1.0,1.0,,,,,,,1750468056.554
1580,ETH-254997056,1750469211939,0,0.043,0.04323,68.37,ETH-25JUL25-2700-C,2417.84,buy,1.0,1.0,,,,,,,1750469211.939
1581,ETH-255002521,1750481646567,1,0.043,0.042742,68.08,ETH-25JUL25-2700-C,2421.26,buy,1.0,1.0,,,,,,,1750481646.567
1582,ETH-255002969,1750483133066,2,0.0425,0.042989,67.44,ETH-25JUL25-2700-C,2423.29,sell,1.0,1.0,,,,,,,1750483133.066
1583,ETH-255003717,1750485402797,0,0.0435,0.043111,68.28,ETH-25JUL25-2700-C,2424.29,buy,2.0,2.0,,,,,,,1750485402.797
1584,ETH-255010659,1750496319544,0,0.045,0.044802,68.1,ETH-25JUL25-2700-C,2439.48,buy,4.0,4.0,,,,,,,1750496319.544
1585,ETH-255010660,1750496319555,1,0.045,0.044802,68.1,ETH-25JUL25-2700-C,2439.48,buy,4.0,4.0,,,,,,,1750496319.555
1586,ETH-255016049,1750501936605,2,0.0445,0.045313,67.39,ETH-25JUL25-2700-C,2443.11,sell,10.0,10.0,,,,,,,1750501936.605
1587,ETH-255018121,1750505520879,0,0.045,0.045554,67.83,ETH-25JUL25-2700-C,2443.52,sell,1.0,1.0,,,,,,,1750505520.879
1588,ETH-255033264,1750525736873,2,0.042,0.042307,67.89,ETH-25JUL25-2700-C,2420.71,buy,10.0,10.0,,,,,,,1750525736.873
1589,ETH-255048250,1750539216561,2,0.0415,0.041177,69.88,ETH-25JUL25-2700-C,2399.61,buy,1.0,1.0,,,,,,,1750539216.561
1590,ETH-255050984,1750541088881,2,0.036,0.036356,69.61,ETH-25JUL25-2700-C,2357.04,sell,1.0,1.0,,,,,,,1750541088.881
1591,ETH-255051140,1750541090661,2,0.035,0.035601,69.76,ETH-25JUL25-2700-C,2347.19,sell,1.0,1.0,,,,,,,1750541090.661
1592,ETH-255051299,1750541092539,2,0.034,0.034145,70.23,ETH-25JUL25-2700-C,2334.0,buy,1.0,1.0,,,,,,,1750541092.539
1593,ETH-255059337,1750541436443,0,0.036,0.03548,71.84,ETH-25JUL25-2700-C,2335.28,buy,1.0,1.0,,,,,,,1750541436.443
1594,ETH-255061002,1750541504212,2,0.0305,0.030916,72.46,ETH-25JUL25-2700-C,2278.52,sell,20.0,20.0,,,,,,,1750541504.212
1595,ETH-255061003,1750541504212,3,0.0305,0.030916,72.46,ETH-25JUL25-2700-C,2278.52,sell,20.0,20.0,,,,,,,1750541504.212
1596,ETH-255067853,1750541608791,0,0.0335,0.032467,75.71,ETH-25JUL25-2700-C,2274.41,sell,1.0,1.0,,,,,,,1750541608.791
1597,ETH-255070263,1750541690383,0,0.035,0.033467,76.08,ETH-25JUL25-2700-C,2286.63,buy,1.0,1.0,,,,,,,1750541690.383
1598,ETH-255079557,1750542503317,2,0.034,0.034138,74.53,ETH-25JUL25-2700-C,2291.06,buy,2.0,2.0,,,,,,,1750542503.317
1599,ETH-255092187,1750546728648,2,0.0325,0.032193,73.44,ETH-25JUL25-2700-C,2286.84,buy,1.0,1.0,,,,,,,1750546728.648
1600,ETH-255092268,1750546809848,3,0.0325,0.03224,73.38,ETH-25JUL25-2700-C,2287.44,sell,1.0,1.0,,,,,,,1750546809.848
1601,ETH-255093838,1750547871184,2,0.0305,0.030453,72.88,ETH-25JUL25-2700-C,2273.08,sell,1.0,1.0,,,,,,,1750547871.184
1602,ETH-255105466,1750549614962,2,0.0285,0.028194,74.35,ETH-25JUL25-2700-C,2237.85,sell,1.0,1.0,,,,,,,1750549614.962
1603,ETH-255108133,1750549797163,0,0.033,0.033118,73.68,ETH-25JUL25-2700-C,2288.38,sell,1.0,1.0,,,,,,,1750549797.163
1604,ETH-255130739,1750552993938,0,0.0335,0.034125,72.62,ETH-25JUL25-2700-C,2305.54,buy,1.0,1.0,,,,,,,1750552993.938
1605,ETH-255138729,1750556229873,2,0.03,0.030228,72.35,ETH-25JUL25-2700-C,2274.69,sell,10.0,10.0,,,,,,,1750556229.873
1606,ETH-255138752,1750556240419,3,0.03,0.030204,72.33,ETH-25JUL25-2700-C,2274.85,sell,10.0,10.0,,,,,,,1750556240.419
1607,ETH-255138940,1750556303820,2,0.0295,0.029755,72.31,ETH-25JUL25-2700-C,2270.02,sell,10.0,10.0,,,,,,,1750556303.82
1608,ETH-255139231,1750556421620,3,0.0295,0.029684,72.15,ETH-25JUL25-2700-C,2271.65,sell,10.0,10.0,,,,,,,1750556421.62
1609,ETH-255139239,1750556431977,3,0.0295,0.029705,72.08,ETH-25JUL25-2700-C,2272.36,sell,10.0,10.0,,,,,,,1750556431.977
1610,ETH-255139405,1750556525930,0,0.03,0.030039,72.25,ETH-25JUL25-2700-C,2275.66,buy,1.0,1.0,,,,,,,1750556525.93
1614,ETH-255139410,1750556528145,1,0.03,0.03008,72.22,ETH-25JUL25-2700-C,2275.96,buy,8.0,8.0,,,,,,,1750556528.145
1616,ETH-255139412,1750556528145,1,0.03,0.03008,72.22,ETH-25JUL25-2700-C,2275.96,buy,10.0,10.0,,,,,,,1750556528.145
1615,ETH-255139411,1750556528145,1,0.03,0.03008,72.22,ETH-25JUL25-2700-C,2275.96,buy,4.0,4.0,,,,,,,1750556528.145
1618,ETH-255139414,1750556528145,1,0.03,0.03008,72.22,ETH-25JUL25-2700-C,2275.96,buy,10.0,10.0,,,,,,,1750556528.145
1613,ETH-255139409,1750556528145,1,0.03,0.03008,72.22,ETH-25JUL25-2700-C,2275.96,buy,10.0,10.0,,,,,,,1750556528.145
1612,ETH-255139408,1750556528145,1,0.03,0.03008,72.22,ETH-25JUL25-2700-C,2275.96,buy,10.0,10.0,,,,,,,1750556528.145
1611,ETH-255139407,1750556528145,1,0.03,0.03008,72.22,ETH-25JUL25-2700-C,2275.96,buy,9.0,9.0,,,,,,,1750556528.145
1617,ETH-255139413,1750556528145,1,0.03,0.03008,72.22,ETH-25JUL25-2700-C,2275.96,buy,10.0,10.0,,,,,,,1750556528.145
1622,ETH-255139544,1750556585785,1,0.03,0.029969,72.26,ETH-25JUL25-2700-C,2275.62,buy,4.0,4.0,,,,,,,1750556585.785
1621,ETH-255139543,1750556585785,1,0.03,0.029969,72.26,ETH-25JUL25-2700-C,2275.62,buy,10.0,10.0,,,,,,,1750556585.785
1619,ETH-255139541,1750556585785,1,0.03,0.029969,72.26,ETH-25JUL25-2700-C,2275.62,buy,10.0,10.0,,,,,,,1750556585.785
1620,ETH-255139542,1750556585785,1,0.03,0.029969,72.26,ETH-25JUL25-2700-C,2275.62,buy,8.0,8.0,,,,,,,1750556585.785
1623,ETH-255139636,1750556621305,1,0.03,0.030224,71.94,ETH-25JUL25-2700-C,2278.68,sell,10.0,10.0,,,,,,,1750556621.305
1624,ETH-255139924,1750556809467,2,0.0295,0.029628,72.21,ETH-25JUL25-2700-C,2271.22,buy,10.0,10.0,,,,,,,1750556809.467
1625,ETH-255139932,1750556819997,3,0.0295,0.029728,72.1,ETH-25JUL25-2700-C,2272.27,sell,10.0,10.0,,,,,,,1750556819.997
1626,ETH-255140833,1750557221836,0,0.0305,0.030505,71.99,ETH-25JUL25-2700-C,2283.11,buy,1.0,1.0,,,,,,,1750557221.836
1629,ETH-255141887,1750557823059,3,0.03,0.030043,72.14,ETH-25JUL25-2700-C,2276.72,buy,10.0,10.0,,,,,,,1750557823.059
1628,ETH-255141886,1750557823059,3,0.03,0.030043,72.14,ETH-25JUL25-2700-C,2276.72,buy,10.0,10.0,,,,,,,1750557823.059
1630,ETH-255141888,1750557823059,3,0.03,0.030043,72.14,ETH-25JUL25-2700-C,2276.72,buy,1.0,1.0,,,,,,,1750557823.059
1627,ETH-255141885,1750557823059,2,0.03,0.030043,72.14,ETH-25JUL25-2700-C,2276.72,buy,10.0,10.0,,,,,,,1750557823.059
1631,ETH-255141919,1750557828099,3,0.03,0.030145,71.99,ETH-25JUL25-2700-C,2278.24,buy,1.0,1.0,,,,,,,1750557828.099
1634,ETH-255141925,1750557829168,3,0.03,0.030183,71.94,ETH-25JUL25-2700-C,2278.76,buy,4.0,4.0,,,,,,,1750557829.168
1632,ETH-255141923,1750557829168,3,0.03,0.030183,71.94,ETH-25JUL25-2700-C,2278.76,buy,8.0,8.0,,,,,,,1750557829.168
1635,ETH-255141926,1750557829168,3,0.03,0.030183,71.94,ETH-25JUL25-2700-C,2278.76,buy,9.0,9.0,,,,,,,1750557829.168
1633,ETH-255141924,1750557829168,3,0.03,0.030183,71.94,ETH-25JUL25-2700-C,2278.76,buy,8.0,8.0,,,,,,,1750557829.168
1642,ETH-255143610,1750558313671,3,0.029,0.029017,72.22,ETH-25JUL25-2700-C,2266.09,buy,10.0,10.0,,,,,,,1750558313.671
1637,ETH-255143605,1750558313671,3,0.029,0.029017,72.22,ETH-25JUL25-2700-C,2266.09,buy,10.0,10.0,,,,,,,1750558313.671
1638,ETH-255143606,1750558313671,3,0.029,0.029017,72.22,ETH-25JUL25-2700-C,2266.09,buy,10.0,10.0,,,,,,,1750558313.671
1641,ETH-255143609,1750558313671,3,0.029,0.029017,72.22,ETH-25JUL25-2700-C,2266.09,buy,10.0,10.0,,,,,,,1750558313.671
1636,ETH-255143604,1750558313671,2,0.029,0.029017,72.22,ETH-25JUL25-2700-C,2266.09,buy,4.0,4.0,,,,,,,1750558313.671
1640,ETH-255143608,1750558313671,3,0.029,0.029017,72.22,ETH-25JUL25-2700-C,2266.09,buy,8.0,8.0,,,,,,,1750558313.671
1639,ETH-255143607,1750558313671,3,0.029,0.029017,72.22,ETH-25JUL25-2700-C,2266.09,buy,10.0,10.0,,,,,,,1750558313.671
1648,ETH-255145911,1750559087127,3,0.029,0.029122,72.1,ETH-25JUL25-2700-C,2266.87,buy,10.0,10.0,,,,,,,1750559087.127
1645,ETH-255145908,1750559087127,3,0.029,0.029122,72.1,ETH-25JUL25-2700-C,2266.87,buy,10.0,10.0,,,,,,,1750559087.127
1643,ETH-255145906,1750559087127,3,0.029,0.029122,72.1,ETH-25JUL25-2700-C,2266.87,buy,8.0,8.0,,,,,,,1750559087.127
1646,ETH-255145909,1750559087127,3,0.029,0.029122,72.1,ETH-25JUL25-2700-C,2266.87,buy,10.0,10.0,,,,,,,1750559087.127
1647,ETH-255145910,1750559087127,3,0.029,0.029122,72.1,ETH-25JUL25-2700-C,2266.87,buy,10.0,10.0,,,,,,,1750559087.127
1649,ETH-255145912,1750559087127,3,0.029,0.029122,72.1,ETH-25JUL25-2700-C,2266.87,buy,4.0,4.0,,,,,,,1750559087.127
1644,ETH-255145907,1750559087127,3,0.029,0.029122,72.1,ETH-25JUL25-2700-C,2266.87,buy,10.0,10.0,,,,,,,1750559087.127
1650,ETH-255148367,1750560006832,2,0.028,0.028026,72.23,ETH-25JUL25-2700-C,2255.4,sell,1.0,1.0,,,,,,,1750560006.832
1654,ETH-255149719,1750560248653,1,0.0285,0.028415,72.14,ETH-25JUL25-2700-C,2261.46,buy,10.0,10.0,,,,,,,1750560248.653
1653,ETH-255149718,1750560248653,1,0.0285,0.028415,72.14,ETH-25JUL25-2700-C,2261.46,buy,10.0,10.0,,,,,,,1750560248.653
1655,ETH-255149720,1750560248653,1,0.0285,0.028415,72.14,ETH-25JUL25-2700-C,2261.46,buy,10.0,10.0,,,,,,,1750560248.653
1656,ETH-255149721,1750560248653,1,0.0285,0.028415,72.14,ETH-25JUL25-2700-C,2261.46,buy,10.0,10.0,,,,,,,1750560248.653
1652,ETH-255149717,1750560248653,1,0.0285,0.028415,72.14,ETH-25JUL25-2700-C,2261.46,buy,8.0,8.0,,,,,,,1750560248.653
1651,ETH-255149716,1750560248653,0,0.0285,0.028415,72.14,ETH-25JUL25-2700-C,2261.46,buy,10.0,10.0,,,,,,,1750560248.653
1657,ETH-255155053,1750563102070,1,0.0285,0.028537,71.97,ETH-25JUL25-2700-C,2263.19,buy,1.0,1.0,,,,,,,1750563102.07
1660,ETH-255155071,1750563125622,1,0.0285,0.028386,72.03,ETH-25JUL25-2700-C,2262.63,buy,10.0,10.0,,,,,,,1750563125.622
1661,ETH-255155072,1750563125622,1,0.0285,0.028386,72.03,ETH-25JUL25-2700-C,2262.63,buy,10.0,10.0,,,,,,,1750563125.622
1659,ETH-255155070,1750563125622,1,0.0285,0.028386,72.03,ETH-25JUL25-2700-C,2262.63,buy,10.0,10.0,,,,,,,1750563125.622
1658,ETH-255155069,1750563125622,1,0.0285,0.028386,72.03,ETH-25JUL25-2700-C,2262.63,buy,7.0,7.0,,,,,,,1750563125.622
1662,ETH-255157301,1750564767937,1,0.0285,0.028727,71.73,ETH-25JUL25-2700-C,2265.82,buy,10.0,10.0,,,,,,,1750564767.937
1663,ETH-255158537,1750565400126,0,0.03,0.030163,71.57,ETH-25JUL25-2700-C,2282.77,buy,1.0,1.0,,,,,,,1750565400.126
1664,ETH-255159525,1750566410324,2,0.029,0.0292,71.01,ETH-25JUL25-2700-C,2278.43,sell,50.0,50.0,,,,,,,1750566410.324
1666,ETH-255159725,1750566635807,1,0.0295,0.029595,71.03,ETH-25JUL25-2700-C,2283.28,buy,7.0,7.0,,,,,,,1750566635.807
1668,ETH-255159727,1750566635807,1,0.0295,0.029595,71.03,ETH-25JUL25-2700-C,2283.28,buy,10.0,10.0,,,,,,,1750566635.807
1667,ETH-255159726,1750566635807,1,0.0295,0.029595,71.03,ETH-25JUL25-2700-C,2283.28,buy,10.0,10.0,,,,,,,1750566635.807
1665,ETH-255159724,1750566635807,0,0.0295,0.029595,71.03,ETH-25JUL25-2700-C,2283.28,buy,10.0,10.0,,,,,,,1750566635.807
1669,ETH-255161583,1750568629160,1,0.0295,0.02966,70.38,ETH-25JUL25-2700-C,2289.83,buy,10.0,10.0,,,,,,,1750568629.16
1670,ETH-255161584,1750568629160,1,0.0295,0.02966,70.38,ETH-25JUL25-2700-C,2289.83,buy,10.0,10.0,,,,,,,1750568629.16
1671,ETH-255161585,1750568629160,1,0.0295,0.02966,70.38,ETH-25JUL25-2700-C,2289.83,buy,8.0,8.0,,,,,,,1750568629.16
1672,ETH-255161586,1750568629160,1,0.0295,0.02966,70.38,ETH-25JUL25-2700-C,2289.83,buy,10.0,10.0,,,,,,,1750568629.16
1675,ETH-255165104,1750571920070,3,0.029,0.029126,69.96,ETH-25JUL25-2700-C,2288.48,buy,10.0,10.0,,,,,,,1750571920.07
1674,ETH-255165103,1750571920070,3,0.029,0.029126,69.96,ETH-25JUL25-2700-C,2288.48,buy,10.0,10.0,,,,,,,1750571920.07
1673,ETH-255165102,1750571920070,2,0.029,0.029126,69.96,ETH-25JUL25-2700-C,2288.48,buy,8.0,8.0,,,,,,,1750571920.07
1676,ETH-255165105,1750571920070,3,0.029,0.029126,69.96,ETH-25JUL25-2700-C,2288.48,buy,10.0,10.0,,,,,,,1750571920.07
1677,ETH-255167109,1750573477556,3,0.029,0.029512,69.68,ETH-25JUL25-2700-C,2291.87,sell,1.0,1.0,,,,,,,1750573477.556
1678,ETH-255175285,1750579048670,2,0.0275,0.027557,70.36,ETH-25JUL25-2700-C,2271.92,sell,1.0,1.0,,,,,,,1750579048.67
1679,ETH-255175580,1750579157069,3,0.0275,0.027476,70.45,ETH-25JUL25-2700-C,2271.07,sell,1.0,1.0,,,,,,,1750579157.069
1680,ETH-255175646,1750579175577,3,0.0275,0.027461,70.47,ETH-25JUL25-2700-C,2270.88,sell,1.0,1.0,,,,,,,1750579175.577
1681,ETH-255175745,1750579235005,0,0.028,0.027605,70.79,ETH-25JUL25-2700-C,2272.64,buy,1.0,1.0,,,,,,,1750579235.005
1682,ETH-255175769,1750579248819,1,0.028,0.027671,70.79,ETH-25JUL25-2700-C,2272.81,buy,1.0,1.0,,,,,,,1750579248.819
1683,ETH-255175784,1750579258330,1,0.028,0.027693,70.76,ETH-25JUL25-2700-C,2273.14,buy,1.0,1.0,,,,,,,1750579258.33
1684,ETH-255175811,1750579271341,1,0.028,0.027739,70.71,ETH-25JUL25-2700-C,2273.73,buy,1.0,1.0,,,,,,,1750579271.341
1685,ETH-255175866,1750579308081,1,0.028,0.027681,70.73,ETH-25JUL25-2700-C,2273.64,buy,1.0,1.0,,,,,,,1750579308.081
1686,ETH-255175964,1750579329050,1,0.028,0.027849,70.62,ETH-25JUL25-2700-C,2274.71,buy,1.0,1.0,,,,,,,1750579329.05
1687,ETH-255176063,1750579383619,1,0.028,0.027801,70.66,ETH-25JUL25-2700-C,2274.44,buy,1.0,1.0,,,,,,,1750579383.619
1688,ETH-255176098,1750579398191,1,0.028,0.027905,70.55,ETH-25JUL25-2700-C,2275.44,buy,1.0,1.0,,,,,,,1750579398.191
1689,ETH-255176120,1750579415034,1,0.028,0.028022,70.42,ETH-25JUL25-2700-C,2276.49,buy,1.0,1.0,,,,,,,1750579415.034
1690,ETH-255176135,1750579421555,1,0.028,0.028018,70.46,ETH-25JUL25-2700-C,2276.14,buy,1.0,1.0,,,,,,,1750579421.555
1692,ETH-255184046,1750584372672,3,0.0265,0.026589,70.92,ETH-25JUL25-2700-C,2256.11,sell,20.0,20.0,,,,,,,1750584372.672
1691,ETH-255184045,1750584372672,2,0.0265,0.026589,70.92,ETH-25JUL25-2700-C,2256.11,sell,10.0,10.0,,,,,,,1750584372.672
1693,ETH-255184047,1750584372672,3,0.0265,0.026589,70.92,ETH-25JUL25-2700-C,2256.11,sell,100.0,100.0,,,,,,,1750584372.672
1694,ETH-255184318,1750584495017,2,0.026,0.026174,70.32,ETH-25JUL25-2700-C,2256.52,sell,1.0,1.0,,,,,,,1750584495.017
1695,ETH-255184891,1750584778425,2,0.025,0.025134,69.41,ETH-25JUL25-2700-C,2255.13,sell,228.0,228.0,,,,,,,1750584778.425
1696,ETH-255184892,1750584778425,3,0.025,0.025134,69.41,ETH-25JUL25-2700-C,2255.13,sell,100.0,100.0,,,,,,,1750584778.425
1699,ETH-255185098,1750584851449,3,0.0245,0.024742,69.02,ETH-25JUL25-2700-C,2253.61,sell,147.0,147.0,,,,,,,1750584851.449
1698,ETH-255185097,1750584851449,3,0.0245,0.024742,69.02,ETH-25JUL25-2700-C,2253.61,sell,100.0,100.0,,,,,,,1750584851.449
1697,ETH-255185096,1750584851449,2,0.0245,0.024742,69.02,ETH-25JUL25-2700-C,2253.61,sell,414.0,414.0,,,,,,,1750584851.449
1700,ETH-255185244,1750584852283,3,0.0245,0.024742,69.02,ETH-25JUL25-2700-C,2253.61,sell,1.0,1.0,,,,,,,1750584852.283
1701,ETH-255185731,1750584903105,0,0.025,0.025113,68.99,ETH-25JUL25-2700-C,2259.53,buy,1.0,1.0,,,,,,,1750584903.105
1702,ETH-255187208,1750585606458,1,0.025,0.025064,68.9,ETH-25JUL25-2700-C,2260.4,sell,1.0,1.0,,,,,,,1750585606.458
1703,ETH-255189831,1750586243582,2,0.024,0.023525,69.63,ETH-25JUL25-2700-C,2242.36,sell,1.0,1.0,,,,,,,1750586243.582
1704,ETH-255194283,1750589464690,0,0.0245,0.024834,68.19,ETH-25JUL25-2700-C,2262.24,buy,1.0,1.0,,,,,,,1750589464.69
1705,ETH-255194703,1750590319610,0,0.025,0.025112,68.31,ETH-25JUL25-2700-C,2266.82,buy,1.0,1.0,,,,,,,1750590319.61
1706,ETH-255198609,1750593456359,0,0.026,0.02549,68.89,ETH-25JUL25-2700-C,2273.01,buy,1.0,1.0,,,,,,,1750593456.359
1707,ETH-255200413,1750595057446,1,0.026,0.026159,68.31,ETH-25JUL25-2700-C,2278.99,sell,10.0,10.0,,,,,,,1750595057.446
1708,ETH-255210444,1750598873339,2,0.021,0.020696,71.57,ETH-25JUL25-2700-C,2188.12,sell,2.0,2.0,,,,,,,1750598873.339
1709,ETH-255210446,1750598873354,3,0.021,0.020696,71.57,ETH-25JUL25-2700-C,2188.12,sell,1.0,1.0,,,,,,,1750598873.354
1710,ETH-255223305,1750600190517,0,0.0235,0.023613,72.86,ETH-25JUL25-2700-C,2204.31,sell,1.0,1.0,,,,,,,1750600190.517
1711,ETH-255224960,1750600753435,2,0.023,0.022593,72.51,ETH-25JUL25-2700-C,2202.4,buy,1.0,1.0,,,,,,,1750600753.435
1712,ETH-255247749,1750605914024,3,0.023,0.022925,73.44,ETH-25JUL25-2700-C,2194.38,sell,1.0,1.0,,,,,,,1750605914.024
1716,ETH-255254275,1750608506592,3,0.0215,0.021929,73.0,ETH-25JUL25-2700-C,2181.36,sell,150.0,150.0,,,,,,,1750608506.592
1717,ETH-255254276,1750608506592,3,0.0215,0.021929,73.0,ETH-25JUL25-2700-C,2181.36,sell,242.0,242.0,,,,,,,1750608506.592
1714,ETH-255254273,1750608506592,3,0.0215,0.021929,73.0,ETH-25JUL25-2700-C,2181.36,sell,3.0,3.0,,,,,,,1750608506.592
1715,ETH-255254274,1750608506592,3,0.0215,0.021929,73.0,ETH-25JUL25-2700-C,2181.36,sell,100.0,100.0,,,,,,,1750608506.592
1713,ETH-255254272,1750608506592,2,0.0215,0.021929,73.0,ETH-25JUL25-2700-C,2181.36,sell,5.0,5.0,,,,,,,1750608506.592
1718,ETH-255261826,1750611844256,0,0.0225,0.022478,73.25,ETH-25JUL25-2700-C,2191.48,sell,1.0,1.0,,,,,,,1750611844.256
1719,ETH-255264576,1750612732200,2,0.022,0.022346,71.91,ETH-25JUL25-2700-C,2198.52,sell,100.0,100.0,,,,,,,1750612732.2
1720,ETH-255264585,1750612736470,3,0.022,0.022325,71.88,ETH-25JUL25-2700-C,2198.83,sell,1.0,1.0,,,,,,,1750612736.47
1721,ETH-255265963,1750613760896,2,0.0215,0.021753,71.6,ETH-25JUL25-2700-C,2195.65,buy,1.0,1.0,,,,,,,1750613760.896
1722,ETH-255269569,1750617093610,2,0.02,0.020432,70.61,ETH-25JUL25-2700-C,2187.64,sell,1.0,1.0,,,,,,,1750617093.61
1723,ETH-255280628,1750622989792,2,0.0175,0.017104,72.18,ETH-25JUL25-2700-C,2138.86,sell,200.0,200.0,,,,,,,1750622989.792
1724,ETH-255290118,1750624211788,0,0.018,0.01793,73.64,ETH-25JUL25-2700-C,2129.66,sell,10.0,10.0,,,,,,,1750624211.788
1725,ETH-255297442,1750626967322,0,0.0215,0.021623,71.89,ETH-25JUL25-2700-C,2194.74,buy,1.0,1.0,,,,,,,1750626967.322
1726,ETH-255297453,1750626979041,0,0.022,0.021567,72.54,ETH-25JUL25-2700-C,2194.17,buy,7.0,7.0,,,,,,,1750626979.041
1727,ETH-255309662,1750631473454,0,0.023,0.02238,71.93,ETH-25JUL25-2700-C,2213.02,buy,12.0,12.0,,,,,,,1750631473.454
1728,ETH-255309663,1750631473459,1,0.023,0.02238,71.93,ETH-25JUL25-2700-C,2213.02,buy,12.0,12.0,,,,,,,1750631473.459
1729,ETH-255309664,1750631473465,1,0.023,0.02238,71.93,ETH-25JUL25-2700-C,2213.02,buy,24.0,24.0,,,,,,,1750631473.465
1730,ETH-255320098,1750638339057,0,0.0245,0.024429,71.67,ETH-25JUL25-2700-C,2233.56,buy,1.0,1.0,,,,,,,1750638339.057
1731,ETH-255320626,1750638927540,1,0.0245,0.024477,71.52,ETH-25JUL25-2700-C,2235.11,buy,1.0,1.0,,,,,,,1750638927.54
1732,ETH-255324343,1750640847490,1,0.0245,0.024145,71.65,ETH-25JUL25-2700-C,2234.01,buy,1.0,1.0,,,,,,,1750640847.49
1733,ETH-255324908,1750641453541,1,0.0245,0.024239,71.66,ETH-25JUL25-2700-C,2233.96,buy,1.0,1.0,,,,,,,1750641453.541
1734,ETH-255324909,1750641454525,1,0.0245,0.024193,71.68,ETH-25JUL25-2700-C,2233.69,buy,30.0,30.0,,,,,,,1750641454.525
1735,ETH-255325630,1750642304263,2,0.024,0.024007,71.54,ETH-25JUL25-2700-C,2229.73,sell,1.0,1.0,,,,,,,1750642304.263
1736,ETH-255326244,1750642721912,0,0.0245,0.02429,71.83,ETH-25JUL25-2700-C,2232.46,buy,1.0,1.0,,,,,,,1750642721.912
1737,ETH-255329938,1750647540107,0,0.0255,0.025026,71.99,ETH-25JUL25-2700-C,2242.77,buy,1.0,1.0,,,,,,,1750647540.107
1738,ETH-255329988,1750647574953,2,0.025,0.025053,71.47,ETH-25JUL25-2700-C,2242.42,sell,1.0,1.0,,,,,,,1750647574.953
1740,ETH-255336452,1750657626342,3,0.0245,0.02447,70.62,ETH-25JUL25-2700-C,2246.04,buy,9.0,9.0,,,,,,,1750657626.342
1739,ETH-255336451,1750657626342,2,0.0245,0.02447,70.62,ETH-25JUL25-2700-C,2246.04,buy,1.0,1.0,,,,,,,1750657626.342
1741,ETH-255339993,1750660331789,3,0.0245,0.025055,70.5,ETH-25JUL25-2700-C,2247.83,sell,1.0,1.0,,,,,,,1750660331.789
1742,ETH-255343866,1750662305179,0,0.026,0.025633,70.75,ETH-25JUL25-2700-C,2262.16,buy,3.0,3.0,,,,,,,1750662305.179
1743,ETH-255344182,1750662309233,0,0.0265,0.02679,70.07,ETH-25JUL25-2700-C,2273.76,sell,1.0,1.0,,,,,,,1750662309.233
1744,ETH-255346097,1750662765265,2,0.0255,0.025454,70.38,ETH-25JUL25-2700-C,2261.03,sell,5.0,5.0,,,,,,,1750662765.265
1745,ETH-255352910,1750666644850,2,0.025,0.025417,69.58,ETH-25JUL25-2700-C,2264.04,sell,1.0,1.0,,,,,,,1750666644.85
1746,ETH-255354721,1750668174255,2,0.0245,0.024948,69.53,ETH-25JUL25-2700-C,2259.12,sell,1.0,1.0,,,,,,,1750668174.255
1747,ETH-255372481,1750685472768,2,0.024,0.023893,70.68,ETH-25JUL25-2700-C,2244.29,sell,30.0,30.0,,,,,,,1750685472.768
1748,ETH-255376730,1750686006060,0,0.026,0.025835,70.81,ETH-25JUL25-2700-C,2265.56,buy,1.0,1.0,,,,,,,1750686006.06
1749,ETH-255382305,1750686512092,0,0.028,0.02772,70.57,ETH-25JUL25-2700-C,2289.54,buy,1.0,1.0,,,,,,,1750686512.092
1750,ETH-255386587,1750687211036,0,0.03,0.029827,70.52,ETH-25JUL25-2700-C,2309.89,buy,1.0,1.0,,,,,,,1750687211.036
1751,ETH-255386688,1750687214461,1,0.03,0.030241,70.26,ETH-25JUL25-2700-C,2312.3,sell,1.0,1.0,,,,,,,1750687214.461
1752,ETH-255390318,1750687621187,2,0.0295,0.029289,70.66,ETH-25JUL25-2700-C,2304.46,buy,96.0,96.0,,,,,,,1750687621.187
1753,ETH-255393626,1750688229313,2,0.0285,0.028526,70.45,ETH-25JUL25-2700-C,2296.74,sell,1.0,1.0,,,,,,,1750688229.313
1754,ETH-255397889,1750689178446,2,0.027,0.027265,70.52,ETH-25JUL25-2700-C,2279.98,sell,1.0,1.0,,,,,,,1750689178.446
1755,ETH-255404500,1750691001360,2,0.0265,0.027135,69.8,ETH-25JUL25-2700-C,2282.03,sell,12.0,12.0,,,,,,,1750691001.36
1756,ETH-255408889,1750692433116,3,0.0265,0.026586,70.28,ETH-25JUL25-2700-C,2277.89,sell,1.0,1.0,,,,,,,1750692433.116
1757,ETH-255409573,1750692523137,2,0.026,0.025999,70.62,ETH-25JUL25-2700-C,2269.05,sell,60.0,60.0,,,,,,,1750692523.137
1758,ETH-255418397,1750695076536,2,0.023,0.023599,70.63,ETH-25JUL25-2700-C,2235.33,sell,60.0,60.0,,,,,,,1750695076.536
1759,ETH-255441807,1750698516337,0,0.025,0.025118,71.75,ETH-25JUL25-2700-C,2246.34,buy,1.0,1.0,,,,,,,1750698516.337
1760,ETH-255450202,1750700068835,0,0.028,0.028303,71.08,ETH-25JUL25-2700-C,2285.94,sell,50.0,50.0,,,,,,,1750700068.835
1761,ETH-255451300,1750700334596,2,0.0275,0.027601,71.26,ETH-25JUL25-2700-C,2279.44,sell,50.0,50.0,,,,,,,1750700334.596
1762,ETH-255451571,1750700386620,0,0.028,0.028174,71.27,ETH-25JUL25-2700-C,2284.41,sell,50.0,50.0,,,,,,,1750700386.62
1763,ETH-255451797,1750700461358,2,0.0275,0.02749,71.48,ETH-25JUL25-2700-C,2277.42,sell,50.0,50.0,,,,,,,1750700461.358
1764,ETH-255456038,1750701914731,0,0.029,0.029029,70.93,ETH-25JUL25-2700-C,2297.47,buy,1.0,1.0,,,,,,,1750701914.731
1765,ETH-255456338,1750701950181,2,0.0285,0.029126,70.54,ETH-25JUL25-2700-C,2296.43,sell,120.0,120.0,,,,,,,1750701950.181
1766,ETH-255456665,1750701963084,3,0.0285,0.028888,70.57,ETH-25JUL25-2700-C,2296.18,sell,86.0,86.0,,,,,,,1750701963.084
1767,ETH-255474008,1750708886297,0,0.0295,0.029578,69.65,ETH-25JUL25-2700-C,2316.0,buy,250.0,250.0,,,,,,,1750708886.297
1768,ETH-255475605,1750709487450,0,0.0315,0.031277,69.86,ETH-25JUL25-2700-C,2333.74,buy,1.0,1.0,,,,,,,1750709487.45
1769,ETH-255479165,1750710026819,0,0.033,0.032528,70.08,ETH-25JUL25-2700-C,2345.9,buy,1.0,1.0,,,,,,,1750710026.819
1770,ETH-255483405,1750710381765,0,0.035,0.034957,69.34,ETH-25JUL25-2700-C,2371.13,buy,1.0,1.0,,,,,,,1750710381.765
1771,ETH-255484179,1750710478829,1,0.035,0.034673,69.67,ETH-25JUL25-2700-C,2368.22,buy,1.0,1.0,,,,,,,1750710478.829
1772,ETH-255486198,1750710800352,2,0.0345,0.034186,69.71,ETH-25JUL25-2700-C,2363.12,buy,1.0,1.0,,,,,,,1750710800.352
1773,ETH-255526321,1750721767259,0,0.0395,0.039276,68.63,ETH-25JUL25-2700-C,2419.25,buy,1.0,1.0,,,,,,,1750721767.259
1774,ETH-255526730,1750722080320,1,0.0395,0.039302,68.58,ETH-25JUL25-2700-C,2419.78,buy,1.0,1.0,,,,,,,1750722080.32
1775,ETH-255537634,1750726194247,2,0.036,0.036805,67.34,ETH-25JUL25-2700-C,2399.59,sell,1.0,1.0,,,,,,,1750726194.247
1776,ETH-255554875,1750740177694,0,0.0361,0.035953,67.85,ETH-25JUL25-2700-C,2398.52,sell,25.0,25.0,,,ETH-CS-25JUL25-2600_2700,ETH-255554874,,,1750740177.694
1777,ETH-255559711,1750744032580,0,0.0385,0.038586,67.63,ETH-25JUL25-2700-C,2421.44,buy,36.0,36.0,,,,,,,1750744032.58
1778,ETH-255563151,1750746149683,1,0.0385,0.038629,67.7,ETH-25JUL25-2700-C,2420.94,buy,30.0,30.0,,,,,,,1750746149.683
1779,ETH-255563244,1750746248863,1,0.0385,0.038711,67.55,ETH-25JUL25-2700-C,2422.22,buy,4.0,4.0,,,,,,,1750746248.863
1781,ETH-255564708,1750747081695,1,0.04,0.039296,68.46,ETH-25JUL25-2700-C,2426.63,buy,14.0,14.0,,,,,,,1750747081.695
1780,ETH-255564707,1750747081695,0,0.04,0.039296,68.46,ETH-25JUL25-2700-C,2426.63,buy,36.0,36.0,,,,,,,1750747081.695
1782,ETH-255565230,1750747443883,1,0.04,0.039737,67.93,ETH-25JUL25-2700-C,2431.38,buy,3.0,3.0,,,,,,,1750747443.883
1783,ETH-255567857,1750748863905,2,0.0395,0.039357,67.99,ETH-25JUL25-2700-C,2427.21,sell,2.0,2.0,,,,,,,1750748863.905
1784,ETH-255568133,1750749195538,2,0.038,0.038592,67.27,ETH-25JUL25-2700-C,2421.12,sell,50.0,50.0,,,,,,,1750749195.538
1785,ETH-255569687,1750750173849,0,0.039,0.038619,68.27,ETH-25JUL25-2700-C,2420.61,sell,3.0,3.0,,,,,,,1750750173.849
1786,ETH-255573511,1750750929890,2,0.037,0.037005,68.36,ETH-25JUL25-2700-C,2402.74,buy,8.0,8.0,,,,,,,1750750929.89
1787,ETH-255573551,1750750954235,3,0.037,0.036989,68.34,ETH-25JUL25-2700-C,2403.07,buy,10.0,10.0,,,,,,,1750750954.235
1788,ETH-255580480,1750752694300,2,0.036,0.035293,69.32,ETH-25JUL25-2700-C,2385.43,buy,3.0,3.0,,,,,,,1750752694.3
1789,ETH-255580875,1750752947223,2,0.0355,0.035661,68.51,ETH-25JUL25-2700-C,2388.16,sell,20.0,20.0,,,,,,,1750752947.223
1790,ETH-255580978,1750752986876,2,0.035,0.035268,68.44,ETH-25JUL25-2700-C,2384.54,sell,30.0,30.0,,,,,,,1750752986.876
1791,ETH-255581067,1750753010165,0,0.0355,0.035028,69.14,ETH-25JUL25-2700-C,2382.74,buy,1.0,1.0,,,,,,,1750753010.165
1792,ETH-255581068,1750753010165,1,0.0355,0.035028,69.14,ETH-25JUL25-2700-C,2382.74,buy,1.0,1.0,,,,,,,1750753010.165
1793,ETH-255581073,1750753010903,1,0.0355,0.035028,69.14,ETH-25JUL25-2700-C,2382.74,buy,8.0,8.0,,,,,,,1750753010.903
1794,ETH-255581127,1750753047487,2,0.035,0.035079,68.71,ETH-25JUL25-2700-C,2382.21,buy,25.0,25.0,,,,,,,1750753047.487
1795,ETH-255581144,1750753058117,0,0.0355,0.034966,69.31,ETH-25JUL25-2700-C,2381.31,buy,10.0,10.0,,,,,,,1750753058.117
1796,ETH-255581145,1750753058117,1,0.0355,0.034966,69.31,ETH-25JUL25-2700-C,2381.31,buy,2.0,2.0,,,,,,,1750753058.117
1797,ETH-255581177,1750753069389,2,0.035,0.035104,68.71,ETH-25JUL25-2700-C,2382.11,sell,30.0,30.0,,,,,,,1750753069.389
1798,ETH-255581271,1750753094972,0,0.0355,0.035034,69.27,ETH-25JUL25-2700-C,2381.12,buy,15.0,15.0,,,,,,,1750753094.972
1799,ETH-255583451,1750753418024,0,0.0375,0.037304,68.93,ETH-25JUL25-2700-C,2401.41,buy,258.0,258.0,,,,,,,1750753418.024
1800,ETH-255583922,1750753586091,2,0.037,0.037288,68.41,ETH-25JUL25-2700-C,2402.31,sell,1.0,1.0,,,,,,,1750753586.091
1801,ETH-255583924,1750753588858,3,0.037,0.037355,68.46,ETH-25JUL25-2700-C,2401.93,sell,1.0,1.0,,,,,,,1750753588.858
1802,ETH-255588281,1750756024966,0,0.0375,0.037516,68.36,ETH-25JUL25-2700-C,2407.62,buy,1.0,1.0,,,,,,,1750756024.966
1803,ETH-255590753,1750757157596,0,0.0395,0.039506,68.45,ETH-25JUL25-2700-C,2423.37,buy,1.0,1.0,,,,,,,1750757157.596
1804,ETH-255591394,1750757308044,0,0.041,0.04033,68.86,ETH-25JUL25-2700-C,2432.41,buy,1.0,1.0,,,,,,,1750757308.044
1805,ETH-255592396,1750757330736,0,0.0415,0.041449,68.49,ETH-25JUL25-2700-C,2439.76,buy,25.0,25.0,,,,,,,1750757330.736
1806,ETH-255609879,1750766657326,2,0.038,0.037959,68.36,ETH-25JUL25-2700-C,2413.13,buy,1.0,1.0,,,,,,,1750766657.326
1807,ETH-255610462,1750767252822,3,0.038,0.038085,68.2,ETH-25JUL25-2700-C,2414.84,buy,1.0,1.0,,,,,,,1750767252.822
1808,ETH-255611862,1750768571184,2,0.0375,0.037751,67.99,ETH-25JUL25-2700-C,2412.43,buy,1.0,1.0,,,,,,,1750768571.184
1809,ETH-255613773,1750770094012,0,0.038,0.038103,68.27,ETH-25JUL25-2700-C,2414.59,buy,1.0,1.0,,,,,,,1750770094.012
1810,ETH-255617353,1750771177786,0,0.0395,0.039361,68.48,ETH-25JUL25-2700-C,2424.86,buy,1.0,1.0,,,,,,,1750771177.786
1811,ETH-255618874,1750771348266,2,0.039,0.039055,68.25,ETH-25JUL25-2700-C,2422.82,sell,31.0,31.0,,,,,,,1750771348.266
1812,ETH-255621425,1750772176061,2,0.0385,0.038382,68.4,ETH-25JUL25-2700-C,2417.17,buy,1.0,1.0,,,,,,,1750772176.061
