trade_seq,trade_id,timestamp,tick_direction,price,mark_price,iv,instrument_name,index_price,direction,contracts,amount,combo_trade_id,combo_id,block_trade_leg_count,block_trade_id,liquidation,block_rfq_id,unix_sec
314,ETH-252271312,1748657650763,0,0.0255,0.025542,69.82,ETH-25JUL25-2000-P,2508.49,buy,4.0,4.0,,,,,,,1748657650.763
315,ETH-252283544,1748668462863,2,0.0245,0.025137,69.62,ETH-25JUL25-2000-P,2519.25,sell,200.0,200.0,,,,,,,1748668462.863
316,ETH-252292519,1748679605718,3,0.0245,0.025311,69.66,ETH-25JUL25-2000-P,2519.72,sell,1.0,1.0,,,,,,,1748679605.718
317,ETH-252325972,1748699778190,2,0.0235,0.024061,69.65,ETH-25JUL25-2000-P,2531.82,sell,5.0,5.0,,,,,,,1748699778.19
318,ETH-252470242,1748830165150,0,0.0245,0.024845,70.85,ETH-25JUL25-2000-P,2521.45,buy,2.0,2.0,,,,,,,1748830165.15
319,ETH-252472606,1748832654727,0,0.0255,0.025412,71.13,ETH-25JUL25-2000-P,2510.86,buy,2.0,2.0,,,,,,,1748832654.727
320,ETH-252485883,1748843897543,0,0.026,0.02576,70.29,ETH-25JUL25-2000-P,2492.98,sell,1.0,1.0,,,,,,,1748843897.543
321,ETH-252527374,1748871908468,2,0.024,0.023983,69.95,ETH-25JUL25-2000-P,2514.0,sell,3.0,3.0,,,,,,,1748871908.468
322,ETH-252567046,1748888695097,2,0.021,0.02092,70.14,ETH-25JUL25-2000-P,2561.89,sell,1.0,1.0,,,,,,,1748888695.097
323,ETH-252612353,1748909564808,2,0.0185,0.018405,71.21,ETH-25JUL25-2000-P,2616.77,buy,1.0,1.0,,,,,,,1748909564.808
324,ETH-252630867,1748925542456,0,0.0195,0.019423,71.22,ETH-25JUL25-2000-P,2596.78,buy,1.0,1.0,,,,,,,1748925542.456
325,ETH-252644051,1748941105839,2,0.0185,0.018705,70.92,ETH-25JUL25-2000-P,2609.59,sell,62.0,62.0,,,,,,,1748941105.839
326,ETH-252645615,1748943089541,3,0.0185,0.018794,70.64,ETH-25JUL25-2000-P,2605.75,sell,62.0,62.0,,,,,,,1748943089.541
327,ETH-252645623,1748943091252,3,0.0185,0.018793,70.65,ETH-25JUL25-2000-P,2605.82,sell,62.0,62.0,,,,,,,1748943091.252
328,ETH-252645624,1748943091827,3,0.0185,0.018792,70.65,ETH-25JUL25-2000-P,2605.84,sell,2.0,2.0,,,,,,,1748943091.827
329,ETH-252667725,1748959872962,2,0.0175,0.017572,70.41,ETH-25JUL25-2000-P,2619.02,buy,1.0,1.0,,,,,,,1748959872.962
330,ETH-252674764,1748963539319,2,0.0165,0.016806,70.43,ETH-25JUL25-2000-P,2638.99,sell,1.0,1.0,,,,,,,1748963539.319
331,ETH-252710253,1748993340750,0,0.0185,0.018486,70.24,ETH-25JUL25-2000-P,2595.31,sell,1.0,1.0,,,,,,,1748993340.75
332,ETH-252714171,1748998399041,2,0.018,0.01809,69.81,ETH-25JUL25-2000-P,2598.63,buy,10.0,10.0,,,,,,,1748998399.041
333,ETH-252720308,1749005371637,3,0.018,0.017536,71.07,ETH-25JUL25-2000-P,2615.28,buy,2.0,2.0,,,,,,,1749005371.637
334,ETH-252756994,1749045111146,2,0.0165,0.016682,69.47,ETH-25JUL25-2000-P,2616.98,buy,2.0,2.0,,,,,,,1749045111.146
335,ETH-252818305,1749093339095,2,0.016,0.01602,69.67,ETH-25JUL25-2000-P,2624.1,buy,2.0,2.0,,,,,,,1749093339.095
336,ETH-252835107,1749112455612,2,0.0155,0.016157,68.21,ETH-25JUL25-2000-P,2610.23,sell,5.0,5.0,,,,,,,1749112455.612
337,ETH-252839130,1749116680443,0,0.016,0.016207,68.77,ETH-25JUL25-2000-P,2608.72,sell,1.0,1.0,,,,,,,1749116680.443
338,ETH-252839535,1749117146527,1,0.016,0.016258,68.74,ETH-25JUL25-2000-P,2608.09,sell,1.0,1.0,,,,,,,1749117146.527
339,ETH-252918098,1749149218547,0,0.0185,0.018294,69.84,ETH-25JUL25-2000-P,2573.8,buy,1.0,1.0,,,,,,,1749149218.547
340,ETH-252918939,1749150281547,1,0.0185,0.018306,69.88,ETH-25JUL25-2000-P,2574.37,buy,1.0,1.0,,,,,,,1749150281.547
341,ETH-252985069,1749157491653,0,0.0285,0.028633,68.61,ETH-25JUL25-2000-P,2417.32,buy,1.0,1.0,,,,,,,1749157491.653
342,ETH-253018579,1749168960564,0,0.03,0.030148,69.15,ETH-25JUL25-2000-P,2406.08,buy,2.0,2.0,,,,,,,1749168960.564
343,ETH-253027523,1749172819695,2,0.0285,0.028442,69.26,ETH-25JUL25-2000-P,2423.84,buy,1.0,1.0,,,,,,,1749172819.695
344,ETH-253028207,1749173610880,3,0.0285,0.028384,69.27,ETH-25JUL25-2000-P,2423.66,buy,1.0,1.0,,,,,,,1749173610.88
345,ETH-253069237,1749198396988,2,0.0245,0.024458,68.83,ETH-25JUL25-2000-P,2464.98,buy,52.0,52.0,,,,,,,1749198396.988
346,ETH-253102558,1749220245790,2,0.021,0.021704,68.33,ETH-25JUL25-2000-P,2507.67,sell,9.0,9.0,,,,,,,1749220245.79
347,ETH-253102559,1749220246542,3,0.021,0.021707,68.32,ETH-25JUL25-2000-P,2507.54,sell,41.0,41.0,,,,,,,1749220246.542
348,ETH-253102564,1749220248858,3,0.021,0.021718,68.29,ETH-25JUL25-2000-P,2507.25,sell,1.0,1.0,,,,,,,1749220248.858
349,ETH-253118139,1749230787194,0,0.0225,0.022663,68.74,ETH-25JUL25-2000-P,2489.72,buy,2.0,2.0,,,,,,,1749230787.194
351,ETH-253124401,1749240743890,1,0.0225,0.022482,69.27,ETH-25JUL25-2000-P,2494.87,sell,3.0,3.0,,,,,,,1749240743.89
352,ETH-253124402,1749240743890,1,0.0225,0.022482,69.27,ETH-25JUL25-2000-P,2494.87,sell,202.0,202.0,,,,,,,1749240743.89
350,ETH-253124400,1749240743890,1,0.0225,0.022482,69.27,ETH-25JUL25-2000-P,2494.87,sell,4.0,4.0,,,,,,,1749240743.89
353,ETH-253129814,1749250337356,2,0.022,0.022616,67.88,ETH-25JUL25-2000-P,2484.76,sell,3.0,3.0,,,,,,,1749250337.356
354,ETH-253132587,1749255106650,0,0.023,0.023375,67.8,ETH-25JUL25-2000-P,2469.51,buy,2.0,2.0,,,,,,,1749255106.65
355,ETH-253154494,1749292573313,2,0.021,0.0208,67.76,ETH-25JUL25-2000-P,2493.95,buy,1.0,1.0,,,,,,,1749292573.313
356,ETH-253166129,1749306251878,3,0.021,0.021069,69.26,ETH-25JUL25-2000-P,2509.29,sell,1.0,1.0,,,,,,,1749306251.878
357,ETH-253174417,1749316111492,3,0.021,0.02087,69.62,ETH-25JUL25-2000-P,2513.72,buy,1.0,1.0,,,,,,,1749316111.492
358,ETH-253203816,1749379461801,0,0.0215,0.020994,69.85,ETH-25JUL25-2000-P,2502.36,buy,1.0,1.0,,,,,,,1749379461.801
359,ETH-253206357,1749383510840,2,0.02,0.020238,69.1,ETH-25JUL25-2000-P,2515.65,buy,1.0,1.0,,,,,,,1749383510.84
360,ETH-253207722,1749386390552,0,0.0215,0.020982,70.06,ETH-25JUL25-2000-P,2504.0,buy,1.0,1.0,,,,,,,1749386390.552
361,ETH-253212799,1749396718470,2,0.02,0.02012,69.29,ETH-25JUL25-2000-P,2516.53,buy,4.0,4.0,,,,,,,1749396718.47
362,ETH-253226067,1749421299270,3,0.02,0.019977,70.25,ETH-25JUL25-2000-P,2526.12,buy,1.0,1.0,,,,,,,1749421299.27
363,ETH-253226072,1749421336174,3,0.02,0.020025,70.21,ETH-25JUL25-2000-P,2525.54,sell,1.0,1.0,,,,,,,1749421336.174
364,ETH-253247969,1749447822395,0,0.0215,0.021485,68.88,ETH-25JUL25-2000-P,2485.08,sell,161.0,161.0,,,,,,,1749447822.395
365,ETH-253248229,1749448363837,0,0.022,0.02181,69.39,ETH-25JUL25-2000-P,2483.71,buy,2.0,2.0,,,,,,,1749448363.837
367,ETH-253248231,1749448363837,1,0.022,0.02181,69.39,ETH-25JUL25-2000-P,2483.71,buy,39.0,39.0,,,,,,,1749448363.837
366,ETH-253248230,1749448363837,1,0.022,0.02181,69.39,ETH-25JUL25-2000-P,2483.71,buy,1.0,1.0,,,,,,,1749448363.837
368,ETH-253248233,1749448364028,1,0.022,0.02181,69.39,ETH-25JUL25-2000-P,2483.71,buy,4.0,4.0,,,,,,,1749448364.028
369,ETH-253248235,1749448364224,1,0.022,0.021812,69.39,ETH-25JUL25-2000-P,2483.77,buy,3.0,3.0,,,,,,,1749448364.224
370,ETH-253250332,1749453313473,2,0.0205,0.020875,68.08,ETH-25JUL25-2000-P,2489.59,sell,1.0,1.0,,,,,,,1749453313.473
371,ETH-253250699,1749454225751,0,0.021,0.020742,68.55,ETH-25JUL25-2000-P,2487.68,buy,1.0,1.0,,,,,,,1749454225.751
372,ETH-253254729,1749458646305,1,0.021,0.020629,68.91,ETH-25JUL25-2000-P,2491.78,buy,1.0,1.0,,,,,,,1749458646.305
373,ETH-253256308,1749461403948,2,0.0205,0.020513,68.95,ETH-25JUL25-2000-P,2499.53,sell,49.0,49.0,,,,,,,1749461403.948
374,ETH-253257114,1749462215891,2,0.02,0.019975,69.23,ETH-25JUL25-2000-P,2510.54,sell,50.0,50.0,,,,,,,1749462215.891
375,ETH-253338234,1749503046429,2,0.016,0.015723,71.21,ETH-25JUL25-2000-P,2599.8,sell,5.0,5.0,,,,,,,1749503046.429
376,ETH-253390462,1749522939423,2,0.013,0.012799,73.35,ETH-25JUL25-2000-P,2692.37,buy,1.0,1.0,,,,,,,1749522939.423
377,ETH-253390476,1749522971090,3,0.013,0.012821,73.3,ETH-25JUL25-2000-P,2691.77,buy,1.0,1.0,,,,,,,1749522971.09
378,ETH-253390545,1749523014524,3,0.013,0.012801,73.35,ETH-25JUL25-2000-P,2692.4,buy,1.0,1.0,,,,,,,1749523014.524
379,ETH-253423140,1749549983423,2,0.0127,0.012698,73.22,ETH-25JUL25-2000-P,2694.22,sell,1.0,1.0,ETH-253423138,ETH-ICOND-25JUL25-2000_2200_3200_3500,,,,,1749549983.423
380,ETH-253438085,1749555680599,2,0.0115,0.011122,76.99,ETH-25JUL25-2000-P,2780.94,buy,1.0,1.0,,,,,,,1749555680.599
381,ETH-253443454,1749556821313,3,0.0115,0.011673,76.73,ETH-25JUL25-2000-P,2776.4,buy,1.0,1.0,,,,,,,1749556821.313
382,ETH-253443455,1749556823997,3,0.0115,0.01167,76.72,ETH-25JUL25-2000-P,2776.33,buy,1.0,1.0,,,,,,,1749556823.997
383,ETH-253443458,1749556826779,3,0.0115,0.01167,76.66,ETH-25JUL25-2000-P,2775.37,sell,1.0,1.0,,,,,,,1749556826.779
384,ETH-253444249,1749557195948,0,0.012,0.012097,76.79,ETH-25JUL25-2000-P,2763.02,buy,2.0,2.0,,,,,,,1749557195.948
385,ETH-253447293,1749558244670,1,0.012,0.012015,76.77,ETH-25JUL25-2000-P,2761.88,buy,2.0,2.0,,,,,,,1749558244.67
386,ETH-253447310,1749558256280,1,0.012,0.012029,76.74,ETH-25JUL25-2000-P,2761.48,buy,2.0,2.0,,,,,,,1749558256.28
387,ETH-253467277,1749564870031,0,0.013,0.013088,77.58,ETH-25JUL25-2000-P,2747.07,sell,1.0,1.0,,,,,,,1749564870.031
388,ETH-253473515,1749567064888,1,0.013,0.013319,76.94,ETH-25JUL25-2000-P,2737.74,sell,22.0,22.0,,,,,,,1749567064.888
389,ETH-253473516,1749567064891,1,0.013,0.013319,76.94,ETH-25JUL25-2000-P,2737.74,buy,28.0,28.0,,,,,,,1749567064.891
390,ETH-253557829,1749598369760,2,0.012,0.011947,79.95,ETH-25JUL25-2000-P,2803.62,buy,6.0,6.0,,,,,,,1749598369.76
391,ETH-253570773,1749603683651,3,0.012,0.012068,79.56,ETH-25JUL25-2000-P,2797.71,buy,1.0,1.0,,,,,,,1749603683.651
392,ETH-253608771,1749633141633,2,0.0115,0.011934,76.86,ETH-25JUL25-2000-P,2768.05,sell,2.0,2.0,,,,,,,1749633141.633
393,ETH-253611189,1749634964109,0,0.012,0.012023,77.76,ETH-25JUL25-2000-P,2768.06,buy,1.0,1.0,,,,,,,1749634964.109
394,ETH-253629442,1749645020213,2,0.0115,0.011081,78.59,ETH-25JUL25-2000-P,2793.16,sell,9.0,9.0,,,,,,,1749645020.213
395,ETH-253638248,1749645828115,2,0.011,0.01071,79.41,ETH-25JUL25-2000-P,2820.32,sell,7.0,7.0,,,,,,,1749645828.115
396,ETH-253662535,1749652278172,2,0.0105,0.010342,80.0,ETH-25JUL25-2000-P,2844.72,sell,3.0,3.0,,,,,,,1749652278.172
397,ETH-253675981,1749655827778,2,0.01,0.009916,80.14,ETH-25JUL25-2000-P,2862.6,sell,3.0,3.0,,,,,,,1749655827.778
398,ETH-253703122,1749662976337,2,0.0095,0.00972,79.47,ETH-25JUL25-2000-P,2867.92,sell,3.0,3.0,,,,,,,1749662976.337
399,ETH-253713049,1749665259265,0,0.0109,0.010725,79.15,ETH-25JUL25-2000-P,2816.88,buy,250.0,250.0,,ETH-ICOND-25JUL25-2000_2600_3000_4000,4.0,BLOCK-204683,,,1749665259.265
403,ETH-253724287,1749668860865,1,0.0115,0.010983,80.02,ETH-25JUL25-2000-P,2811.39,buy,5.0,5.0,,,,,,,1749668860.865
401,ETH-253724285,1749668860865,1,0.0115,0.010983,80.02,ETH-25JUL25-2000-P,2811.39,buy,30.0,30.0,,,,,,,1749668860.865
404,ETH-253724288,1749668860865,1,0.0115,0.010983,80.02,ETH-25JUL25-2000-P,2811.39,buy,146.0,146.0,,,,,,,1749668860.865
400,ETH-253724284,1749668860865,0,0.0115,0.010983,80.02,ETH-25JUL25-2000-P,2811.39,buy,286.0,286.0,,,,,,,1749668860.865
402,ETH-253724286,1749668860865,1,0.0115,0.010983,80.02,ETH-25JUL25-2000-P,2811.39,buy,33.0,33.0,,,,,,,1749668860.865
405,ETH-253727404,1749670874566,2,0.011,0.010957,79.39,ETH-25JUL25-2000-P,2816.7,buy,1.0,1.0,,,,,,,1749670874.566
406,ETH-253777547,1749700591702,2,0.0105,0.010973,75.77,ETH-25JUL25-2000-P,2770.83,sell,5.0,5.0,,,,,,,1749700591.702
407,ETH-253780693,1749704025439,0,0.0115,0.011506,77.12,ETH-25JUL25-2000-P,2761.82,sell,2.0,2.0,,,,,,,1749704025.439
408,ETH-253780694,1749704026159,1,0.0115,0.011503,77.12,ETH-25JUL25-2000-P,2761.94,sell,7.0,7.0,,,,,,,1749704026.159
409,ETH-253780860,1749704327540,1,0.0115,0.011682,77.11,ETH-25JUL25-2000-P,2761.8,sell,2.0,2.0,,,,,,,1749704327.54
410,ETH-253780861,1749704327572,1,0.0115,0.011682,77.11,ETH-25JUL25-2000-P,2761.8,sell,2.0,2.0,,,,,,,1749704327.572
411,ETH-253780862,1749704327992,1,0.0115,0.011678,77.11,ETH-25JUL25-2000-P,2761.79,sell,1.0,1.0,,,,,,,1749704327.992
412,ETH-253780875,1749704341588,1,0.0115,0.011662,77.15,ETH-25JUL25-2000-P,2762.46,sell,2.0,2.0,,,,,,,1749704341.588
413,ETH-253780878,1749704343448,1,0.0115,0.011657,77.16,ETH-25JUL25-2000-P,2762.51,sell,2.0,2.0,,,,,,,1749704343.448
414,ETH-253780884,1749704349161,1,0.0115,0.011655,77.17,ETH-25JUL25-2000-P,2762.63,sell,1.0,1.0,,,,,,,1749704349.161
415,ETH-253780892,1749704361283,1,0.0115,0.011658,77.18,ETH-25JUL25-2000-P,2762.78,sell,4.0,4.0,,,,,,,1749704361.283
416,ETH-253780894,1749704361333,1,0.0115,0.011658,77.18,ETH-25JUL25-2000-P,2762.78,sell,2.0,2.0,,,,,,,1749704361.333
417,ETH-253780923,1749704361409,1,0.0115,0.011658,77.18,ETH-25JUL25-2000-P,2762.78,sell,1.0,1.0,,,,,,,1749704361.409
418,ETH-253780950,1749704373665,1,0.0115,0.011662,77.18,ETH-25JUL25-2000-P,2762.84,sell,24.0,24.0,,,,,,,1749704373.665
419,ETH-253783763,1749708064229,1,0.0115,0.011344,77.38,ETH-25JUL25-2000-P,2765.1,buy,1.0,1.0,,,,,,,1749708064.229
420,ETH-253783764,1749708065280,1,0.0115,0.011344,77.39,ETH-25JUL25-2000-P,2765.13,sell,20.0,20.0,,,,,,,1749708065.28
421,ETH-253783765,1749708065338,1,0.0115,0.011344,77.39,ETH-25JUL25-2000-P,2765.13,sell,1.0,1.0,,,,,,,1749708065.338
422,ETH-253783777,1749708136260,0,0.012,0.011531,78.29,ETH-25JUL25-2000-P,2764.82,buy,2.0,2.0,,,,,,,1749708136.26
423,ETH-253783778,1749708136260,1,0.012,0.011531,78.29,ETH-25JUL25-2000-P,2764.82,buy,76.0,76.0,,,,,,,1749708136.26
424,ETH-253783971,1749708448418,2,0.0115,0.011544,77.16,ETH-25JUL25-2000-P,2761.67,buy,1.0,1.0,,,,,,,1749708448.418
425,ETH-253784752,1749709574012,3,0.0115,0.011372,77.12,ETH-25JUL25-2000-P,2760.72,buy,1.0,1.0,,,,,,,1749709574.012
426,ETH-253784753,1749709574012,3,0.0115,0.011372,77.12,ETH-25JUL25-2000-P,2760.72,buy,24.0,24.0,,,,,,,1749709574.012
427,ETH-253784754,1749709584771,3,0.0115,0.011352,77.16,ETH-25JUL25-2000-P,2761.26,buy,20.0,20.0,,,,,,,1749709584.771
428,ETH-253798629,1749716492415,3,0.0115,0.011386,76.54,ETH-25JUL25-2000-P,2753.2,sell,1.0,1.0,,,,,,,1749716492.415
429,ETH-253806314,1749724931013,0,0.012,0.011427,76.93,ETH-25JUL25-2000-P,2743.42,buy,1.0,1.0,,,,,,,1749724931.013
430,ETH-253823754,1749731812976,2,0.011,0.011449,75.08,ETH-25JUL25-2000-P,2742.83,sell,1.0,1.0,,,,,,,1749731812.976
431,ETH-253842666,1749742600956,0,0.0115,0.011368,77.04,ETH-25JUL25-2000-P,2755.85,buy,1.0,1.0,,,,,,,1749742600.956
432,ETH-253866027,1749755013845,1,0.0115,0.011385,75.96,ETH-25JUL25-2000-P,2738.45,buy,1.0,1.0,,,,,,,1749755013.845
433,ETH-253898195,1749761553723,0,0.0145,0.014408,74.37,ETH-25JUL25-2000-P,2642.85,buy,1.0,1.0,,,,,,,1749761553.723
434,ETH-253898767,1749761584255,1,0.0145,0.014496,74.21,ETH-25JUL25-2000-P,2640.6,buy,20.0,20.0,,,,,,,1749761584.255
435,ETH-253899178,1749761617727,0,0.015,0.014783,74.37,ETH-25JUL25-2000-P,2632.22,buy,1.0,1.0,,,,,,,1749761617.727
436,ETH-253899179,1749761617727,1,0.015,0.014783,74.37,ETH-25JUL25-2000-P,2632.22,buy,59.0,59.0,,,,,,,1749761617.727
437,ETH-253899182,1749761617735,1,0.015,0.014783,74.37,ETH-25JUL25-2000-P,2632.22,buy,23.0,23.0,,,,,,,1749761617.735
438,ETH-253933372,1749773157099,0,0.0155,0.0153,74.06,ETH-25JUL25-2000-P,2614.14,buy,1.0,1.0,,,,,,,1749773157.099
439,ETH-253935187,1749773245330,0,0.016,0.015791,74.11,ETH-25JUL25-2000-P,2605.36,buy,1.0,1.0,,,,,,,1749773245.33
440,ETH-253956584,1749773886906,0,0.0185,0.018074,74.08,ETH-25JUL25-2000-P,2560.12,buy,60.0,60.0,,,,,,,1749773886.906
442,ETH-253956587,1749773886928,1,0.0185,0.018074,74.08,ETH-25JUL25-2000-P,2560.12,buy,36.0,36.0,,,,,,,1749773886.928
441,ETH-253956586,1749773886928,1,0.0185,0.018074,74.08,ETH-25JUL25-2000-P,2560.12,buy,1.0,1.0,,,,,,,1749773886.928
443,ETH-253957584,1749773941157,2,0.018,0.0173,74.5,ETH-25JUL25-2000-P,2573.52,buy,60.0,60.0,,,,,,,1749773941.157
444,ETH-253957608,1749773941215,3,0.018,0.017302,74.46,ETH-25JUL25-2000-P,2573.02,buy,60.0,60.0,,,,,,,1749773941.215
445,ETH-253957617,1749773941254,3,0.018,0.017302,74.46,ETH-25JUL25-2000-P,2573.02,buy,60.0,60.0,,,,,,,1749773941.254
446,ETH-253957634,1749773941272,3,0.018,0.017302,74.46,ETH-25JUL25-2000-P,2573.02,buy,60.0,60.0,,,,,,,1749773941.272
447,ETH-253958696,1749774010871,3,0.018,0.017614,74.08,ETH-25JUL25-2000-P,2568.44,buy,22.0,22.0,,,,,,,1749774010.871
448,ETH-253958933,1749774022334,3,0.018,0.017525,74.31,ETH-25JUL25-2000-P,2571.17,buy,25.0,25.0,,,,,,,1749774022.334
449,ETH-253958934,1749774022334,3,0.018,0.017525,74.31,ETH-25JUL25-2000-P,2571.17,buy,35.0,35.0,,,,,,,1749774022.334
450,ETH-253958937,1749774022350,3,0.018,0.017525,74.31,ETH-25JUL25-2000-P,2571.17,buy,25.0,25.0,,,,,,,1749774022.35
451,ETH-253970632,1749774788311,0,0.02,0.019769,73.53,ETH-25JUL25-2000-P,2528.96,buy,1.0,1.0,,,,,,,1749774788.311
452,ETH-253975342,1749774909815,0,0.0205,0.020089,74.3,ETH-25JUL25-2000-P,2529.63,sell,250.0,250.0,,ETH-PDIAG-25JUL25_13JUN25-2000_2450,2.0,BLOCK-204979,,,1749774909.815
453,ETH-253986877,1749775462790,1,0.0205,0.019718,75.28,ETH-25JUL25-2000-P,2540.92,buy,1.0,1.0,,,,,,,1749775462.79
454,ETH-253995303,1749776199295,1,0.0205,0.020775,74.33,ETH-25JUL25-2000-P,2529.14,sell,15.0,15.0,,,,,,,1749776199.295
455,ETH-253999549,1749776656145,0,0.023,0.022693,75.04,ETH-25JUL25-2000-P,2501.03,buy,102.0,102.0,,,,,,,1749776656.145
457,ETH-254019400,1749777235069,1,0.025,0.024661,75.34,ETH-25JUL25-2000-P,2477.19,sell,3.0,3.0,,,,,,,1749777235.069
456,ETH-254019399,1749777235069,0,0.025,0.024661,75.34,ETH-25JUL25-2000-P,2477.19,sell,4.0,4.0,,,,,,,1749777235.069
458,ETH-254019401,1749777235069,1,0.025,0.024661,75.34,ETH-25JUL25-2000-P,2477.19,sell,200.0,200.0,,,,,,,1749777235.069
459,ETH-254022853,1749777365422,2,0.024,0.023896,75.18,ETH-25JUL25-2000-P,2488.52,buy,1.0,1.0,,,,,,,1749777365.422
460,ETH-254022854,1749777365655,3,0.024,0.023896,75.18,ETH-25JUL25-2000-P,2488.52,buy,1.0,1.0,,,,,,,1749777365.655
461,ETH-254036126,1749778750219,3,0.024,0.024207,75.44,ETH-25JUL25-2000-P,2490.73,sell,3.0,3.0,,,,,,,1749778750.219
462,ETH-254036127,1749778750219,3,0.024,0.024207,75.44,ETH-25JUL25-2000-P,2490.73,sell,3.0,3.0,,,,,,,1749778750.219
463,ETH-254036128,1749778750219,3,0.024,0.024207,75.44,ETH-25JUL25-2000-P,2490.73,sell,4.0,4.0,,,,,,,1749778750.219
464,ETH-254036932,1749778843027,0,0.0245,0.024552,75.3,ETH-25JUL25-2000-P,2482.13,buy,50.0,50.0,,,,,,,1749778843.027
465,ETH-254037807,1749778964107,0,0.025,0.024095,76.47,ETH-25JUL25-2000-P,2488.39,buy,196.0,196.0,,,,,,,1749778964.107
466,ETH-254045867,1749780177822,2,0.0245,0.024415,76.12,ETH-25JUL25-2000-P,2491.73,sell,1.0,1.0,,,,,,,1749780177.822
467,ETH-254050189,1749781003170,0,0.025,0.024913,75.91,ETH-25JUL25-2000-P,2482.47,sell,200.0,200.0,,,,,,,1749781003.17
468,ETH-254050191,1749781003303,1,0.025,0.024913,75.91,ETH-25JUL25-2000-P,2482.47,sell,3.0,3.0,,,,,,,1749781003.303
469,ETH-254050192,1749781003370,1,0.025,0.024913,75.91,ETH-25JUL25-2000-P,2482.47,sell,3.0,3.0,,,,,,,1749781003.37
470,ETH-254065999,1749782832200,0,0.026,0.026075,75.26,ETH-25JUL25-2000-P,2461.77,sell,200.0,200.0,,,,,,,1749782832.2
471,ETH-254066000,1749782832200,1,0.026,0.026075,75.26,ETH-25JUL25-2000-P,2461.77,sell,3.0,3.0,,,,,,,1749782832.2
472,ETH-254066001,1749782832200,1,0.026,0.026075,75.26,ETH-25JUL25-2000-P,2461.77,sell,3.0,3.0,,,,,,,1749782832.2
473,ETH-254070844,1749783682822,2,0.0245,0.024317,75.31,ETH-25JUL25-2000-P,2481.57,sell,3.0,3.0,,,,,,,1749783682.822
474,ETH-254072481,1749784011855,2,0.0235,0.023817,74.71,ETH-25JUL25-2000-P,2488.78,sell,1.0,1.0,,,,,,,1749784011.855
475,ETH-254074798,1749784489981,0,0.024,0.02351,76.01,ETH-25JUL25-2000-P,2496.57,buy,20.0,20.0,,,,,,,1749784489.981
476,ETH-254075547,1749784592460,2,0.0235,0.023051,75.99,ETH-25JUL25-2000-P,2502.93,sell,10.0,10.0,,,,,,,1749784592.46
477,ETH-254077371,1749785363234,3,0.0235,0.023337,75.54,ETH-25JUL25-2000-P,2498.29,sell,10.0,10.0,,,,,,,1749785363.234
478,ETH-254080550,1749786825225,2,0.0225,0.022732,75.05,ETH-25JUL25-2000-P,2506.64,buy,50.0,50.0,,,,,,,1749786825.225
479,ETH-254083607,1749787092366,2,0.022,0.022194,75.37,ETH-25JUL25-2000-P,2517.36,buy,50.0,50.0,,,,,,,1749787092.366
480,ETH-254084237,1749787336386,0,0.0225,0.022573,75.3,ETH-25JUL25-2000-P,2509.46,buy,50.0,50.0,,,,,,,1749787336.386
482,ETH-254086606,1749788983854,1,0.0225,0.022467,75.73,ETH-25JUL25-2000-P,2513.95,sell,4.0,4.0,,,,,,,1749788983.854
481,ETH-254086605,1749788983854,1,0.0225,0.022467,75.73,ETH-25JUL25-2000-P,2513.95,sell,3.0,3.0,,,,,,,1749788983.854
483,ETH-254086607,1749788983854,1,0.0225,0.022467,75.73,ETH-25JUL25-2000-P,2513.95,sell,201.0,201.0,,,,,,,1749788983.854
484,ETH-254087320,1749789619565,1,0.0225,0.022204,75.94,ETH-25JUL25-2000-P,2516.28,buy,1.0,1.0,,,,,,,1749789619.565
485,ETH-254087321,1749789619570,1,0.0225,0.022204,75.94,ETH-25JUL25-2000-P,2516.28,sell,4.0,4.0,,,,,,,1749789619.57
486,ETH-254089325,1749791030347,1,0.0225,0.02245,75.54,ETH-25JUL25-2000-P,2511.57,sell,5.0,5.0,,,,,,,1749791030.347
487,ETH-254089441,1749791168158,1,0.0225,0.022491,75.65,ETH-25JUL25-2000-P,2512.53,sell,120.0,120.0,,,,,,,1749791168.158
488,ETH-254089442,1749791168162,1,0.0225,0.022491,75.65,ETH-25JUL25-2000-P,2512.53,sell,1.0,1.0,,,,,,,1749791168.162
489,ETH-254089512,1749791230935,1,0.0225,0.022558,75.59,ETH-25JUL25-2000-P,2511.8,sell,1.0,1.0,,,,,,,1749791230.935
490,ETH-254089516,1749791230984,1,0.0225,0.022558,75.59,ETH-25JUL25-2000-P,2511.8,sell,1.0,1.0,,,,,,,1749791230.984
491,ETH-254089520,1749791231055,1,0.0225,0.022558,75.59,ETH-25JUL25-2000-P,2511.8,sell,1.0,1.0,,,,,,,1749791231.055
492,ETH-254089521,1749791231230,1,0.0225,0.022552,75.61,ETH-25JUL25-2000-P,2512.02,sell,1.0,1.0,,,,,,,1749791231.23
493,ETH-254089563,1749791277466,1,0.0225,0.022534,75.65,ETH-25JUL25-2000-P,2512.52,sell,1.0,1.0,,,,,,,1749791277.466
494,ETH-254089568,1749791279053,1,0.0225,0.022513,75.65,ETH-25JUL25-2000-P,2512.56,sell,1.0,1.0,,,,,,,1749791279.053
495,ETH-254089569,1749791279064,1,0.0225,0.022513,75.65,ETH-25JUL25-2000-P,2512.56,sell,1.0,1.0,,,,,,,1749791279.064
496,ETH-254089570,1749791279074,1,0.0225,0.022513,75.65,ETH-25JUL25-2000-P,2512.56,sell,1.0,1.0,,,,,,,1749791279.074
497,ETH-254089571,1749791279083,1,0.0225,0.022513,75.65,ETH-25JUL25-2000-P,2512.56,sell,1.0,1.0,,,,,,,1749791279.083
498,ETH-254089572,1749791279093,1,0.0225,0.022513,75.65,ETH-25JUL25-2000-P,2512.56,sell,1.0,1.0,,,,,,,1749791279.093
499,ETH-254089573,1749791279104,1,0.0225,0.022513,75.65,ETH-25JUL25-2000-P,2512.56,sell,1.0,1.0,,,,,,,1749791279.104
500,ETH-254089574,1749791279436,1,0.0225,0.022509,75.67,ETH-25JUL25-2000-P,2512.78,sell,1.0,1.0,,,,,,,1749791279.436
501,ETH-254089575,1749791279442,1,0.0225,0.022509,75.67,ETH-25JUL25-2000-P,2512.78,sell,1.0,1.0,,,,,,,1749791279.442
502,ETH-254089578,1749791281083,1,0.0225,0.022499,75.69,ETH-25JUL25-2000-P,2512.96,sell,1.0,1.0,,,,,,,1749791281.083
503,ETH-254089862,1749791565593,0,0.023,0.022776,76.06,ETH-25JUL25-2000-P,2510.26,buy,1.0,1.0,,,,,,,1749791565.593
504,ETH-254089863,1749791565593,1,0.023,0.022776,76.06,ETH-25JUL25-2000-P,2510.26,buy,60.0,60.0,,,,,,,1749791565.593
505,ETH-254089864,1749791565707,1,0.023,0.022776,76.06,ETH-25JUL25-2000-P,2510.26,buy,4.0,4.0,,,,,,,1749791565.707
506,ETH-254089865,1749791565821,1,0.023,0.022776,76.06,ETH-25JUL25-2000-P,2510.26,buy,3.0,3.0,,,,,,,1749791565.821
508,ETH-254093571,1749794804361,1,0.023,0.02317,75.39,ETH-25JUL25-2000-P,2501.95,sell,3.0,3.0,,,,,,,1749794804.361
507,ETH-254093570,1749794804361,1,0.023,0.02317,75.39,ETH-25JUL25-2000-P,2501.95,sell,4.0,4.0,,,,,,,1749794804.361
509,ETH-254093572,1749794804361,1,0.023,0.02317,75.39,ETH-25JUL25-2000-P,2501.95,sell,112.0,112.0,,,,,,,1749794804.361
510,ETH-254093573,1749794804368,1,0.023,0.02317,75.39,ETH-25JUL25-2000-P,2501.95,sell,3.0,3.0,,,,,,,1749794804.368
511,ETH-254093574,1749794804673,1,0.023,0.02317,75.39,ETH-25JUL25-2000-P,2501.95,sell,1.0,1.0,,,,,,,1749794804.673
512,ETH-254093580,1749794808503,1,0.023,0.023125,75.43,ETH-25JUL25-2000-P,2502.39,sell,1.0,1.0,,,,,,,1749794808.503
513,ETH-254093581,1749794808506,1,0.023,0.023125,75.43,ETH-25JUL25-2000-P,2502.39,sell,1.0,1.0,,,,,,,1749794808.506
514,ETH-254093582,1749794808512,1,0.023,0.023125,75.43,ETH-25JUL25-2000-P,2502.39,sell,1.0,1.0,,,,,,,1749794808.512
515,ETH-254093585,1749794808516,1,0.023,0.023125,75.43,ETH-25JUL25-2000-P,2502.39,sell,1.0,1.0,,,,,,,1749794808.516
516,ETH-254093586,1749794808520,1,0.023,0.023125,75.43,ETH-25JUL25-2000-P,2502.39,sell,3.0,3.0,,,,,,,1749794808.52
517,ETH-254093587,1749794810822,1,0.023,0.023117,75.47,ETH-25JUL25-2000-P,2502.82,sell,1.0,1.0,,,,,,,1749794810.822
518,ETH-254093589,1749794811339,1,0.023,0.023117,75.47,ETH-25JUL25-2000-P,2502.82,sell,1.0,1.0,,,,,,,1749794811.339
519,ETH-254093590,1749794813972,1,0.023,0.023094,75.47,ETH-25JUL25-2000-P,2502.75,sell,1.0,1.0,,,,,,,1749794813.972
520,ETH-254093753,1749794909649,1,0.023,0.023005,75.78,ETH-25JUL25-2000-P,2506.34,sell,75.0,75.0,,,,,,,1749794909.649
522,ETH-254095506,1749796266336,1,0.0235,0.023426,75.87,ETH-25JUL25-2000-P,2500.28,sell,201.0,201.0,,,,,,,1749796266.336
523,ETH-254095507,1749796266336,1,0.0235,0.023426,75.87,ETH-25JUL25-2000-P,2500.28,sell,3.0,3.0,,,,,,,1749796266.336
521,ETH-254095505,1749796266336,0,0.0235,0.023426,75.87,ETH-25JUL25-2000-P,2500.28,sell,4.0,4.0,,,,,,,1749796266.336
524,ETH-254110444,1749800828050,2,0.0205,0.021166,74.98,ETH-25JUL25-2000-P,2534.05,sell,1.0,1.0,,,,,,,1749800828.05
525,ETH-254114868,1749801763940,0,0.022,0.021562,76.45,ETH-25JUL25-2000-P,2527.43,buy,3.0,3.0,,,,,,,1749801763.94
526,ETH-254114870,1749801764032,1,0.022,0.021562,76.45,ETH-25JUL25-2000-P,2527.43,buy,4.0,4.0,,,,,,,1749801764.032
527,ETH-254114871,1749801764125,1,0.022,0.021562,76.45,ETH-25JUL25-2000-P,2527.43,buy,53.0,53.0,,,,,,,1749801764.125
528,ETH-254114872,1749801764125,1,0.022,0.021562,76.45,ETH-25JUL25-2000-P,2527.43,buy,149.0,149.0,,,,,,,1749801764.125
529,ETH-254119069,1749803096159,2,0.0205,0.020905,75.01,ETH-25JUL25-2000-P,2533.25,sell,10.0,10.0,,,,,,,1749803096.159
530,ETH-254119312,1749803276836,3,0.0205,0.020993,74.77,ETH-25JUL25-2000-P,2530.62,sell,7.0,7.0,,,,,,,1749803276.836
531,ETH-254119313,1749803276846,3,0.0205,0.020993,74.77,ETH-25JUL25-2000-P,2530.62,sell,33.0,33.0,,,,,,,1749803276.846
532,ETH-254119316,1749803279393,3,0.0205,0.020982,74.78,ETH-25JUL25-2000-P,2530.77,sell,1.0,1.0,,,,,,,1749803279.393
533,ETH-254122503,1749804822903,0,0.0215,0.021386,75.42,ETH-25JUL25-2000-P,2523.77,sell,3.0,3.0,,,,,,,1749804822.903
534,ETH-254123426,1749805363777,0,0.022,0.021696,75.74,ETH-25JUL25-2000-P,2520.11,buy,4.0,4.0,,,,,,,1749805363.777
535,ETH-254123427,1749805363881,1,0.022,0.021696,75.74,ETH-25JUL25-2000-P,2520.11,buy,124.0,124.0,,,,,,,1749805363.881
536,ETH-254123428,1749805363881,1,0.022,0.021696,75.74,ETH-25JUL25-2000-P,2520.11,buy,78.0,78.0,,,,,,,1749805363.881
537,ETH-254127591,1749806650871,1,0.022,0.022096,75.15,ETH-25JUL25-2000-P,2512.99,sell,4.0,4.0,,,,,,,1749806650.871
538,ETH-254127594,1749806651001,1,0.022,0.022084,75.16,ETH-25JUL25-2000-P,2513.13,sell,1.0,1.0,,,,,,,1749806651.001
539,ETH-254130338,1749807164880,0,0.0225,0.022163,75.85,ETH-25JUL25-2000-P,2513.83,buy,2.0,2.0,,,,,,,1749807164.88
540,ETH-254130339,1749807165017,1,0.0225,0.022163,75.85,ETH-25JUL25-2000-P,2513.83,buy,202.0,202.0,,,,,,,1749807165.017
541,ETH-254137365,1749811582974,2,0.0205,0.020693,74.88,ETH-25JUL25-2000-P,2531.67,buy,1.0,1.0,,,,,,,1749811582.974
543,ETH-254141004,1749814784061,1,0.021,0.020914,75.14,ETH-25JUL25-2000-P,2527.08,sell,3.0,3.0,,,,,,,1749814784.061
542,ETH-254141003,1749814784061,0,0.021,0.020914,75.14,ETH-25JUL25-2000-P,2527.08,sell,202.0,202.0,,,,,,,1749814784.061
544,ETH-254141005,1749814784061,1,0.021,0.020914,75.14,ETH-25JUL25-2000-P,2527.08,sell,4.0,4.0,,,,,,,1749814784.061
545,ETH-254159678,1749823897813,1,0.021,0.020908,75.28,ETH-25JUL25-2000-P,2527.89,buy,1.0,1.0,,,,,,,1749823897.813
546,ETH-254159679,1749823897816,1,0.021,0.020908,75.28,ETH-25JUL25-2000-P,2527.89,sell,4.0,4.0,,,,,,,1749823897.816
547,ETH-254163073,1749824744419,0,0.0215,0.021784,74.64,ETH-25JUL25-2000-P,2513.17,sell,100.0,100.0,,,,,,,1749824744.419
550,ETH-254163145,1749824766181,1,0.0215,0.021555,74.96,ETH-25JUL25-2000-P,2516.65,sell,3.0,3.0,,,,,,,1749824766.181
549,ETH-254163144,1749824766181,1,0.0215,0.021555,74.96,ETH-25JUL25-2000-P,2516.65,sell,4.0,4.0,,,,,,,1749824766.181
548,ETH-254163143,1749824766181,1,0.0215,0.021555,74.96,ETH-25JUL25-2000-P,2516.65,sell,102.0,102.0,,,,,,,1749824766.181
551,ETH-254164771,1749825295126,1,0.0215,0.021546,75.11,ETH-25JUL25-2000-P,2518.38,sell,4.0,4.0,,,,,,,1749825295.126
552,ETH-254164772,1749825295126,1,0.0215,0.021546,75.11,ETH-25JUL25-2000-P,2518.38,sell,36.0,36.0,,,,,,,1749825295.126
553,ETH-254164948,1749825424622,1,0.0215,0.021498,75.39,ETH-25JUL25-2000-P,2521.5,sell,166.0,166.0,,,,,,,1749825424.622
554,ETH-254164949,1749825424622,1,0.0215,0.021498,75.39,ETH-25JUL25-2000-P,2521.5,sell,3.0,3.0,,,,,,,1749825424.622
555,ETH-254165092,1749825555403,2,0.021,0.0213,75.0,ETH-25JUL25-2000-P,2524.76,sell,13.0,13.0,,,,,,,1749825555.403
556,ETH-254177052,1749830298556,2,0.02,0.019556,76.19,ETH-25JUL25-2000-P,2552.72,buy,1.0,1.0,,,,,,,1749830298.556
557,ETH-254188130,1749834978254,3,0.02,0.020001,75.54,ETH-25JUL25-2000-P,2544.73,buy,29.0,29.0,,,,,,,1749834978.254
558,ETH-254194632,1749837164247,0,0.0205,0.02049,75.74,ETH-25JUL25-2000-P,2539.45,sell,144.0,144.0,,,,,,,1749837164.247
559,ETH-254194633,1749837164260,1,0.0205,0.02049,75.74,ETH-25JUL25-2000-P,2539.45,sell,1.0,1.0,,,,,,,1749837164.26
560,ETH-254194636,1749837165903,1,0.0205,0.020498,75.76,ETH-25JUL25-2000-P,2539.7,sell,2.0,2.0,,,,,,,1749837165.903
561,ETH-254194637,1749837165911,1,0.0205,0.020498,75.76,ETH-25JUL25-2000-P,2539.7,sell,1.0,1.0,,,,,,,1749837165.911
562,ETH-254194638,1749837165924,1,0.0205,0.020498,75.76,ETH-25JUL25-2000-P,2539.7,sell,1.0,1.0,,,,,,,1749837165.924
563,ETH-254194639,1749837166257,1,0.0205,0.020487,75.79,ETH-25JUL25-2000-P,2540.04,sell,1.0,1.0,,,,,,,1749837166.257
564,ETH-254194645,1749837167097,1,0.0205,0.020472,75.83,ETH-25JUL25-2000-P,2540.54,sell,1.0,1.0,,,,,,,1749837167.097
565,ETH-254194646,1749837167113,1,0.0205,0.020472,75.83,ETH-25JUL25-2000-P,2540.54,sell,1.0,1.0,,,,,,,1749837167.113
566,ETH-254194648,1749837167129,1,0.0205,0.020472,75.83,ETH-25JUL25-2000-P,2540.54,sell,1.0,1.0,,,,,,,1749837167.129
567,ETH-254194649,1749837167142,1,0.0205,0.020472,75.83,ETH-25JUL25-2000-P,2540.54,sell,1.0,1.0,,,,,,,1749837167.142
568,ETH-254194651,1749837167152,1,0.0205,0.020472,75.83,ETH-25JUL25-2000-P,2540.54,sell,1.0,1.0,,,,,,,1749837167.152
569,ETH-254194652,1749837167162,1,0.0205,0.020472,75.83,ETH-25JUL25-2000-P,2540.54,sell,3.0,3.0,,,,,,,1749837167.162
571,ETH-254195379,1749837551288,1,0.0205,0.020492,76.27,ETH-25JUL25-2000-P,2545.54,sell,4.0,4.0,,,,,,,1749837551.288
572,ETH-254195380,1749837551288,1,0.0205,0.020492,76.27,ETH-25JUL25-2000-P,2545.54,sell,3.0,3.0,,,,,,,1749837551.288
570,ETH-254195378,1749837551288,1,0.0205,0.020492,76.27,ETH-25JUL25-2000-P,2545.54,sell,44.0,44.0,,,,,,,1749837551.288
573,ETH-254200942,1749839563677,0,0.0225,0.022273,76.41,ETH-25JUL25-2000-P,2516.24,buy,1.0,1.0,,,,,,,1749839563.677
574,ETH-254200943,1749839563677,1,0.0225,0.022273,76.41,ETH-25JUL25-2000-P,2516.24,buy,2.0,2.0,,,,,,,1749839563.677
575,ETH-254200944,1749839563770,1,0.0225,0.022273,76.41,ETH-25JUL25-2000-P,2516.24,buy,4.0,4.0,,,,,,,1749839563.77
577,ETH-254200946,1749839563869,0,0.023,0.022273,77.04,ETH-25JUL25-2000-P,2516.24,buy,146.0,146.0,,,,,,,1749839563.869
576,ETH-254200945,1749839563869,1,0.0225,0.022273,76.41,ETH-25JUL25-2000-P,2516.24,buy,56.0,56.0,,,,,,,1749839563.869
578,ETH-254203463,1749840316281,2,0.022,0.022041,76.16,ETH-25JUL25-2000-P,2520.64,sell,4.0,4.0,,,,,,,1749840316.281
579,ETH-254203464,1749840316281,3,0.022,0.022041,76.16,ETH-25JUL25-2000-P,2520.64,sell,72.0,72.0,,,,,,,1749840316.281
580,ETH-254203483,1749840316368,3,0.022,0.022041,76.16,ETH-25JUL25-2000-P,2520.64,sell,2.0,2.0,,,,,,,1749840316.368
581,ETH-254203492,1749840316439,3,0.022,0.022041,76.16,ETH-25JUL25-2000-P,2520.64,sell,2.0,2.0,,,,,,,1749840316.439
582,ETH-254203526,1749840316527,3,0.022,0.022041,76.16,ETH-25JUL25-2000-P,2520.64,sell,4.0,4.0,,,,,,,1749840316.527
583,ETH-254203532,1749840316573,3,0.022,0.022041,76.16,ETH-25JUL25-2000-P,2520.64,sell,2.0,2.0,,,,,,,1749840316.573
584,ETH-254203543,1749840316612,3,0.022,0.022041,76.16,ETH-25JUL25-2000-P,2520.64,sell,2.0,2.0,,,,,,,1749840316.612
585,ETH-254203550,1749840316631,3,0.022,0.022041,76.16,ETH-25JUL25-2000-P,2520.64,sell,4.0,4.0,,,,,,,1749840316.631
586,ETH-254203567,1749840316705,3,0.022,0.022041,76.16,ETH-25JUL25-2000-P,2520.64,sell,1.0,1.0,,,,,,,1749840316.705
587,ETH-254203569,1749840316732,3,0.022,0.022041,76.16,ETH-25JUL25-2000-P,2520.64,sell,1.0,1.0,,,,,,,1749840316.732
588,ETH-254203571,1749840316776,3,0.022,0.022041,76.16,ETH-25JUL25-2000-P,2520.64,sell,2.0,2.0,,,,,,,1749840316.776
589,ETH-254203573,1749840316830,3,0.022,0.022041,76.16,ETH-25JUL25-2000-P,2520.64,sell,2.0,2.0,,,,,,,1749840316.83
590,ETH-254203580,1749840317023,3,0.022,0.022041,76.16,ETH-25JUL25-2000-P,2520.64,sell,1.0,1.0,,,,,,,1749840317.023
591,ETH-254203582,1749840317047,3,0.022,0.022041,76.16,ETH-25JUL25-2000-P,2520.64,sell,1.0,1.0,,,,,,,1749840317.047
592,ETH-254203585,1749840317074,3,0.022,0.022041,76.16,ETH-25JUL25-2000-P,2520.64,sell,2.0,2.0,,,,,,,1749840317.074
593,ETH-254203588,1749840317095,3,0.022,0.022041,76.16,ETH-25JUL25-2000-P,2520.64,sell,1.0,1.0,,,,,,,1749840317.095
594,ETH-254203664,1749840326693,3,0.022,0.021848,76.52,ETH-25JUL25-2000-P,2524.73,sell,1.0,1.0,,,,,,,1749840326.693
595,ETH-254203665,1749840326736,3,0.022,0.021848,76.52,ETH-25JUL25-2000-P,2524.73,sell,1.0,1.0,,,,,,,1749840326.736
596,ETH-254203671,1749840327487,3,0.022,0.021845,76.55,ETH-25JUL25-2000-P,2525.07,sell,1.0,1.0,,,,,,,1749840327.487
597,ETH-254203672,1749840327511,3,0.022,0.021845,76.55,ETH-25JUL25-2000-P,2525.07,sell,1.0,1.0,,,,,,,1749840327.511
598,ETH-254203673,1749840327516,3,0.022,0.021845,76.55,ETH-25JUL25-2000-P,2525.07,sell,1.0,1.0,,,,,,,1749840327.516
599,ETH-254203674,1749840327781,3,0.022,0.021845,76.55,ETH-25JUL25-2000-P,2525.07,sell,1.0,1.0,,,,,,,1749840327.781
601,ETH-254203975,1749840386744,3,0.022,0.021953,76.84,ETH-25JUL25-2000-P,2528.34,sell,3.0,3.0,,,,,,,1749840386.744
600,ETH-254203974,1749840386744,3,0.022,0.021953,76.84,ETH-25JUL25-2000-P,2528.34,sell,97.0,97.0,,,,,,,1749840386.744
602,ETH-254212216,1749844363835,3,0.022,0.021757,76.96,ETH-25JUL25-2000-P,2529.42,buy,1.0,1.0,,,,,,,1749844363.835
605,ETH-254212219,1749844363835,3,0.022,0.021757,76.96,ETH-25JUL25-2000-P,2529.42,buy,55.0,55.0,,,,,,,1749844363.835
603,ETH-254212217,1749844363835,3,0.022,0.021757,76.96,ETH-25JUL25-2000-P,2529.42,buy,61.0,61.0,,,,,,,1749844363.835
604,ETH-254212218,1749844363835,3,0.022,0.021757,76.96,ETH-25JUL25-2000-P,2529.42,buy,20.0,20.0,,,,,,,1749844363.835
606,ETH-254212220,1749844363835,3,0.022,0.021757,76.96,ETH-25JUL25-2000-P,2529.42,buy,65.0,65.0,,,,,,,1749844363.835
607,ETH-254212221,1749844363931,3,0.022,0.021757,76.96,ETH-25JUL25-2000-P,2529.42,buy,3.0,3.0,,,,,,,1749844363.931
608,ETH-254212222,1749844364022,3,0.022,0.021757,76.96,ETH-25JUL25-2000-P,2529.42,buy,4.0,4.0,,,,,,,1749844364.022
609,ETH-254265061,1749908751499,2,0.0205,0.020458,75.83,ETH-25JUL25-2000-P,2530.36,buy,1.0,1.0,,,,,,,1749908751.499
610,ETH-254267681,1749912271629,2,0.02,0.019913,75.15,ETH-25JUL25-2000-P,2529.57,buy,30.0,30.0,,,,,,,1749912271.629
611,ETH-254267724,1749912412033,3,0.02,0.019991,75.07,ETH-25JUL25-2000-P,2528.76,buy,30.0,30.0,,,,,,,1749912412.033
612,ETH-254275110,1749918203112,0,0.021,0.020553,75.34,ETH-25JUL25-2000-P,2515.43,buy,1.0,1.0,,,,,,,1749918203.112
613,ETH-254276480,1749919438882,2,0.0205,0.020929,74.11,ETH-25JUL25-2000-P,2509.26,sell,1.0,1.0,,,,,,,1749919438.882
614,ETH-254276613,1749919582115,0,0.021,0.020999,74.61,ETH-25JUL25-2000-P,2507.51,buy,9.0,9.0,,,,,,,1749919582.115
615,ETH-254279595,1749920124196,0,0.0215,0.021499,74.74,ETH-25JUL25-2000-P,2500.84,sell,134.0,134.0,,,,,,,1749920124.196
616,ETH-254280673,1749920584257,0,0.022,0.022084,74.74,ETH-25JUL25-2000-P,2493.85,buy,1.0,1.0,,,,,,,1749920584.257
618,ETH-254280675,1749920584257,1,0.0225,0.022084,75.38,ETH-25JUL25-2000-P,2493.85,buy,31.0,31.0,,,,,,,1749920584.257
617,ETH-254280674,1749920584257,0,0.0225,0.022084,75.38,ETH-25JUL25-2000-P,2493.85,buy,36.0,36.0,,,,,,,1749920584.257
619,ETH-254280676,1749920584353,1,0.0225,0.022084,75.38,ETH-25JUL25-2000-P,2493.85,buy,3.0,3.0,,,,,,,1749920584.353
620,ETH-254280677,1749920584453,1,0.0225,0.022084,75.38,ETH-25JUL25-2000-P,2493.85,buy,4.0,4.0,,,,,,,1749920584.453
621,ETH-254281035,1749920813456,2,0.0215,0.021484,75.03,ETH-25JUL25-2000-P,2504.03,sell,49.0,49.0,,,,,,,1749920813.456
622,ETH-254285742,1749925917090,3,0.0215,0.021604,74.54,ETH-25JUL25-2000-P,2499.16,buy,1.0,1.0,,,,,,,1749925917.09
623,ETH-254286752,1749926563843,0,0.0225,0.022019,75.34,ETH-25JUL25-2000-P,2492.8,buy,3.0,3.0,,,,,,,1749926563.843
624,ETH-254286753,1749926563930,1,0.0225,0.022024,75.31,ETH-25JUL25-2000-P,2492.54,buy,4.0,4.0,,,,,,,1749926563.93
625,ETH-254286754,1749926564022,1,0.0225,0.022024,75.31,ETH-25JUL25-2000-P,2492.54,buy,202.0,202.0,,,,,,,1749926564.022
627,ETH-254287569,1749927350667,3,0.0215,0.021464,75.29,ETH-25JUL25-2000-P,2506.35,sell,140.0,140.0,,,,,,,1749927350.667
626,ETH-254287568,1749927350667,2,0.0215,0.021464,75.29,ETH-25JUL25-2000-P,2506.35,sell,4.0,4.0,,,,,,,1749927350.667
628,ETH-254287570,1749927350843,3,0.0215,0.021459,75.35,ETH-25JUL25-2000-P,2507.01,sell,1.0,1.0,,,,,,,1749927350.843
629,ETH-254287572,1749927351827,3,0.0215,0.02142,75.42,ETH-25JUL25-2000-P,2507.79,sell,1.0,1.0,,,,,,,1749927351.827
630,ETH-254287573,1749927351833,3,0.0215,0.02142,75.42,ETH-25JUL25-2000-P,2507.79,sell,1.0,1.0,,,,,,,1749927351.833
631,ETH-254287574,1749927351906,3,0.0215,0.02142,75.42,ETH-25JUL25-2000-P,2507.79,sell,1.0,1.0,,,,,,,1749927351.906
632,ETH-254287575,1749927351910,3,0.0215,0.02142,75.42,ETH-25JUL25-2000-P,2507.79,sell,1.0,1.0,,,,,,,1749927351.91
633,ETH-254287576,1749927352311,3,0.0215,0.02142,75.42,ETH-25JUL25-2000-P,2507.79,sell,57.0,57.0,,,,,,,1749927352.311
634,ETH-254287577,1749927352311,3,0.0215,0.02142,75.42,ETH-25JUL25-2000-P,2507.79,sell,3.0,3.0,,,,,,,1749927352.311
636,ETH-254291684,1749931963968,1,0.022,0.021683,75.69,ETH-25JUL25-2000-P,2503.47,buy,201.0,201.0,,,,,,,1749931963.968
635,ETH-254291683,1749931963968,0,0.022,0.021683,75.69,ETH-25JUL25-2000-P,2503.47,buy,1.0,1.0,,,,,,,1749931963.968
637,ETH-254291685,1749931964073,1,0.022,0.021683,75.69,ETH-25JUL25-2000-P,2503.47,buy,3.0,3.0,,,,,,,1749931964.073
638,ETH-254291686,1749931964164,1,0.022,0.021683,75.69,ETH-25JUL25-2000-P,2503.47,buy,4.0,4.0,,,,,,,1749931964.164
639,ETH-254319160,1749976806937,2,0.0205,0.020417,75.69,ETH-25JUL25-2000-P,2521.0,buy,1.0,1.0,,,,,,,1749976806.937
640,ETH-254319414,1749977357185,3,0.0205,0.020481,75.69,ETH-25JUL25-2000-P,2520.6,buy,1.0,1.0,,,,,,,1749977357.185
642,ETH-254321210,1749979963711,1,0.0215,0.021133,76.15,ETH-25JUL25-2000-P,2510.53,buy,201.0,201.0,,,,,,,1749979963.711
641,ETH-254321209,1749979963711,0,0.0215,0.021133,76.15,ETH-25JUL25-2000-P,2510.53,buy,1.0,1.0,,,,,,,1749979963.711
643,ETH-254321212,1749979963800,1,0.0215,0.021133,76.15,ETH-25JUL25-2000-P,2510.53,buy,3.0,3.0,,,,,,,1749979963.8
644,ETH-254321213,1749979963888,1,0.0215,0.021133,76.15,ETH-25JUL25-2000-P,2510.53,buy,4.0,4.0,,,,,,,1749979963.888
645,ETH-254324842,1749987189194,2,0.021,0.02102,76.13,ETH-25JUL25-2000-P,2515.55,buy,1.0,1.0,,,,,,,1749987189.194
646,ETH-254326276,1749990044213,2,0.0205,0.020589,76.02,ETH-25JUL25-2000-P,2521.3,buy,1.0,1.0,,,,,,,1749990044.213
647,ETH-254329722,1749995158850,2,0.02,0.02001,76.96,ETH-25JUL25-2000-P,2539.47,sell,25.0,25.0,,,,,,,1749995158.85
648,ETH-254336313,1749999455066,3,0.02,0.020511,78.05,ETH-25JUL25-2000-P,2550.06,sell,9.0,9.0,,,,,,,1749999455.066
649,ETH-254336314,1749999455066,3,0.02,0.020511,78.05,ETH-25JUL25-2000-P,2550.06,sell,1.0,1.0,,,,,,,1749999455.066
650,ETH-254336323,1749999482229,3,0.02,0.020533,78.06,ETH-25JUL25-2000-P,2550.19,sell,10.0,10.0,,,,,,,1749999482.229
651,ETH-254337357,1750000466568,0,0.0205,0.02062,78.51,ETH-25JUL25-2000-P,2547.22,buy,25.0,25.0,,,,,,,1750000466.568
652,ETH-254338429,1750002136770,2,0.02,0.020232,78.08,ETH-25JUL25-2000-P,2550.59,sell,50.0,50.0,,,,,,,1750002136.77
653,ETH-254353640,1750020163458,0,0.023,0.022741,77.08,ETH-25JUL25-2000-P,2493.68,buy,202.0,202.0,,,,,,,1750020163.458
654,ETH-254353641,1750020163542,1,0.023,0.022741,77.08,ETH-25JUL25-2000-P,2493.68,buy,4.0,4.0,,,,,,,1750020163.542
655,ETH-254353642,1750020163625,1,0.023,0.022741,77.08,ETH-25JUL25-2000-P,2493.68,buy,3.0,3.0,,,,,,,1750020163.625
656,ETH-254355435,1750021002798,2,0.0225,0.022375,76.95,ETH-25JUL25-2000-P,2499.42,sell,4.0,4.0,,,,,,,1750021002.798
657,ETH-254355436,1750021002875,3,0.0225,0.022375,76.95,ETH-25JUL25-2000-P,2499.42,sell,3.0,3.0,,,,,,,1750021002.875
658,ETH-254355437,1750021002963,3,0.0225,0.022375,76.95,ETH-25JUL25-2000-P,2499.42,sell,145.0,145.0,,,,,,,1750021002.963
659,ETH-254355438,1750021003762,3,0.0225,0.022382,76.95,ETH-25JUL25-2000-P,2499.38,sell,2.0,2.0,,,,,,,1750021003.762
660,ETH-254355444,1750021011325,3,0.0225,0.022427,76.98,ETH-25JUL25-2000-P,2499.66,sell,1.0,1.0,,,,,,,1750021011.325
661,ETH-254355445,1750021011330,3,0.0225,0.022427,76.98,ETH-25JUL25-2000-P,2499.66,sell,1.0,1.0,,,,,,,1750021011.33
662,ETH-254355446,1750021011335,3,0.0225,0.022427,76.98,ETH-25JUL25-2000-P,2499.66,sell,1.0,1.0,,,,,,,1750021011.335
663,ETH-254355464,1750021029663,3,0.0225,0.022397,77.17,ETH-25JUL25-2000-P,2501.73,sell,51.0,51.0,,,,,,,1750021029.663
664,ETH-254372869,1750028351149,2,0.0215,0.021607,79.65,ETH-25JUL25-2000-P,2544.78,sell,129.0,129.0,,,,,,,1750028351.149
665,ETH-254372870,1750028351171,3,0.0215,0.021607,79.65,ETH-25JUL25-2000-P,2544.78,sell,1.0,1.0,,,,,,,1750028351.171
666,ETH-254374782,1750029703990,3,0.0215,0.021527,79.66,ETH-25JUL25-2000-P,2544.39,buy,2.0,2.0,,,,,,,1750029703.99
667,ETH-254386545,1750037818461,2,0.021,0.021628,77.43,ETH-25JUL25-2000-P,2524.83,sell,10.0,10.0,,,,,,,1750037818.461
668,ETH-254399826,1750048642117,2,0.018,0.018466,77.6,ETH-25JUL25-2000-P,2574.33,sell,5.0,5.0,,,,,,,1750048642.117
669,ETH-254399889,1750048745618,3,0.018,0.018304,77.85,ETH-25JUL25-2000-P,2577.21,sell,5.0,5.0,,,,,,,1750048745.618
670,ETH-254425229,1750063915843,2,0.016,0.016017,79.14,ETH-25JUL25-2000-P,2629.11,sell,5.0,5.0,,,,,,,1750063915.843
671,ETH-254435581,1750075014713,0,0.0165,0.015886,79.12,ETH-25JUL25-2000-P,2618.08,buy,1.0,1.0,,,,,,,1750075014.713
672,ETH-254445348,1750082162958,2,0.016,0.01585,79.37,ETH-25JUL25-2000-P,2630.77,sell,10.0,10.0,,,,,,,1750082162.958
673,ETH-254454583,1750084943811,2,0.015,0.015226,79.14,ETH-25JUL25-2000-P,2647.79,sell,1.0,1.0,,,,,,,1750084943.811
674,ETH-254455136,1750085156053,3,0.015,0.015232,79.18,ETH-25JUL25-2000-P,2648.41,buy,1.0,1.0,,,,,,,1750085156.053
675,ETH-254476541,1750101988064,2,0.013,0.013333,77.62,ETH-25JUL25-2000-P,2668.89,sell,1.0,1.0,,,,,,,1750101988.064
676,ETH-254480182,1750104150705,0,0.014,0.013732,78.6,ETH-25JUL25-2000-P,2658.62,buy,50.0,50.0,,,,,,,1750104150.705
677,ETH-254488864,1750109281778,0,0.0145,0.013942,79.48,ETH-25JUL25-2000-P,2658.09,buy,2.0,2.0,,,,,,,1750109281.778
678,ETH-254489366,1750109706458,1,0.0145,0.014144,79.04,ETH-25JUL25-2000-P,2652.09,buy,3.0,3.0,,,,,,,1750109706.458
679,ETH-254490740,1750111010307,1,0.0145,0.014039,79.0,ETH-25JUL25-2000-P,2651.46,buy,10.0,10.0,,,,,,,1750111010.307
680,ETH-254492997,1750113106300,2,0.014,0.014164,77.95,ETH-25JUL25-2000-P,2648.79,buy,5.0,5.0,,,,,,,1750113106.3
681,ETH-254514812,1750114548888,0,0.0175,0.017609,77.09,ETH-25JUL25-2000-P,2568.58,buy,10.0,10.0,,,,,,,1750114548.888
682,ETH-254567993,1750137829146,2,0.017,0.016941,78.22,ETH-25JUL25-2000-P,2587.77,buy,20.0,20.0,,,,,,,1750137829.146
683,ETH-254571122,1750139878907,3,0.017,0.01734,77.69,ETH-25JUL25-2000-P,2580.93,sell,3.0,3.0,,,,,,,1750139878.907
684,ETH-254578662,1750148459793,0,0.0172,0.017484,77.97,ETH-25JUL25-2000-P,2579.76,sell,10000.0,10000.0,,,5.0,BLOCK-205655,,,1750148459.793
685,ETH-254589153,1750156414595,0,0.0185,0.018107,78.49,ETH-25JUL25-2000-P,2561.82,buy,1.0,1.0,,,,,,,1750156414.595
686,ETH-254589223,1750156467244,1,0.0185,0.018163,78.4,ETH-25JUL25-2000-P,2560.73,buy,1.0,1.0,,,,,,,1750156467.244
687,ETH-254589247,1750156503890,1,0.0185,0.018252,78.26,ETH-25JUL25-2000-P,2559.21,buy,10.0,10.0,,,,,,,1750156503.89
688,ETH-254599574,1750165631451,1,0.0185,0.018067,77.89,ETH-25JUL25-2000-P,2553.53,buy,2.0,2.0,,,,,,,1750165631.451
689,ETH-254599853,1750165844980,1,0.0185,0.018325,77.52,ETH-25JUL25-2000-P,2549.41,buy,1.0,1.0,,,,,,,1750165844.98
691,ETH-254639689,1750178137032,1,0.022,0.021572,76.61,ETH-25JUL25-2000-P,2483.39,buy,7.0,7.0,,,,,,,1750178137.032
690,ETH-254639688,1750178137032,0,0.022,0.021572,76.61,ETH-25JUL25-2000-P,2483.39,buy,1.0,1.0,,,,,,,1750178137.032
692,ETH-254648763,1750179756558,0,0.023,0.022996,75.78,ETH-25JUL25-2000-P,2460.1,sell,50.0,50.0,,,,,,,1750179756.558
693,ETH-254648770,1750179757166,1,0.023,0.022996,75.78,ETH-25JUL25-2000-P,2460.1,sell,50.0,50.0,,,,,,,1750179757.166
694,ETH-254657732,1750183812890,2,0.022,0.021934,76.08,ETH-25JUL25-2000-P,2476.2,sell,2.0,2.0,,,,,,,1750183812.89
695,ETH-254658138,1750184325925,0,0.0225,0.022049,76.54,ETH-25JUL25-2000-P,2474.41,buy,20.0,20.0,,,,,,,1750184325.925
696,ETH-254658158,1750184374797,1,0.0225,0.022097,76.5,ETH-25JUL25-2000-P,2474.05,buy,10.0,10.0,,,,,,,1750184374.797
697,ETH-254658296,1750184552561,1,0.0225,0.022122,76.54,ETH-25JUL25-2000-P,2474.43,buy,20.0,20.0,,,,,,,1750184552.561
698,ETH-254680680,1750199489628,2,0.02,0.019876,77.05,ETH-25JUL25-2000-P,2514.88,sell,1.0,1.0,,,,,,,1750199489.628
699,ETH-254690119,1750211221533,2,0.019,0.01923,76.35,ETH-25JUL25-2000-P,2521.37,buy,2.0,2.0,,,,,,,1750211221.533
700,ETH-254690120,1750211221567,3,0.019,0.01923,76.35,ETH-25JUL25-2000-P,2521.37,buy,1.0,1.0,,,,,,,1750211221.567
701,ETH-254691890,1750214084840,2,0.0185,0.018934,76.0,ETH-25JUL25-2000-P,2525.37,sell,1.0,1.0,,,,,,,1750214084.84
702,ETH-254691908,1750214117214,3,0.0185,0.01895,75.98,ETH-25JUL25-2000-P,2525.06,sell,1.0,1.0,,,,,,,1750214117.214
703,ETH-254691945,1750214254194,3,0.0185,0.018945,76.0,ETH-25JUL25-2000-P,2525.25,sell,1.0,1.0,,,,,,,1750214254.194
704,ETH-254692749,1750215702950,0,0.019,0.01939,75.97,ETH-25JUL25-2000-P,2516.83,sell,1.0,1.0,,,,,,,1750215702.95
705,ETH-254692946,1750215973551,2,0.0185,0.019274,75.4,ETH-25JUL25-2000-P,2518.5,sell,1.0,1.0,,,,,,,1750215973.551
706,ETH-254693043,1750216081664,0,0.019,0.019551,75.73,ETH-25JUL25-2000-P,2514.24,sell,1.0,1.0,,,,,,,1750216081.664
707,ETH-254693216,1750216302996,1,0.019,0.019345,75.94,ETH-25JUL25-2000-P,2516.48,sell,1.0,1.0,,,,,,,1750216302.996
708,ETH-254693628,1750216831944,2,0.0185,0.018942,75.74,ETH-25JUL25-2000-P,2521.84,sell,1.0,1.0,,,,,,,1750216831.944
709,ETH-254699463,1750225703830,2,0.0175,0.018102,75.93,ETH-25JUL25-2000-P,2539.17,sell,1.0,1.0,,,,,,,1750225703.83
710,ETH-254699505,1750225767519,3,0.0175,0.018134,75.87,ETH-25JUL25-2000-P,2538.61,sell,1.0,1.0,,,,,,,1750225767.519
711,ETH-254712007,1750241031124,0,0.0185,0.018683,76.06,ETH-25JUL25-2000-P,2522.66,buy,3.0,3.0,,,,,,,1750241031.124
712,ETH-254713680,1750242243403,0,0.019,0.019106,76.06,ETH-25JUL25-2000-P,2514.55,buy,1.0,1.0,,,,,,,1750242243.403
713,ETH-254714823,1750242986010,0,0.0195,0.019677,76.17,ETH-25JUL25-2000-P,2508.11,buy,3.0,3.0,,,,,,,1750242986.01
714,ETH-254717215,1750244121189,0,0.02,0.020287,75.87,ETH-25JUL25-2000-P,2496.97,buy,3.0,3.0,,,,,,,1750244121.189
715,ETH-254767330,1750268838163,0,0.021,0.021004,76.84,ETH-25JUL25-2000-P,2488.13,buy,1.0,1.0,,,,,,,1750268838.163
716,ETH-254777303,1750272115119,2,0.0205,0.020358,77.39,ETH-25JUL25-2000-P,2501.88,sell,10.0,10.0,,,,,,,1750272115.119
717,ETH-254777692,1750272371969,0,0.021,0.020763,77.57,ETH-25JUL25-2000-P,2496.55,sell,5.0,5.0,,,,,,,1750272371.969
718,ETH-254791710,1750280325489,2,0.0185,0.018832,77.01,ETH-25JUL25-2000-P,2529.02,sell,50.0,50.0,,,,,,,1750280325.489
719,ETH-254803102,1750292983839,3,0.0185,0.018153,77.76,ETH-25JUL25-2000-P,2535.79,sell,1.0,1.0,,,,,,,1750292983.839
720,ETH-254805243,1750294070236,2,0.018,0.017943,77.51,ETH-25JUL25-2000-P,2541.49,buy,20.0,20.0,,,,,,,1750294070.236
721,ETH-254806620,1750295085353,0,0.019,0.018816,77.64,ETH-25JUL25-2000-P,2526.57,buy,1.0,1.0,,,,,,,1750295085.353
723,ETH-254810941,1750297664076,1,0.019,0.019455,76.93,ETH-25JUL25-2000-P,2517.87,sell,3.0,3.0,,,,,,,1750297664.076
722,ETH-254810940,1750297664076,1,0.019,0.019455,76.93,ETH-25JUL25-2000-P,2517.87,sell,65.0,65.0,,,,,,,1750297664.076
725,ETH-254810943,1750297666328,1,0.019,0.019453,76.93,ETH-25JUL25-2000-P,2517.81,sell,3.0,3.0,,,,,,,1750297666.328
724,ETH-254810942,1750297666328,1,0.019,0.019453,76.93,ETH-25JUL25-2000-P,2517.81,sell,65.0,65.0,,,,,,,1750297666.328
726,ETH-254819249,1750315986949,1,0.019,0.01858,77.17,ETH-25JUL25-2000-P,2518.19,buy,128.0,128.0,,,,,,,1750315986.949
727,ETH-254819250,1750315986949,1,0.019,0.01858,77.17,ETH-25JUL25-2000-P,2518.19,buy,172.0,172.0,,,,,,,1750315986.949
728,ETH-254828782,1750327714135,2,0.0175,0.017349,76.65,ETH-25JUL25-2000-P,2535.22,buy,188.0,188.0,,,,,,,1750327714.135
729,ETH-254828783,1750327714135,3,0.0175,0.017349,76.65,ETH-25JUL25-2000-P,2535.22,buy,62.0,62.0,,,,,,,1750327714.135
730,ETH-254837717,1750340088795,0,0.018,0.018018,76.2,ETH-25JUL25-2000-P,2519.76,sell,50.0,50.0,,,,,,,1750340088.795
731,ETH-254840486,1750343096195,1,0.018,0.018028,76.07,ETH-25JUL25-2000-P,2518.42,sell,1.0,1.0,,,,,,,1750343096.195
732,ETH-254842421,1750344666237,0,0.019,0.019152,75.67,ETH-25JUL25-2000-P,2498.08,buy,1.0,1.0,,,,,,,1750344666.237
733,ETH-254849313,1750352077123,0,0.0195,0.019561,75.51,ETH-25JUL25-2000-P,2487.62,sell,50.0,50.0,,,,,,,1750352077.123
734,ETH-254889976,1750406107152,2,0.016,0.016131,76.32,ETH-25JUL25-2000-P,2547.07,buy,300.0,300.0,,,,,,,1750406107.152
735,ETH-254903195,1750413973803,3,0.016,0.015804,76.83,ETH-25JUL25-2000-P,2552.77,buy,250.0,250.0,,,,,,,1750413973.803
737,ETH-254903197,1750413973816,3,0.016,0.015804,76.83,ETH-25JUL25-2000-P,2552.77,buy,122.0,122.0,,,,,,,1750413973.816
736,ETH-254903196,1750413973816,3,0.016,0.015804,76.83,ETH-25JUL25-2000-P,2552.77,buy,221.0,221.0,,,,,,,1750413973.816
738,ETH-254910395,1750420015770,3,0.016,0.015714,77.0,ETH-25JUL25-2000-P,2554.53,sell,50.0,50.0,,,,,,,1750420015.77
739,ETH-254916387,1750426642058,2,0.0155,0.015799,75.8,ETH-25JUL25-2000-P,2549.7,sell,60.0,60.0,,,,,,,1750426642.058
740,ETH-254916388,1750426642070,3,0.0155,0.015799,75.8,ETH-25JUL25-2000-P,2549.7,sell,60.0,60.0,,,,,,,1750426642.07
741,ETH-254916389,1750426642076,3,0.0155,0.015799,75.8,ETH-25JUL25-2000-P,2549.7,sell,60.0,60.0,,,,,,,1750426642.076
742,ETH-254931862,1750432652731,0,0.018,0.017406,75.63,ETH-25JUL25-2000-P,2502.57,buy,6.0,6.0,,,,,,,1750432652.731
743,ETH-254935770,1750435761952,1,0.018,0.018003,74.37,ETH-25JUL25-2000-P,2488.53,sell,50.0,50.0,,,,,,,1750435761.952
744,ETH-254943410,1750440045751,0,0.02,0.019955,74.2,ETH-25JUL25-2000-P,2456.59,buy,13.0,13.0,,,,,,,1750440045.751
745,ETH-254943450,1750440045855,1,0.02,0.02,74.11,ETH-25JUL25-2000-P,2455.71,buy,37.0,37.0,,,,,,,1750440045.855
746,ETH-254948552,1750440248723,0,0.0225,0.022813,73.47,ETH-25JUL25-2000-P,2415.18,sell,5.0,5.0,,,,,,,1750440248.723
747,ETH-254966844,1750442936432,2,0.022,0.022485,73.92,ETH-25JUL25-2000-P,2424.73,sell,1.0,1.0,,,,,,,1750442936.432
748,ETH-254968705,1750443698862,0,0.0235,0.022777,75.56,ETH-25JUL25-2000-P,2421.84,buy,10.0,10.0,,,,,,,1750443698.862
749,ETH-254988135,1750459149693,0,0.024,0.023735,73.91,ETH-25JUL25-2000-P,2398.77,buy,1.0,1.0,,,,,,,1750459149.693
750,ETH-254992174,1750460727266,0,0.025,0.024768,73.76,ETH-25JUL25-2000-P,2385.37,buy,17.0,17.0,,,,,,,1750460727.266
751,ETH-254993348,1750461704694,2,0.024,0.023927,73.7,ETH-25JUL25-2000-P,2395.9,buy,1.0,1.0,,,,,,,1750461704.694
752,ETH-254999550,1750473216691,2,0.0216,0.021887,73.4,ETH-25JUL25-2000-P,2421.45,sell,250.0,250.0,,ETH-RR-25JUL25-2000_3000,2.0,BLOCK-206409,,6707.0,1750473216.691
753,ETH-255005168,1750489649647,2,0.021,0.0212,72.9,ETH-25JUL25-2000-P,2423.06,buy,1.0,1.0,,,,,,,1750489649.647
754,ETH-255009574,1750495592316,3,0.021,0.020915,73.44,ETH-25JUL25-2000-P,2428.42,sell,1.0,1.0,,,,,,,1750495592.316
755,ETH-255009732,1750495907698,3,0.021,0.020822,73.62,ETH-25JUL25-2000-P,2429.86,sell,1.0,1.0,,,,,,,1750495907.698
757,ETH-255035996,1750528245465,1,0.022,0.022442,72.47,ETH-25JUL25-2000-P,2401.68,sell,9.0,9.0,,,,,,,1750528245.465
756,ETH-255035995,1750528245465,0,0.022,0.022442,72.47,ETH-25JUL25-2000-P,2401.68,sell,42.0,42.0,,,,,,,1750528245.465
758,ETH-255042671,1750534959928,0,0.023,0.023187,72.91,ETH-25JUL25-2000-P,2392.29,sell,1.0,1.0,ETH-255042669,ETH-PDIAG-25JUL25_27JUN25-2000_2300,,,,,1750534959.928
759,ETH-255060497,1750541498169,0,0.0325,0.031832,74.48,ETH-25JUL25-2000-P,2308.25,buy,1.0,1.0,,,,,,,1750541498.169
760,ETH-255060773,1750541502173,0,0.0345,0.033495,75.29,ETH-25JUL25-2000-P,2297.48,buy,1.0,1.0,,,,,,,1750541502.173
761,ETH-255061083,1750541505078,0,0.038,0.035754,75.06,ETH-25JUL25-2000-P,2267.8,buy,1.0,1.0,,,,,,,1750541505.078
762,ETH-255075198,1750541938911,2,0.0365,0.036724,76.14,ETH-25JUL25-2000-P,2285.91,buy,3.0,3.0,,,,,,,1750541938.911
763,ETH-255085336,1750543739264,2,0.0345,0.034655,76.58,ETH-25JUL25-2000-P,2305.44,buy,10.0,10.0,,,,,,,1750543739.264
764,ETH-255089442,1750545542861,0,0.0365,0.036459,76.83,ETH-25JUL25-2000-P,2290.64,buy,5.0,5.0,,,,,,,1750545542.861
765,ETH-255091643,1750546263037,2,0.0355,0.035838,75.88,ETH-25JUL25-2000-P,2291.04,sell,1.0,1.0,,,,,,,1750546263.037
766,ETH-255096272,1750548405936,0,0.0375,0.037711,74.72,ETH-25JUL25-2000-P,2265.93,buy,10.0,10.0,,,,,,,1750548405.936
767,ETH-255096713,1750548603483,0,0.038,0.038175,74.78,ETH-25JUL25-2000-P,2262.47,buy,5.0,5.0,,,,,,,1750548603.483
768,ETH-255101312,1750549134738,0,0.0415,0.040748,75.93,ETH-25JUL25-2000-P,2244.38,buy,262.0,262.0,,,,,,,1750549134.738
770,ETH-255101314,1750549134738,1,0.0415,0.040748,75.93,ETH-25JUL25-2000-P,2244.38,buy,251.0,251.0,,,,,,,1750549134.738
769,ETH-255101313,1750549134738,1,0.0415,0.040748,75.93,ETH-25JUL25-2000-P,2244.38,buy,36.0,36.0,,,,,,,1750549134.738
771,ETH-255101315,1750549134744,1,0.0415,0.040748,75.93,ETH-25JUL25-2000-P,2244.38,sell,251.0,251.0,,,,,,,1750549134.744
772,ETH-255101316,1750549134747,1,0.0415,0.040748,75.93,ETH-25JUL25-2000-P,2244.38,sell,200.0,200.0,,,,,,,1750549134.747
773,ETH-255103698,1750549541838,0,0.043,0.04213,76.54,ETH-25JUL25-2000-P,2237.9,buy,297.0,297.0,,,,,,,1750549541.838
775,ETH-255103700,1750549541838,1,0.043,0.04213,76.54,ETH-25JUL25-2000-P,2237.9,buy,109.0,109.0,,,,,,,1750549541.838
774,ETH-255103699,1750549541838,1,0.043,0.04213,76.54,ETH-25JUL25-2000-P,2237.9,buy,100.0,100.0,,,,,,,1750549541.838
776,ETH-255103701,1750549541842,1,0.043,0.04213,76.54,ETH-25JUL25-2000-P,2237.9,sell,1.0,1.0,,,,,,,1750549541.842
777,ETH-255103702,1750549541843,1,0.043,0.04213,76.54,ETH-25JUL25-2000-P,2237.9,sell,149.0,149.0,,,,,,,1750549541.843
778,ETH-255103703,1750549541845,1,0.043,0.04213,76.54,ETH-25JUL25-2000-P,2237.9,sell,344.0,344.0,,,,,,,1750549541.845
779,ETH-255159214,1750566056664,2,0.0355,0.035516,74.46,ETH-25JUL25-2000-P,2278.66,buy,50.0,50.0,,,,,,,1750566056.664
780,ETH-255169656,1750575465578,2,0.0335,0.033649,73.47,ETH-25JUL25-2000-P,2285.77,buy,1.0,1.0,,,,,,,1750575465.578
781,ETH-255174597,1750578736255,0,0.0355,0.035355,73.82,ETH-25JUL25-2000-P,2273.05,sell,5.0,5.0,,,,,,,1750578736.255
782,ETH-255188081,1750586022951,0,0.0385,0.037842,73.53,ETH-25JUL25-2000-P,2247.3,buy,69.0,69.0,,,,,,,1750586022.951
783,ETH-255215090,1750599069081,0,0.0465,0.046874,73.8,ETH-25JUL25-2000-P,2192.03,sell,17.0,17.0,,,,,,,1750599069.081
784,ETH-255234036,1750602449712,0,0.052,0.050999,75.65,ETH-25JUL25-2000-P,2169.73,buy,100.0,100.0,,,,,,,1750602449.712
785,ETH-255234037,1750602449714,1,0.052,0.050999,75.65,ETH-25JUL25-2000-P,2169.73,sell,200.0,200.0,,,,,,,1750602449.714
786,ETH-255234038,1750602449716,1,0.052,0.050999,75.65,ETH-25JUL25-2000-P,2169.73,sell,1.0,1.0,,,,,,,1750602449.716
787,ETH-255234039,1750602449716,1,0.052,0.050999,75.65,ETH-25JUL25-2000-P,2169.73,sell,258.0,258.0,,,,,,,1750602449.716
788,ETH-255234040,1750602449718,1,0.052,0.050999,75.65,ETH-25JUL25-2000-P,2169.73,sell,21.0,21.0,,,,,,,1750602449.718
789,ETH-255234041,1750602449724,1,0.052,0.050999,75.65,ETH-25JUL25-2000-P,2169.73,sell,10.0,10.0,,,,,,,1750602449.724
790,ETH-255234042,1750602449724,1,0.052,0.050999,75.65,ETH-25JUL25-2000-P,2169.73,sell,36.0,36.0,,,,,,,1750602449.724
791,ETH-255234043,1750602449728,1,0.052,0.050999,75.65,ETH-25JUL25-2000-P,2169.73,sell,256.0,256.0,,,,,,,1750602449.728
792,ETH-255234044,1750602449733,1,0.052,0.050999,75.65,ETH-25JUL25-2000-P,2169.73,sell,2.0,2.0,,,,,,,1750602449.733
793,ETH-255234045,1750602449739,1,0.052,0.050999,75.65,ETH-25JUL25-2000-P,2169.73,sell,1.0,1.0,,,,,,,1750602449.739
794,ETH-255234079,1750602449997,1,0.052,0.050999,75.65,ETH-25JUL25-2000-P,2169.73,sell,29.0,29.0,,,,,,,1750602449.997
795,ETH-255234080,1750602450087,1,0.052,0.050999,75.65,ETH-25JUL25-2000-P,2169.73,sell,1.0,1.0,,,,,,,1750602450.087
796,ETH-255234103,1750602451809,1,0.052,0.051079,75.79,ETH-25JUL25-2000-P,2170.6,sell,1.0,1.0,,,,,,,1750602451.809
797,ETH-255234104,1750602451839,1,0.052,0.051079,75.79,ETH-25JUL25-2000-P,2170.6,sell,6.0,6.0,,,,,,,1750602451.839
798,ETH-255234105,1750602451847,1,0.052,0.051079,75.79,ETH-25JUL25-2000-P,2170.6,sell,3.0,3.0,,,,,,,1750602451.847
799,ETH-255234106,1750602451854,1,0.052,0.051079,75.79,ETH-25JUL25-2000-P,2170.6,sell,1.0,1.0,,,,,,,1750602451.854
800,ETH-255234107,1750602451875,1,0.052,0.051079,75.79,ETH-25JUL25-2000-P,2170.6,sell,19.0,19.0,,,,,,,1750602451.875
801,ETH-255234108,1750602452011,1,0.052,0.051079,75.79,ETH-25JUL25-2000-P,2170.6,sell,1.0,1.0,,,,,,,1750602452.011
802,ETH-255234109,1750602452061,1,0.052,0.051079,75.79,ETH-25JUL25-2000-P,2170.6,sell,1.0,1.0,,,,,,,1750602452.061
803,ETH-255234110,1750602452123,1,0.052,0.051079,75.79,ETH-25JUL25-2000-P,2170.6,sell,1.0,1.0,,,,,,,1750602452.123
804,ETH-255234111,1750602452127,1,0.052,0.051079,75.79,ETH-25JUL25-2000-P,2170.6,sell,6.0,6.0,,,,,,,1750602452.127
805,ETH-255234112,1750602452140,1,0.052,0.051079,75.79,ETH-25JUL25-2000-P,2170.6,sell,4.0,4.0,,,,,,,1750602452.14
806,ETH-255234113,1750602452171,1,0.052,0.051079,75.79,ETH-25JUL25-2000-P,2170.6,sell,13.0,13.0,,,,,,,1750602452.171
807,ETH-255234114,1750602452172,1,0.052,0.051079,75.79,ETH-25JUL25-2000-P,2170.6,sell,7.0,7.0,,,,,,,1750602452.172
808,ETH-255234115,1750602452186,1,0.052,0.051079,75.79,ETH-25JUL25-2000-P,2170.6,sell,22.0,22.0,,,,,,,1750602452.186
809,ETH-255238053,1750603035766,2,0.05,0.049306,76.06,ETH-25JUL25-2000-P,2184.49,buy,4.0,4.0,,,,,,,1750603035.766
810,ETH-255251531,1750607629839,3,0.05,0.050865,74.76,ETH-25JUL25-2000-P,2176.29,buy,2.0,2.0,,,,,,,1750607629.839
811,ETH-255253391,1750608241100,0,0.0505,0.049828,76.16,ETH-25JUL25-2000-P,2181.9,buy,21.0,21.0,,,,,,,1750608241.1
812,ETH-255256114,1750609184532,1,0.0505,0.050134,76.0,ETH-25JUL25-2000-P,2181.09,sell,2.0,2.0,,,,,,,1750609184.532
813,ETH-255267334,1750615392783,2,0.0455,0.046469,73.39,ETH-25JUL25-2000-P,2194.58,sell,250.0,250.0,,,,,,,1750615392.783
814,ETH-255267338,1750615406040,3,0.0455,0.046397,73.49,ETH-25JUL25-2000-P,2195.22,sell,250.0,250.0,,,,,,,1750615406.04
815,ETH-255267391,1750615464217,2,0.045,0.045938,73.26,ETH-25JUL25-2000-P,2196.88,sell,36.0,36.0,,,,,,,1750615464.217
816,ETH-255267392,1750615464217,3,0.045,0.045938,73.26,ETH-25JUL25-2000-P,2196.88,sell,364.0,364.0,,,,,,,1750615464.217
817,ETH-255268588,1750616425785,0,0.047,0.046299,74.1,ETH-25JUL25-2000-P,2189.58,buy,41.0,41.0,,,,,,,1750616425.785
818,ETH-255268597,1750616425809,1,0.047,0.046299,74.09,ETH-25JUL25-2000-P,2189.51,buy,2.0,2.0,,,,,,,1750616425.809
819,ETH-255268603,1750616425827,1,0.047,0.046299,74.09,ETH-25JUL25-2000-P,2189.51,buy,4.0,4.0,,,,,,,1750616425.827
820,ETH-255268608,1750616425843,1,0.047,0.046299,74.09,ETH-25JUL25-2000-P,2189.51,buy,70.0,70.0,,,,,,,1750616425.843
821,ETH-255268610,1750616425852,1,0.047,0.046299,74.09,ETH-25JUL25-2000-P,2189.51,buy,15.0,15.0,,,,,,,1750616425.852
822,ETH-255268613,1750616425867,1,0.047,0.046299,74.09,ETH-25JUL25-2000-P,2189.51,buy,2.0,2.0,,,,,,,1750616425.867
823,ETH-255268615,1750616425884,1,0.047,0.046299,74.09,ETH-25JUL25-2000-P,2189.51,buy,20.0,20.0,,,,,,,1750616425.884
824,ETH-255268616,1750616425892,1,0.047,0.046299,74.09,ETH-25JUL25-2000-P,2189.51,buy,2.0,2.0,,,,,,,1750616425.892
825,ETH-255269937,1750617555977,1,0.047,0.047205,73.4,ETH-25JUL25-2000-P,2184.53,sell,10.0,10.0,,,,,,,1750617555.977
826,ETH-255271119,1750618697199,0,0.0475,0.047724,73.55,ETH-25JUL25-2000-P,2182.7,buy,2.0,2.0,,,,,,,1750618697.199
827,ETH-255271315,1750618960626,2,0.0474,0.047437,73.72,ETH-25JUL25-2000-P,2184.16,buy,250.0,250.0,,ETH-PSR12-25JUL25-2400_2000,2.0,BLOCK-206602,,,1750618960.626
828,ETH-255271768,1750619133953,0,0.0491,0.048782,74.05,ETH-25JUL25-2000-P,2176.22,buy,125.0,125.0,,ETH-STRG-25JUL25-2000_2100,2.0,BLOCK-206603,,,1750619133.953
829,ETH-255277261,1750622969692,0,0.05,0.048954,74.64,ETH-25JUL25-2000-P,2174.0,buy,100.0,100.0,,,,,,,1750622969.692
830,ETH-255279798,1750622984158,0,0.0575,0.055834,74.16,ETH-25JUL25-2000-P,2129.4,sell,90.0,90.0,,,,,,,1750622984.158
831,ETH-255279799,1750622984162,1,0.0575,0.055834,74.16,ETH-25JUL25-2000-P,2129.4,sell,1.0,1.0,,,,,,,1750622984.162
832,ETH-255279805,1750622984168,1,0.0575,0.055834,74.16,ETH-25JUL25-2000-P,2129.4,sell,1.0,1.0,,,,,,,1750622984.168
833,ETH-255279809,1750622984173,1,0.0575,0.055834,74.16,ETH-25JUL25-2000-P,2129.4,sell,3.0,3.0,,,,,,,1750622984.173
834,ETH-255279822,1750622984205,1,0.0575,0.055834,74.16,ETH-25JUL25-2000-P,2129.4,sell,1.0,1.0,,,,,,,1750622984.205
835,ETH-255279871,1750622984379,1,0.0575,0.055834,74.16,ETH-25JUL25-2000-P,2129.4,sell,23.0,23.0,,,,,,,1750622984.379
836,ETH-255279876,1750622984419,1,0.0575,0.055834,74.16,ETH-25JUL25-2000-P,2129.4,sell,1.0,1.0,,,,,,,1750622984.419
837,ETH-255279909,1750622984471,1,0.0575,0.055834,74.16,ETH-25JUL25-2000-P,2129.4,sell,1.0,1.0,,,,,,,1750622984.471
838,ETH-255280195,1750622986130,2,0.057,0.058074,72.86,ETH-25JUL25-2000-P,2124.51,sell,1.0,1.0,,,,,M,,1750622986.13
839,ETH-255287795,1750623584542,3,0.057,0.05679,74.27,ETH-25JUL25-2000-P,2131.56,buy,125.0,125.0,,ETH-STRG-25JUL25-2000_2100,2.0,BLOCK-206608,,,1750623584.542
840,ETH-255290281,1750624288687,2,0.0567,0.056387,74.45,ETH-25JUL25-2000-P,2134.02,buy,200.0,200.0,,ETH-STRG-25JUL25-2000_2100,2.0,BLOCK-206609,,,1750624288.687
841,ETH-255311538,1750632201124,2,0.0415,0.041426,74.2,ETH-25JUL25-2000-P,2225.04,sell,124.0,124.0,,,,,,,1750632201.124
842,ETH-255311539,1750632201133,3,0.0415,0.041426,74.2,ETH-25JUL25-2000-P,2225.04,sell,123.0,123.0,,,,,,,1750632201.133
843,ETH-255311541,1750632201340,3,0.0415,0.041434,74.22,ETH-25JUL25-2000-P,2225.19,sell,53.0,53.0,,,,,,,1750632201.34
844,ETH-255312182,1750632273683,2,0.0405,0.040841,73.76,ETH-25JUL25-2000-P,2229.08,sell,1.0,1.0,,,,,,,1750632273.683
845,ETH-255314663,1750633651027,0,0.041,0.041215,73.95,ETH-25JUL25-2000-P,2227.13,buy,50.0,50.0,,,,,,,1750633651.027
846,ETH-255332127,1750650703995,2,0.037,0.037788,71.47,ETH-25JUL25-2000-P,2236.48,sell,1.0,1.0,,,,,,,1750650703.995
847,ETH-255334910,1750655710867,2,0.036,0.036691,71.11,ETH-25JUL25-2000-P,2241.48,sell,17.0,17.0,,,,,,,1750655710.867
848,ETH-255342765,1750661976170,2,0.0355,0.035374,71.98,ETH-25JUL25-2000-P,2251.39,sell,1.0,1.0,,,,,,,1750661976.17
849,ETH-255379082,1750686252806,2,0.0305,0.030905,72.22,ETH-25JUL25-2000-P,2292.89,sell,1.0,1.0,,,,,,,1750686252.806
850,ETH-255404497,1750691001138,0,0.0315,0.032006,71.86,ETH-25JUL25-2000-P,2282.06,sell,15.0,15.0,,,,,,,1750691001.138
851,ETH-255406301,1750691642421,2,0.0305,0.031328,71.51,ETH-25JUL25-2000-P,2288.02,sell,1.0,1.0,,,,,,,1750691642.421
852,ETH-255410482,1750692616104,0,0.0335,0.033982,71.72,ETH-25JUL25-2000-P,2264.43,sell,1.0,1.0,,,,,,,1750692616.104
853,ETH-255417984,1750694887287,0,0.036,0.036637,71.63,ETH-25JUL25-2000-P,2242.92,sell,1.0,1.0,,,,,,,1750694887.287
854,ETH-255419725,1750695335660,0,0.038,0.038613,71.62,ETH-25JUL25-2000-P,2227.69,sell,1.0,1.0,,,,,,,1750695335.66
855,ETH-255421712,1750695731215,0,0.04,0.039449,72.66,ETH-25JUL25-2000-P,2220.34,buy,96.0,96.0,,,,,,,1750695731.215
856,ETH-255423598,1750695912457,2,0.0395,0.040153,71.63,ETH-25JUL25-2000-P,2216.72,sell,1.0,1.0,,,,,,,1750695912.457
857,ETH-255425724,1750696165886,0,0.0405,0.041021,71.74,ETH-25JUL25-2000-P,2210.39,sell,1.0,1.0,,,,,,,1750696165.886
859,ETH-255436112,1750697373166,1,0.0405,0.040216,73.29,ETH-25JUL25-2000-P,2220.75,buy,86.0,86.0,,,,,,,1750697373.166
858,ETH-255436111,1750697373166,1,0.0405,0.040216,73.29,ETH-25JUL25-2000-P,2220.75,buy,10.0,10.0,,,,,,,1750697373.166
860,ETH-255459215,1750702664190,2,0.0313,0.03118,73.66,ETH-25JUL25-2000-P,2296.51,buy,1000.0,1000.0,,ETH-PDIAG-25JUL25_27JUN25-2000_2200,2.0,BLOCK-206803,,,1750702664.19
861,ETH-255459647,1750702745511,0,0.0319,0.031188,74.32,ETH-25JUL25-2000-P,2296.17,buy,1000.0,1000.0,,ETH-PDIAG-25JUL25_27JUN25-2000_2200,2.0,BLOCK-206804,,,1750702745.511
862,ETH-255459823,1750702788793,2,0.0311,0.030923,73.98,ETH-25JUL25-2000-P,2300.63,buy,1000.0,1000.0,,ETH-PDIAG-25JUL25_27JUN25-2000_2200,2.0,BLOCK-206805,,,1750702788.793
863,ETH-255461954,1750703476418,0,0.032,0.032061,73.44,ETH-25JUL25-2000-P,2289.29,sell,1.0,1.0,,,,,,,1750703476.418
864,ETH-255462526,1750703643982,2,0.031,0.030621,73.95,ETH-25JUL25-2000-P,2301.91,buy,1000.0,1000.0,,ETH-PDIAG-25JUL25_27JUN25-2000_2200,2.0,BLOCK-206806,,,1750703643.982
865,ETH-255462598,1750703659058,2,0.0305,0.030441,73.68,ETH-25JUL25-2000-P,2304.28,buy,50.0,50.0,,,,,,,1750703659.058
866,ETH-255462603,1750703659255,3,0.0305,0.030441,73.68,ETH-25JUL25-2000-P,2304.28,buy,50.0,50.0,,,,,,,1750703659.255
867,ETH-255462884,1750703699856,2,0.03,0.029905,73.69,ETH-25JUL25-2000-P,2308.7,buy,50.0,50.0,,,,,,,1750703699.856
868,ETH-255462885,1750703699903,3,0.03,0.029905,73.69,ETH-25JUL25-2000-P,2308.7,buy,50.0,50.0,,,,,,,1750703699.903
869,ETH-255462991,1750703713874,3,0.03,0.029788,73.8,ETH-25JUL25-2000-P,2309.54,buy,50.0,50.0,,,,,,,1750703713.874
870,ETH-255463194,1750703755474,0,0.0304,0.029737,74.44,ETH-25JUL25-2000-P,2310.87,buy,800.0,800.0,,ETH-PDIAG-25JUL25_27JUN25-2000_2200,2.0,BLOCK-206807,,,1750703755.474
871,ETH-255464063,1750703890148,2,0.03,0.029986,73.91,ETH-25JUL25-2000-P,2310.92,sell,60.0,60.0,,,,,,,1750703890.148
872,ETH-255464064,1750703890179,3,0.03,0.029986,73.91,ETH-25JUL25-2000-P,2310.92,sell,60.0,60.0,,,,,,,1750703890.179
873,ETH-255478653,1750709962387,2,0.0255,0.025481,73.23,ETH-25JUL25-2000-P,2348.83,sell,10.0,10.0,,,,,,,1750709962.387
874,ETH-255481869,1750710296906,2,0.024,0.023795,73.79,ETH-25JUL25-2000-P,2369.85,buy,1.0,1.0,,,,,,,1750710296.906
875,ETH-255490914,1750713017148,0,0.025,0.025491,72.41,ETH-25JUL25-2000-P,2347.44,sell,5.0,5.0,,,,,,,1750713017.148
876,ETH-255491589,1750713351165,2,0.0245,0.024538,72.96,ETH-25JUL25-2000-P,2357.48,sell,12.0,12.0,,,,,,,1750713351.165
877,ETH-255495686,1750716165340,0,0.025,0.025419,72.96,ETH-25JUL25-2000-P,2351.21,sell,4.0,4.0,,,,,,,1750716165.34
878,ETH-255497527,1750716327811,2,0.023,0.022958,73.3,ETH-25JUL25-2000-P,2376.77,sell,10.0,10.0,,,,,,,1750716327.811
879,ETH-255498939,1750716560716,2,0.022,0.022383,72.91,ETH-25JUL25-2000-P,2385.56,sell,60.0,60.0,,,,,,,1750716560.716
880,ETH-255505062,1750717367387,2,0.0205,0.020847,73.45,ETH-25JUL25-2000-P,2410.03,sell,10.0,10.0,,,,,,,1750717367.387
881,ETH-255505208,1750717383224,2,0.02,0.020222,73.37,ETH-25JUL25-2000-P,2415.62,sell,60.0,60.0,,,,,,,1750717383.224
882,ETH-255505212,1750717383228,3,0.02,0.020222,73.37,ETH-25JUL25-2000-P,2415.62,sell,60.0,60.0,,,,,,,1750717383.228
883,ETH-255505799,1750717457215,3,0.02,0.020119,73.49,ETH-25JUL25-2000-P,2417.25,sell,10.0,10.0,,,,,,,1750717457.215
884,ETH-255509629,1750717774538,2,0.0195,0.019908,73.39,ETH-25JUL25-2000-P,2423.59,sell,60.0,60.0,,,,,,,1750717774.538
885,ETH-255509630,1750717774563,3,0.0195,0.019908,73.39,ETH-25JUL25-2000-P,2423.59,sell,5.0,5.0,,,,,,,1750717774.563
886,ETH-255509631,1750717774563,3,0.0195,0.019908,73.39,ETH-25JUL25-2000-P,2423.59,sell,55.0,55.0,,,,,,,1750717774.563
887,ETH-255509632,1750717774576,3,0.0195,0.019908,73.39,ETH-25JUL25-2000-P,2423.59,sell,45.0,45.0,,,,,,,1750717774.576
888,ETH-255513388,1750718101626,0,0.0205,0.020796,73.37,ETH-25JUL25-2000-P,2409.79,buy,2.0,2.0,,,,,,,1750718101.626
889,ETH-255529226,1750722730521,2,0.019,0.019424,73.01,ETH-25JUL25-2000-P,2426.03,sell,1.0,1.0,,,,,,,1750722730.521
890,ETH-255546650,1750731989231,0,0.0205,0.020593,72.34,ETH-25JUL25-2000-P,2397.96,sell,5.0,5.0,,,,,,,1750731989.231
891,ETH-255564244,1750746799909,2,0.019,0.019078,73.04,ETH-25JUL25-2000-P,2422.7,buy,2.0,2.0,,,,,,,1750746799.909
892,ETH-255565646,1750747678441,3,0.019,0.018814,73.7,ETH-25JUL25-2000-P,2429.33,sell,14.0,14.0,,,,,,,1750747678.441
893,ETH-255570188,1750750269964,0,0.0205,0.020302,73.74,ETH-25JUL25-2000-P,2409.0,buy,6.0,6.0,,,,,,,1750750269.964
894,ETH-255586712,1750754580640,0,0.021,0.02063,74.03,ETH-25JUL25-2000-P,2404.41,buy,1.0,1.0,,,,,,,1750754580.64
895,ETH-255596312,1750758623225,2,0.0195,0.019965,73.54,ETH-25JUL25-2000-P,2419.61,sell,1.0,1.0,,,,,,,1750758623.225
896,ETH-255597902,1750759487998,0,0.02,0.020194,73.81,ETH-25JUL25-2000-P,2415.42,sell,1.0,1.0,,,,,,,1750759487.998
897,ETH-255598494,1750759799759,2,0.0195,0.020045,73.32,ETH-25JUL25-2000-P,2417.63,sell,1.0,1.0,,,,,,,1750759799.759
898,ETH-255599055,1750760360222,3,0.0195,0.020087,73.22,ETH-25JUL25-2000-P,2416.42,sell,1.0,1.0,,,,,,,1750760360.222
899,ETH-255599725,1750760724274,3,0.0195,0.019939,73.45,ETH-25JUL25-2000-P,2418.34,sell,1.0,1.0,,,,,,,1750760724.274
900,ETH-255599973,1750760973091,3,0.0195,0.02011,73.19,ETH-25JUL25-2000-P,2415.81,sell,1.0,1.0,,,,,,,1750760973.091
901,ETH-255600328,1750761217892,0,0.02,0.02045,73.31,ETH-25JUL25-2000-P,2410.29,sell,1.0,1.0,,,,,,,1750761217.892
902,ETH-255600903,1750761662468,2,0.019,0.019824,72.82,ETH-25JUL25-2000-P,2419.01,sell,1.0,1.0,,,,,,,1750761662.468
903,ETH-255601627,1750761912461,0,0.0195,0.020038,73.02,ETH-25JUL25-2000-P,2413.99,sell,1.0,1.0,,,,,,,1750761912.461
904,ETH-255602234,1750762440735,1,0.0195,0.019905,73.18,ETH-25JUL25-2000-P,2415.22,sell,1.0,1.0,,,,,,,1750762440.735
905,ETH-255602977,1750763281783,1,0.0195,0.019955,73.06,ETH-25JUL25-2000-P,2414.13,sell,1.0,1.0,,,,,,,1750763281.783
906,ETH-255603459,1750763654492,1,0.0195,0.020004,72.99,ETH-25JUL25-2000-P,2413.48,sell,1.0,1.0,,,,,,,1750763654.492
907,ETH-255604595,1750764127023,0,0.0205,0.020879,73.06,ETH-25JUL25-2000-P,2400.68,sell,1.0,1.0,,,,,,,1750764127.023
908,ETH-255606334,1750764724038,2,0.019,0.019421,72.97,ETH-25JUL25-2000-P,2419.33,sell,1.0,1.0,,,,,,,1750764724.038
909,ETH-255608087,1750765284627,0,0.02,0.020442,72.99,ETH-25JUL25-2000-P,2406.37,sell,1.0,1.0,,,,,,,1750765284.627
910,ETH-255609390,1750766014496,1,0.02,0.019999,73.64,ETH-25JUL25-2000-P,2412.13,buy,1.0,1.0,,,,,,,1750766014.496
911,ETH-255610359,1750767073697,2,0.0195,0.019677,73.47,ETH-25JUL25-2000-P,2417.11,sell,1.0,1.0,,,,,,,1750767073.697
912,ETH-255610641,1750767463785,0,0.02,0.020162,73.46,ETH-25JUL25-2000-P,2410.83,buy,1.0,1.0,,,,,,,1750767463.785
913,ETH-255610858,1750767645033,2,0.0195,0.020271,72.58,ETH-25JUL25-2000-P,2409.18,sell,1.0,1.0,,,,,,,1750767645.033
914,ETH-255611072,1750767832275,3,0.0195,0.020231,72.61,ETH-25JUL25-2000-P,2409.23,sell,1.0,1.0,,,,,,,1750767832.275
915,ETH-255611260,1750768018067,0,0.02,0.020298,73.12,ETH-25JUL25-2000-P,2407.41,sell,1.0,1.0,,,,,,,1750768018.067
916,ETH-255611561,1750768213559,2,0.0195,0.020358,72.38,ETH-25JUL25-2000-P,2407.02,sell,1.0,1.0,,,,,,,1750768213.559
917,ETH-255613723,1750770050914,2,0.019,0.019551,72.62,ETH-25JUL25-2000-P,2415.86,sell,1.0,1.0,,,,,,,1750770050.914
918,ETH-255614281,1750770326538,3,0.019,0.019686,72.37,ETH-25JUL25-2000-P,2413.52,sell,1.0,1.0,,,,,,,1750770326.538
919,ETH-255616241,1750770945809,3,0.019,0.01957,72.53,ETH-25JUL25-2000-P,2414.93,sell,1.0,1.0,,,,,,,1750770945.809
920,ETH-255618918,1750771360560,2,0.0185,0.019119,72.45,ETH-25JUL25-2000-P,2420.71,sell,1.0,1.0,,,,,,,1750771360.56
921,ETH-255620954,1750771975001,0,0.0195,0.019995,72.76,ETH-25JUL25-2000-P,2409.83,sell,1.0,1.0,,,,,,,1750771975.001
922,ETH-255621995,1750772226177,2,0.0185,0.01874,73.17,ETH-25JUL25-2000-P,2426.96,sell,1.0,1.0,,,,,,,1750772226.177
923,ETH-255622896,1750772407715,3,0.0185,0.01886,73.06,ETH-25JUL25-2000-P,2426.45,sell,1.0,1.0,,,,,,,1750772407.715
924,ETH-255623499,1750772672025,0,0.019,0.019345,73.0,ETH-25JUL25-2000-P,2418.72,sell,1.0,1.0,,,,,,,1750772672.025
925,ETH-255623813,1750772870980,2,0.0185,0.018991,72.8,ETH-25JUL25-2000-P,2423.73,sell,1.0,1.0,,,,,,,1750772870.98
926,ETH-255624178,1750773111894,3,0.0185,0.019219,72.39,ETH-25JUL25-2000-P,2419.91,sell,1.0,1.0,,,,,,,1750773111.894
927,ETH-255624508,1750773293312,0,0.019,0.019431,72.71,ETH-25JUL25-2000-P,2416.05,sell,1.0,1.0,,,,,,,1750773293.312
928,ETH-255624903,1750773508841,2,0.0185,0.018943,72.67,ETH-25JUL25-2000-P,2422.37,sell,1.0,1.0,,,,,,,1750773508.841
929,ETH-255625528,1750773760039,3,0.0185,0.018823,72.82,ETH-25JUL25-2000-P,2423.64,sell,1.0,1.0,,,,,,,1750773760.039
930,ETH-255626199,1750773987416,2,0.018,0.018347,72.91,ETH-25JUL25-2000-P,2431.75,sell,1.0,1.0,,,,,,,1750773987.416
931,ETH-255627385,1750774280616,3,0.018,0.018736,72.32,ETH-25JUL25-2000-P,2426.48,sell,1.0,1.0,,,,,,,1750774280.616
932,ETH-255627862,1750774466858,3,0.018,0.018413,72.71,ETH-25JUL25-2000-P,2430.06,sell,1.0,1.0,,,,,,,1750774466.858
933,ETH-255628464,1750774661182,3,0.018,0.018643,72.48,ETH-25JUL25-2000-P,2427.82,sell,1.0,1.0,,,,,,,1750774661.182
934,ETH-255629176,1750774875871,2,0.0175,0.017817,72.87,ETH-25JUL25-2000-P,2438.77,sell,1.0,1.0,,,,,,,1750774875.871
935,ETH-255629838,1750775060025,3,0.0175,0.017936,72.66,ETH-25JUL25-2000-P,2436.96,sell,1.0,1.0,,,,,,,1750775060.025
936,ETH-255630674,1750775251745,3,0.0175,0.018118,72.3,ETH-25JUL25-2000-P,2433.61,sell,1.0,1.0,,,,,,,1750775251.745
937,ETH-255631105,1750775435964,3,0.0175,0.018077,72.42,ETH-25JUL25-2000-P,2434.62,sell,1.0,1.0,,,,,,,1750775435.964
938,ETH-255631747,1750775655929,3,0.0175,0.017963,72.57,ETH-25JUL25-2000-P,2435.96,sell,1.0,1.0,,,,,,,1750775655.929
939,ETH-255632828,1750776076600,3,0.0175,0.017879,72.76,ETH-25JUL25-2000-P,2437.78,sell,1.0,1.0,,,,,,,1750776076.6
940,ETH-255633158,1750776265525,3,0.0175,0.017999,72.56,ETH-25JUL25-2000-P,2435.82,sell,1.0,1.0,,,,,,,1750776265.525
941,ETH-255634311,1750776730967,0,0.018,0.018406,72.66,ETH-25JUL25-2000-P,2429.44,sell,1.0,1.0,,,,,,,1750776730.967
942,ETH-255635511,1750777323261,2,0.0175,0.017931,72.71,ETH-25JUL25-2000-P,2437.15,sell,1.0,1.0,,,,,,,1750777323.261
943,ETH-255636541,1750777561588,2,0.017,0.017624,72.62,ETH-25JUL25-2000-P,2443.91,sell,1.0,1.0,,,,,,,1750777561.588
944,ETH-255637459,1750777748795,3,0.017,0.01763,72.4,ETH-25JUL25-2000-P,2441.7,sell,1.0,1.0,,,,,,,1750777748.795
945,ETH-255638219,1750778163054,0,0.018,0.018282,72.89,ETH-25JUL25-2000-P,2431.9,sell,1.0,1.0,,,,,,,1750778163.054
946,ETH-255640352,1750778865868,2,0.0175,0.017808,72.83,ETH-25JUL25-2000-P,2437.85,sell,1.0,1.0,,,,,,,1750778865.868
947,ETH-255647503,1750781644158,0,0.018,0.01799,73.46,ETH-25JUL25-2000-P,2436.59,sell,10.0,10.0,,,,,,,1750781644.158
948,ETH-255648058,1750781937229,1,0.018,0.017458,74.3,ETH-25JUL25-2000-P,2445.28,buy,5.0,5.0,,,,,,,1750781937.229
949,ETH-255648233,1750782060426,2,0.017,0.017414,72.85,ETH-25JUL25-2000-P,2445.83,sell,1.0,1.0,,,,,,,1750782060.426
950,ETH-255649747,1750783159776,0,0.0175,0.017387,73.44,ETH-25JUL25-2000-P,2443.68,buy,50.0,50.0,,,,,,,1750783159.776
951,ETH-255649748,1750783159779,1,0.0175,0.017387,73.44,ETH-25JUL25-2000-P,2443.68,sell,3.0,3.0,,,,,,,1750783159.779
953,ETH-255655845,1750784100175,3,0.016,0.015714,74.56,ETH-25JUL25-2000-P,2478.91,sell,1.0,1.0,,,,,,,1750784100.175
952,ETH-255655844,1750784100175,2,0.016,0.015714,74.56,ETH-25JUL25-2000-P,2478.91,sell,5.0,5.0,,,,,,,1750784100.175
954,ETH-255668977,1750788283878,0,0.0175,0.017078,74.63,ETH-25JUL25-2000-P,2455.16,buy,1.0,1.0,,,,,,,1750788283.878
955,ETH-255669955,1750788923644,2,0.017,0.017459,73.25,ETH-25JUL25-2000-P,2449.05,sell,1.0,1.0,,,,,,,1750788923.644
956,ETH-255673280,1750791370693,0,0.018,0.01781,74.06,ETH-25JUL25-2000-P,2441.43,sell,300.0,300.0,,,,,,,1750791370.693
957,ETH-255680733,1750797789236,1,0.018,0.017471,74.56,ETH-25JUL25-2000-P,2445.34,buy,6.0,6.0,,,,,,,1750797789.236
958,ETH-255683675,1750802084275,2,0.0175,0.017346,73.83,ETH-25JUL25-2000-P,2445.1,buy,2.0,2.0,,,,,,,1750802084.275
960,ETH-255683767,1750802304170,3,0.017,0.017243,73.17,ETH-25JUL25-2000-P,2445.99,sell,3.0,3.0,,,,,,,1750802304.17
959,ETH-255683766,1750802304170,2,0.017,0.017243,73.17,ETH-25JUL25-2000-P,2445.99,sell,60.0,60.0,,,,,,,1750802304.17
961,ETH-255683768,1750802304173,3,0.017,0.017243,73.17,ETH-25JUL25-2000-P,2445.99,buy,135.0,135.0,,,,,,,1750802304.173
962,ETH-255689117,1750810682361,2,0.016,0.016574,72.49,ETH-25JUL25-2000-P,2452.93,sell,1.0,1.0,,,,,,,1750810682.361
963,ETH-255690324,1750812257403,0,0.0165,0.017111,72.18,ETH-25JUL25-2000-P,2441.95,sell,2.0,2.0,,,,,,,1750812257.403
964,ETH-255690352,1750812324998,1,0.0165,0.016957,72.43,ETH-25JUL25-2000-P,2444.39,sell,1.0,1.0,,,,,,,1750812324.998
965,ETH-255713383,1750839720752,1,0.0165,0.016743,72.02,ETH-25JUL25-2000-P,2436.89,buy,1.0,1.0,,,,,,,1750839720.752
966,ETH-255713400,1750839728947,1,0.0165,0.016778,71.97,ETH-25JUL25-2000-P,2436.4,buy,13.0,13.0,,,,,,,1750839728.947
967,ETH-255714070,1750840329952,1,0.0165,0.016914,71.52,ETH-25JUL25-2000-P,2431.73,sell,14.0,14.0,,,,,,,1750840329.952
968,ETH-255714457,1750840930947,1,0.0165,0.016909,71.59,ETH-25JUL25-2000-P,2432.09,sell,13.0,13.0,,,,,,,1750840930.947
969,ETH-255717761,1750843562873,2,0.016,0.016119,71.98,ETH-25JUL25-2000-P,2443.62,buy,1.0,1.0,,,,,,,1750843562.873
970,ETH-255717762,1750843562873,3,0.016,0.016119,71.98,ETH-25JUL25-2000-P,2443.62,buy,6.0,6.0,,,,,,,1750843562.873
971,ETH-255717918,1750843797583,3,0.016,0.016203,71.81,ETH-25JUL25-2000-P,2442.07,buy,1.0,1.0,,,,,,,1750843797.583
972,ETH-255717935,1750843876165,2,0.0155,0.016152,71.08,ETH-25JUL25-2000-P,2442.49,sell,2.0,2.0,,,,,,,1750843876.165
973,ETH-255736844,1750856397776,0,0.0165,0.01646,71.69,ETH-25JUL25-2000-P,2430.42,buy,1.0,1.0,,,,,,,1750856397.776
974,ETH-255737574,1750856783231,2,0.016,0.016637,70.62,ETH-25JUL25-2000-P,2427.53,sell,1.0,1.0,,,,,,,1750856783.231
975,ETH-255738405,1750857320599,3,0.016,0.016021,71.72,ETH-25JUL25-2000-P,2438.41,buy,1.0,1.0,,,,,,,1750857320.599
976,ETH-255738587,1750857428363,3,0.016,0.016068,71.71,ETH-25JUL25-2000-P,2438.34,buy,1.0,1.0,,,,,,,1750857428.363
977,ETH-255738700,1750857490663,3,0.016,0.016089,71.8,ETH-25JUL25-2000-P,2439.2,buy,1.0,1.0,,,,,,,1750857490.663
978,ETH-255739249,1750857728897,3,0.016,0.015848,72.1,ETH-25JUL25-2000-P,2442.27,buy,1.0,1.0,,,,,,,1750857728.897
979,ETH-255739522,1750857910625,3,0.016,0.015916,71.98,ETH-25JUL25-2000-P,2441.29,buy,1.0,1.0,,,,,,,1750857910.625
980,ETH-255740106,1750858209897,3,0.016,0.015924,72.05,ETH-25JUL25-2000-P,2441.5,buy,1.0,1.0,,,,,,,1750858209.897
981,ETH-255740250,1750858279426,3,0.016,0.016036,71.91,ETH-25JUL25-2000-P,2440.09,buy,1.0,1.0,,,,,,,1750858279.426
982,ETH-255740778,1750858480104,0,0.0165,0.016435,71.96,ETH-25JUL25-2000-P,2433.3,buy,1.0,1.0,,,,,,,1750858480.104
983,ETH-255741142,1750858716034,1,0.0165,0.016461,71.91,ETH-25JUL25-2000-P,2432.32,buy,1.0,1.0,,,,,,,1750858716.034
984,ETH-255741595,1750858897719,1,0.0165,0.016556,71.9,ETH-25JUL25-2000-P,2432.28,buy,1.0,1.0,,,,,,,1750858897.719
985,ETH-255742047,1750859079335,2,0.016,0.0159,72.08,ETH-25JUL25-2000-P,2441.63,buy,1.0,1.0,,,,,,,1750859079.335
986,ETH-255742626,1750859285467,3,0.016,0.01601,72.01,ETH-25JUL25-2000-P,2441.11,buy,1.0,1.0,,,,,,,1750859285.467
987,ETH-255743188,1750859643392,0,0.0165,0.016454,72.03,ETH-25JUL25-2000-P,2433.18,buy,1.0,1.0,,,,,,,1750859643.392
988,ETH-255743439,1750859917847,2,0.016,0.016225,71.79,ETH-25JUL25-2000-P,2438.51,sell,1.0,1.0,,,,,,,1750859917.847
989,ETH-255743550,1750860024439,0,0.0165,0.016397,72.3,ETH-25JUL25-2000-P,2435.76,buy,1.0,1.0,,,,,,,1750860024.439
990,ETH-255743847,1750860245270,2,0.016,0.016409,71.51,ETH-25JUL25-2000-P,2435.73,sell,1.0,1.0,,,,,,,1750860245.27
991,ETH-255744195,1750860591647,3,0.016,0.016268,71.85,ETH-25JUL25-2000-P,2439.2,sell,1.0,1.0,,,,,,,1750860591.647
992,ETH-255744579,1750860844749,3,0.016,0.016637,71.27,ETH-25JUL25-2000-P,2433.49,sell,1.0,1.0,,,,,,,1750860844.749
993,ETH-255745857,1750861039209,0,0.0175,0.018442,70.8,ETH-25JUL25-2000-P,2406.96,sell,1.0,1.0,,,,,,,1750861039.209
994,ETH-255746834,1750861137156,0,0.0185,0.018302,72.1,ETH-25JUL25-2000-P,2404.96,buy,1.0,1.0,,,,,,,1750861137.156
995,ETH-255748553,1750861323215,2,0.0175,0.018421,70.34,ETH-25JUL25-2000-P,2401.76,sell,1.0,1.0,,,,,,,1750861323.215
996,ETH-255749454,1750861517993,3,0.0175,0.017938,70.91,ETH-25JUL25-2000-P,2407.49,sell,1.0,1.0,,,,,,,1750861517.993
997,ETH-255749853,1750861722652,3,0.0175,0.018373,70.41,ETH-25JUL25-2000-P,2402.82,sell,1.0,1.0,,,,,,,1750861722.652
998,ETH-255750420,1750861940354,3,0.0175,0.018007,70.8,ETH-25JUL25-2000-P,2406.26,sell,1.0,1.0,,,,,,,1750861940.354
999,ETH-255751231,1750862245309,2,0.017,0.017041,71.53,ETH-25JUL25-2000-P,2420.58,buy,1.0,1.0,,,,,,,1750862245.309
1000,ETH-255751252,1750862256401,3,0.017,0.016992,71.52,ETH-25JUL25-2000-P,2420.45,buy,1.0,1.0,,,,,,,1750862256.401
1001,ETH-255751849,1750862480932,3,0.017,0.016948,71.59,ETH-25JUL25-2000-P,2421.17,buy,1.0,1.0,,,,,,,1750862480.932
1002,ETH-255752202,1750862704977,3,0.017,0.016891,71.72,ETH-25JUL25-2000-P,2422.3,buy,1.0,1.0,,,,,,,1750862704.977
1003,ETH-255763332,1750867234452,0,0.018,0.01821,71.75,ETH-25JUL25-2000-P,2407.65,buy,1.0,1.0,,,,,,,1750867234.452
1004,ETH-255765557,1750868902414,2,0.017,0.017416,71.52,ETH-25JUL25-2000-P,2419.68,sell,23.0,23.0,,,,,,,1750868902.414
1005,ETH-255767206,1750870190197,0,0.0185,0.018519,72.08,ETH-25JUL25-2000-P,2403.8,sell,1.0,1.0,,,,,,,1750870190.197
1006,ETH-255769114,1750872017696,2,0.0175,0.017302,72.94,ETH-25JUL25-2000-P,2426.03,sell,241.0,241.0,,,,,,,1750872017.696
1007,ETH-255769116,1750872017825,3,0.0175,0.017302,72.94,ETH-25JUL25-2000-P,2426.03,sell,150.0,150.0,,,,,,,1750872017.825
1008,ETH-255769118,1750872017836,3,0.0175,0.017302,72.94,ETH-25JUL25-2000-P,2426.03,sell,4.0,4.0,,,,,,,1750872017.836
1009,ETH-255769121,1750872017848,3,0.0175,0.017302,72.94,ETH-25JUL25-2000-P,2426.03,sell,2.0,2.0,,,,,,,1750872017.848
1010,ETH-255769122,1750872017872,3,0.0175,0.017302,72.94,ETH-25JUL25-2000-P,2426.03,sell,2.0,2.0,,,,,,,1750872017.872
1011,ETH-255769123,1750872017887,3,0.0175,0.017302,72.94,ETH-25JUL25-2000-P,2426.03,sell,2.0,2.0,,,,,,,1750872017.887
1012,ETH-255769125,1750872017914,3,0.0175,0.017302,72.94,ETH-25JUL25-2000-P,2426.03,sell,5.0,5.0,,,,,,,1750872017.914
1013,ETH-255769127,1750872018108,3,0.0175,0.017302,72.94,ETH-25JUL25-2000-P,2426.03,sell,1.0,1.0,,,,,,,1750872018.108
1014,ETH-255769128,1750872018165,3,0.0175,0.017302,72.94,ETH-25JUL25-2000-P,2426.03,sell,1.0,1.0,,,,,,,1750872018.165
1015,ETH-255769129,1750872018201,3,0.0175,0.017302,72.94,ETH-25JUL25-2000-P,2426.03,sell,1.0,1.0,,,,,,,1750872018.201
1016,ETH-255769130,1750872018206,3,0.0175,0.017302,72.94,ETH-25JUL25-2000-P,2426.03,sell,1.0,1.0,,,,,,,1750872018.206
1017,ETH-255769131,1750872018251,3,0.0175,0.017302,72.94,ETH-25JUL25-2000-P,2426.03,sell,1.0,1.0,,,,,,,1750872018.251
1018,ETH-255769148,1750872020112,3,0.0175,0.017281,73.07,ETH-25JUL25-2000-P,2427.2,sell,1.0,1.0,,,,,,,1750872020.112
1019,ETH-255769151,1750872020147,3,0.0175,0.017281,73.07,ETH-25JUL25-2000-P,2427.2,sell,5.0,5.0,,,,,,,1750872020.147
1020,ETH-255769154,1750872020174,3,0.0175,0.017281,73.07,ETH-25JUL25-2000-P,2427.2,sell,1.0,1.0,,,,,,,1750872020.174
1021,ETH-255769156,1750872020203,3,0.0175,0.017281,73.07,ETH-25JUL25-2000-P,2427.2,sell,1.0,1.0,,,,,,,1750872020.203
1022,ETH-255769158,1750872020214,3,0.0175,0.017281,73.07,ETH-25JUL25-2000-P,2427.2,sell,1.0,1.0,,,,,,,1750872020.214
1023,ETH-255769159,1750872020234,3,0.0175,0.017281,73.07,ETH-25JUL25-2000-P,2427.2,sell,1.0,1.0,,,,,,,1750872020.234
1024,ETH-255769161,1750872020250,3,0.0175,0.017281,73.07,ETH-25JUL25-2000-P,2427.2,sell,1.0,1.0,,,,,,,1750872020.25
1025,ETH-255769166,1750872020650,3,0.0175,0.017281,73.07,ETH-25JUL25-2000-P,2427.2,sell,1.0,1.0,,,,,,,1750872020.65
1026,ETH-255769212,1750872047068,3,0.0175,0.017357,73.25,ETH-25JUL25-2000-P,2428.91,sell,577.0,577.0,,,,,,,1750872047.068
1027,ETH-255770379,1750873216904,0,0.018,0.01811,72.98,ETH-25JUL25-2000-P,2419.58,buy,3.0,3.0,,,,,,,1750873216.904
1028,ETH-255771868,1750874433982,1,0.018,0.017584,73.51,ETH-25JUL25-2000-P,2424.17,buy,1.0,1.0,,,,,,,1750874433.982
1029,ETH-255796749,1750903233889,2,0.0155,0.015035,74.02,ETH-25JUL25-2000-P,2464.68,buy,1.0,1.0,,,,,,,1750903233.889
1030,ETH-255800151,1750906409610,2,0.0145,0.014469,73.54,ETH-25JUL25-2000-P,2475.43,sell,132.0,132.0,,,,,,,1750906409.61
1031,ETH-255800152,1750906409618,3,0.0145,0.014469,73.54,ETH-25JUL25-2000-P,2475.43,sell,1.0,1.0,,,,,,,1750906409.618
1032,ETH-255800153,1750906409627,3,0.0145,0.014469,73.54,ETH-25JUL25-2000-P,2475.43,sell,6.0,6.0,,,,,,,1750906409.627
1033,ETH-255800154,1750906409634,3,0.0145,0.014469,73.54,ETH-25JUL25-2000-P,2475.43,sell,1.0,1.0,,,,,,,1750906409.634
1034,ETH-255800156,1750906409643,3,0.0145,0.014469,73.54,ETH-25JUL25-2000-P,2475.43,sell,1.0,1.0,,,,,,,1750906409.643
1035,ETH-255800162,1750906409658,3,0.0145,0.014469,73.54,ETH-25JUL25-2000-P,2475.43,sell,4.0,4.0,,,,,,,1750906409.658
1036,ETH-255800163,1750906409667,3,0.0145,0.014469,73.54,ETH-25JUL25-2000-P,2475.43,sell,2.0,2.0,,,,,,,1750906409.667
1037,ETH-255800164,1750906409682,3,0.0145,0.014469,73.54,ETH-25JUL25-2000-P,2475.43,sell,1.0,1.0,,,,,,,1750906409.682
1038,ETH-255800167,1750906409719,3,0.0145,0.014469,73.54,ETH-25JUL25-2000-P,2475.43,sell,1.0,1.0,,,,,,,1750906409.719
1039,ETH-255800168,1750906409731,3,0.0145,0.014469,73.54,ETH-25JUL25-2000-P,2475.43,sell,1.0,1.0,,,,,,,1750906409.731
1040,ETH-255800185,1750906409756,3,0.0145,0.014469,73.54,ETH-25JUL25-2000-P,2475.43,sell,1.0,1.0,,,,,,,1750906409.756
1041,ETH-255800196,1750906409779,3,0.0145,0.014469,73.54,ETH-25JUL25-2000-P,2475.43,sell,1.0,1.0,,,,,,,1750906409.779
1042,ETH-255800205,1750906409801,3,0.0145,0.014469,73.54,ETH-25JUL25-2000-P,2475.43,sell,4.0,4.0,,,,,,,1750906409.801
1043,ETH-255800214,1750906409835,3,0.0145,0.014469,73.54,ETH-25JUL25-2000-P,2475.43,sell,1.0,1.0,,,,,,,1750906409.835
1044,ETH-255800219,1750906409867,3,0.0145,0.014469,73.54,ETH-25JUL25-2000-P,2475.43,sell,1.0,1.0,,,,,,,1750906409.867
1045,ETH-255800245,1750906409907,3,0.0145,0.014469,73.54,ETH-25JUL25-2000-P,2475.43,sell,1.0,1.0,,,,,,,1750906409.907
1046,ETH-255800258,1750906409935,3,0.0145,0.014469,73.54,ETH-25JUL25-2000-P,2475.43,sell,1.0,1.0,,,,,,,1750906409.935
1047,ETH-255800260,1750906409973,3,0.0145,0.014469,73.54,ETH-25JUL25-2000-P,2475.43,sell,1.0,1.0,,,,,,,1750906409.973
1048,ETH-255800261,1750906409992,3,0.0145,0.014469,73.54,ETH-25JUL25-2000-P,2475.43,sell,3.0,3.0,,,,,,,1750906409.992
1049,ETH-255800263,1750906410022,3,0.0145,0.014469,73.54,ETH-25JUL25-2000-P,2475.43,sell,1.0,1.0,,,,,,,1750906410.022
1050,ETH-255800264,1750906410047,3,0.0145,0.014469,73.54,ETH-25JUL25-2000-P,2475.43,sell,2.0,2.0,,,,,,,1750906410.047
1051,ETH-255800265,1750906410065,3,0.0145,0.014469,73.54,ETH-25JUL25-2000-P,2475.43,sell,2.0,2.0,,,,,,,1750906410.065
1052,ETH-255800266,1750906410085,3,0.0145,0.014469,73.54,ETH-25JUL25-2000-P,2475.43,sell,1.0,1.0,,,,,,,1750906410.085
1053,ETH-255800267,1750906410120,3,0.0145,0.014469,73.54,ETH-25JUL25-2000-P,2475.43,sell,1.0,1.0,,,,,,,1750906410.12
1054,ETH-255800268,1750906410135,3,0.0145,0.014469,73.54,ETH-25JUL25-2000-P,2475.43,sell,1.0,1.0,,,,,,,1750906410.135
1055,ETH-255800581,1750906424849,3,0.0145,0.014316,74.01,ETH-25JUL25-2000-P,2480.13,sell,828.0,828.0,,,,,,,1750906424.849
1056,ETH-255818355,1750919128433,2,0.0135,0.013916,72.74,ETH-25JUL25-2000-P,2483.44,sell,27.0,27.0,,,,,,,1750919128.433
1057,ETH-255824258,1750924928518,2,0.013,0.013421,72.96,ETH-25JUL25-2000-P,2494.28,sell,2.0,2.0,,,,,,,1750924928.518
1058,ETH-255824331,1750925021364,3,0.013,0.013382,73.04,ETH-25JUL25-2000-P,2495.07,buy,3.0,3.0,,,,,,,1750925021.364
1059,ETH-255827964,1750928741423,0,0.0135,0.013689,73.41,ETH-25JUL25-2000-P,2488.54,sell,50.0,50.0,,,,,,,1750928741.423
1060,ETH-255829463,1750929253482,0,0.014,0.014471,72.55,ETH-25JUL25-2000-P,2470.7,sell,100.0,100.0,,,,,,,1750929253.482
1061,ETH-255830315,1750929878580,1,0.014,0.01419,72.84,ETH-25JUL25-2000-P,2473.89,buy,2.0,2.0,,,,,,,1750929878.58
1062,ETH-255835700,1750935230677,0,0.015,0.015093,73.01,ETH-25JUL25-2000-P,2457.41,buy,1.0,1.0,,,,,,,1750935230.677
1063,ETH-255844794,1750942400930,0,0.0155,0.01568,71.91,ETH-25JUL25-2000-P,2437.82,buy,2.0,2.0,,,,,,,1750942400.93
1064,ETH-255850693,1750945903121,0,0.016,0.016027,72.0,ETH-25JUL25-2000-P,2430.07,buy,1.0,1.0,,,,,,,1750945903.121
1066,ETH-255850695,1750945903121,1,0.016,0.016027,72.0,ETH-25JUL25-2000-P,2430.07,buy,2.0,2.0,,,,,,,1750945903.121
1067,ETH-255850696,1750945903121,1,0.016,0.016027,72.0,ETH-25JUL25-2000-P,2430.07,buy,6.0,6.0,,,,,,,1750945903.121
1065,ETH-255850694,1750945903121,1,0.016,0.016027,72.0,ETH-25JUL25-2000-P,2430.07,buy,1.0,1.0,,,,,,,1750945903.121
1068,ETH-255852008,1750946434781,2,0.0155,0.015785,71.66,ETH-25JUL25-2000-P,2434.46,sell,1.0,1.0,,,,,,,1750946434.781
1069,ETH-255853676,1750947333875,0,0.016,0.016054,72.03,ETH-25JUL25-2000-P,2430.12,buy,3.0,3.0,,,,,,,1750947333.875
1070,ETH-255858233,1750950034332,2,0.0155,0.015051,73.05,ETH-25JUL25-2000-P,2446.9,buy,1.0,1.0,,,,,,,1750950034.332
1071,ETH-255870033,1750957234268,3,0.0155,0.015884,71.15,ETH-25JUL25-2000-P,2427.96,sell,1.0,1.0,,,,,,,1750957234.268
1072,ETH-255879720,1750968033689,0,0.016,0.015802,72.64,ETH-25JUL25-2000-P,2433.69,buy,1.0,1.0,,,,,,,1750968033.689
1073,ETH-255881145,1750969315973,2,0.0155,0.015509,72.5,ETH-25JUL25-2000-P,2439.86,buy,1.0,1.0,,,,,,,1750969315.973
1074,ETH-255881174,1750969367577,3,0.0155,0.015506,72.61,ETH-25JUL25-2000-P,2440.9,sell,24.0,24.0,,,,,,,1750969367.577
1075,ETH-255881188,1750969384558,3,0.0155,0.015438,72.73,ETH-25JUL25-2000-P,2441.92,sell,25.0,25.0,,,,,,,1750969384.558
1076,ETH-255882902,1750970781074,2,0.015,0.014981,72.72,ETH-25JUL25-2000-P,2450.37,buy,1.0,1.0,,,,,,,1750970781.074
1077,ETH-255886992,1750973630889,0,0.0165,0.016448,71.95,ETH-25JUL25-2000-P,2419.03,buy,1.0,1.0,,,,,,,1750973630.889
1078,ETH-255887310,1750973663061,0,0.017,0.016781,72.16,ETH-25JUL25-2000-P,2413.55,buy,1.0,1.0,,,,,,,1750973663.061
1079,ETH-255892096,1750975258239,2,0.0165,0.016622,71.33,ETH-25JUL25-2000-P,2413.19,buy,1.0,1.0,,,,,,,1750975258.239
1081,ETH-255908824,1750987105184,3,0.0165,0.016256,72.16,ETH-25JUL25-2000-P,2418.57,buy,2.0,2.0,,,,,,,1750987105.184
1080,ETH-255908823,1750987105184,3,0.0165,0.016256,72.16,ETH-25JUL25-2000-P,2418.57,buy,1.0,1.0,,,,,,,1750987105.184
1082,ETH-255909113,1750987184747,0,0.017,0.016577,72.6,ETH-25JUL25-2000-P,2415.69,buy,12.0,12.0,,,,,,,1750987184.747
1083,ETH-255912602,1750989633674,2,0.016,0.015921,72.26,ETH-25JUL25-2000-P,2427.17,buy,1.0,1.0,,,,,,,1750989633.674
1084,ETH-255918724,1750995508257,2,0.0145,0.014938,71.5,ETH-25JUL25-2000-P,2443.17,sell,1.0,1.0,,,,,,,1750995508.257
1085,ETH-255920948,1750997922718,0,0.015,0.014749,72.45,ETH-25JUL25-2000-P,2444.18,buy,2.0,2.0,,,,,,,1750997922.718
1086,ETH-255920949,1750997922718,1,0.015,0.014749,72.45,ETH-25JUL25-2000-P,2444.18,buy,2.0,2.0,,,,,,,1750997922.718
1087,ETH-255921349,1750998214339,1,0.015,0.015008,72.61,ETH-25JUL25-2000-P,2445.4,sell,40.0,40.0,,,,,,,1750998214.339
1088,ETH-255923922,1751001336830,2,0.014,0.014483,71.39,ETH-25JUL25-2000-P,2450.0,sell,3.0,3.0,,,,,,,1751001336.83
1089,ETH-255923923,1751001336830,3,0.014,0.014483,71.39,ETH-25JUL25-2000-P,2450.0,sell,72.0,72.0,,,,,,,1751001336.83
1090,ETH-255925199,1751002541425,0,0.0145,0.015123,70.93,ETH-25JUL25-2000-P,2436.65,sell,3.0,3.0,,,,,,,1751002541.425
1091,ETH-255948813,1751013164573,2,0.014,0.014471,70.64,ETH-25JUL25-2000-P,2441.15,sell,2.0,2.0,,,,,,,1751013164.573
1092,ETH-255950000,1751013540679,0,0.0145,0.014061,72.33,ETH-25JUL25-2000-P,2449.46,buy,1.0,1.0,,,,,,,1751013540.679
1093,ETH-255965395,1751023740388,2,0.0125,0.013041,68.67,ETH-25JUL25-2000-P,2444.95,sell,1.0,1.0,,,,,,,1751023740.388
1094,ETH-255981060,1751037243450,0,0.014,0.013919,69.53,ETH-25JUL25-2000-P,2425.74,sell,3.0,3.0,,,,,,,1751037243.45
1095,ETH-255981809,1751038511914,2,0.013,0.013544,68.33,ETH-25JUL25-2000-P,2430.82,sell,1.0,1.0,,,,,,,1751038511.914
1098,ETH-255982247,1751038984454,1,0.0135,0.013163,69.94,ETH-25JUL25-2000-P,2438.15,buy,8.0,8.0,,,,,,,1751038984.454
1097,ETH-255982246,1751038984454,1,0.0135,0.013163,69.94,ETH-25JUL25-2000-P,2438.15,buy,1.0,1.0,,,,,,,1751038984.454
1096,ETH-255982245,1751038984454,0,0.0135,0.013163,69.94,ETH-25JUL25-2000-P,2438.15,buy,1.0,1.0,,,,,,,1751038984.454
1100,ETH-255987365,1751045389251,1,0.014,0.013956,68.77,ETH-25JUL25-2000-P,2417.27,buy,7.0,7.0,,,,,,,1751045389.251
1099,ETH-255987364,1751045389251,0,0.014,0.013956,68.77,ETH-25JUL25-2000-P,2417.27,buy,1.0,1.0,,,,,,,1751045389.251
1101,ETH-255988081,1751046064908,1,0.014,0.014074,68.42,ETH-25JUL25-2000-P,2413.52,buy,1.0,1.0,,,,,,,1751046064.908
1102,ETH-255988672,1751046302794,0,0.0145,0.014544,68.41,ETH-25JUL25-2000-P,2405.81,sell,9.0,9.0,,,,,,,1751046302.794
1103,ETH-255989144,1751046379679,0,0.015,0.014828,68.74,ETH-25JUL25-2000-P,2400.81,buy,1.0,1.0,,,,,,,1751046379.679
1104,ETH-255989145,1751046379679,1,0.015,0.014828,68.74,ETH-25JUL25-2000-P,2400.81,buy,9.0,9.0,,,,,,,1751046379.679
1105,ETH-255989732,1751046727722,2,0.014,0.014513,67.62,ETH-25JUL25-2000-P,2405.5,sell,5.0,5.0,,,,,,,1751046727.722
1107,ETH-255992654,1751049393834,1,0.0155,0.015141,69.33,ETH-25JUL25-2000-P,2398.85,buy,1.0,1.0,,,,,,,1751049393.834
1106,ETH-255992653,1751049393834,0,0.0155,0.015141,69.33,ETH-25JUL25-2000-P,2398.85,buy,1.0,1.0,,,,,,,1751049393.834
1108,ETH-256007993,1751079906072,2,0.013,0.013294,67.93,ETH-25JUL25-2000-P,2421.0,sell,5.0,5.0,,,,,,,1751079906.072
1109,ETH-256010438,1751086969126,2,0.0125,0.012607,67.55,ETH-25JUL25-2000-P,2424.85,sell,251.0,251.0,,,,,,,1751086969.126
1110,ETH-256010439,1751086969131,3,0.0125,0.012607,67.55,ETH-25JUL25-2000-P,2424.85,buy,1.0,1.0,,,,,,,1751086969.131
1111,ETH-256012072,1751091428710,2,0.012,0.012385,66.93,ETH-25JUL25-2000-P,2427.42,sell,1.0,1.0,,,,,,,1751091428.71
1112,ETH-256012669,1751093847663,3,0.012,0.012426,66.96,ETH-25JUL25-2000-P,2427.32,sell,150.0,150.0,,,,,,,1751093847.663
1113,ETH-256013009,1751094331915,3,0.012,0.012499,66.92,ETH-25JUL25-2000-P,2426.92,sell,1.0,1.0,,,,,,,1751094331.915
1114,ETH-256015674,1751097922669,3,0.012,0.012142,67.17,ETH-25JUL25-2000-P,2429.55,buy,1.0,1.0,,,,,,,1751097922.669
1115,ETH-256016263,1751098290343,2,0.0115,0.012219,65.98,ETH-25JUL25-2000-P,2426.45,sell,2.0,2.0,,,,,,,1751098290.343
1116,ETH-256016484,1751098404263,3,0.0115,0.012246,65.75,ETH-25JUL25-2000-P,2423.91,sell,1.0,1.0,,,,,,,1751098404.263
1117,ETH-256019044,1751103294801,0,0.012,0.011432,66.94,ETH-25JUL25-2000-P,2425.74,buy,1.0,1.0,,,,,,,1751103294.801
1119,ETH-256019046,1751103294801,1,0.012,0.011432,66.94,ETH-25JUL25-2000-P,2425.74,buy,40.0,40.0,,,,,,,1751103294.801
1118,ETH-256019045,1751103294801,1,0.012,0.011432,66.94,ETH-25JUL25-2000-P,2425.74,buy,1.0,1.0,,,,,,,1751103294.801
1120,ETH-256019047,1751103294801,1,0.012,0.011432,66.94,ETH-25JUL25-2000-P,2425.74,buy,258.0,258.0,,,,,,,1751103294.801
1121,ETH-256020770,1751107648362,1,0.012,0.011944,67.04,ETH-25JUL25-2000-P,2426.14,buy,1.0,1.0,,,,,,,1751107648.362
1122,ETH-256020801,1751107786385,2,0.0115,0.011941,66.15,ETH-25JUL25-2000-P,2426.1,sell,1.0,1.0,,,,,,,1751107786.385
1123,ETH-256021226,1751110251103,0,0.012,0.011962,67.36,ETH-25JUL25-2000-P,2428.75,buy,1.0,1.0,,,,,,,1751110251.103
1124,ETH-256021258,1751110340268,0,0.0125,0.012037,68.22,ETH-25JUL25-2000-P,2428.48,buy,25.0,25.0,,,,,,,1751110340.268
1125,ETH-256021309,1751110589020,2,0.012,0.01206,67.25,ETH-25JUL25-2000-P,2427.53,buy,1.0,1.0,,,,,,,1751110589.02
1126,ETH-256022858,1751117284663,3,0.012,0.012126,66.99,ETH-25JUL25-2000-P,2424.16,buy,1.0,1.0,,,,,,,1751117284.663
1127,ETH-256023954,1751121712810,2,0.0115,0.011978,66.38,ETH-25JUL25-2000-P,2426.43,sell,2.0,2.0,,,,,,,1751121712.81
1128,ETH-256025022,1751126262292,3,0.0115,0.011501,67.25,ETH-25JUL25-2000-P,2434.09,sell,47.0,47.0,,,,,,,1751126262.292
1129,ETH-256027075,1751128929272,2,0.011,0.01125,66.28,ETH-25JUL25-2000-P,2433.91,sell,1.0,1.0,,,,,,,1751128929.272
1130,ETH-256029978,1751137808088,3,0.011,0.01101,66.72,ETH-25JUL25-2000-P,2436.68,buy,1.0,1.0,,,,,,,1751137808.088
1131,ETH-256032505,1751149255903,3,0.011,0.010923,66.98,ETH-25JUL25-2000-P,2437.71,buy,1.0,1.0,,,,,,,1751149255.903
1132,ETH-256038356,1751171201289,0,0.012,0.01151,68.47,ETH-25JUL25-2000-P,2430.41,buy,1.0,1.0,,,,,,,1751171201.289
1133,ETH-256038449,1751171961069,2,0.011,0.011481,66.66,ETH-25JUL25-2000-P,2430.92,sell,5.0,5.0,,,,,,,1751171961.069
1134,ETH-256039529,1751174251535,3,0.011,0.011454,66.74,ETH-25JUL25-2000-P,2431.4,sell,2.0,2.0,,,,,,,1751174251.535
1135,ETH-256040421,1751177502236,0,0.0115,0.011424,68.2,ETH-25JUL25-2000-P,2436.01,buy,1.0,1.0,,,,,,,1751177502.236
1136,ETH-256040776,1751178352097,1,0.0115,0.011545,68.15,ETH-25JUL25-2000-P,2435.51,buy,1.0,1.0,,,,,,,1751178352.097
1137,ETH-256040933,1751178652116,1,0.0115,0.011589,68.02,ETH-25JUL25-2000-P,2434.39,buy,1.0,1.0,,,,,,,1751178652.116
1138,ETH-256041008,1751178953341,1,0.0115,0.011514,68.09,ETH-25JUL25-2000-P,2434.87,buy,1.0,1.0,,,,,,,1751178953.341
1139,ETH-256043976,1751185678467,2,0.0105,0.011158,66.77,ETH-25JUL25-2000-P,2439.99,sell,48.0,48.0,,,,,,,1751185678.467
1140,ETH-256052588,1751194875249,3,0.0105,0.010405,68.6,ETH-25JUL25-2000-P,2457.06,buy,1.0,1.0,,,,,,,1751194875.249
1141,ETH-256054111,1751197849399,3,0.0105,0.010414,68.82,ETH-25JUL25-2000-P,2459.4,buy,1.0,1.0,,,,,,,1751197849.399
1142,ETH-256056450,1751201329655,0,0.011,0.010613,69.22,ETH-25JUL25-2000-P,2452.84,buy,1.0,1.0,,,,,,,1751201329.655
1143,ETH-256076981,1751235898202,2,0.01,0.00985,68.9,ETH-25JUL25-2000-P,2463.22,sell,5.0,5.0,,,,,,,1751235898.202
1144,ETH-256082376,1751237342757,2,0.009,0.008676,71.05,ETH-25JUL25-2000-P,2508.66,sell,5.0,5.0,,,,,,,1751237342.757
1145,ETH-256083368,1751237692768,3,0.009,0.008817,70.78,ETH-25JUL25-2000-P,2505.8,buy,1.0,1.0,,,,,,,1751237692.768
1146,ETH-256084761,1751238081174,3,0.009,0.008733,71.2,ETH-25JUL25-2000-P,2510.9,buy,1.0,1.0,,,,,,,1751238081.174
1147,ETH-256085281,1751238256258,3,0.009,0.008631,71.44,ETH-25JUL25-2000-P,2513.38,buy,1.0,1.0,,,,,,,1751238256.258
1148,ETH-256104741,1751254562819,0,0.0095,0.008965,71.7,ETH-25JUL25-2000-P,2500.43,buy,1.0,1.0,,,,,,,1751254562.819
1149,ETH-256105971,1751257575997,2,0.009,0.008931,70.73,ETH-25JUL25-2000-P,2501.47,buy,1.0,1.0,,,,,,,1751257575.997
1150,ETH-256124462,1751276484531,0,0.0095,0.009621,68.96,ETH-25JUL25-2000-P,2468.86,buy,1.0,1.0,,,,,,,1751276484.531
1151,ETH-256127013,1751277506647,0,0.01,0.010072,68.92,ETH-25JUL25-2000-P,2457.31,buy,1.0,1.0,,,,,,,1751277506.647
1152,ETH-256134629,1751286509029,1,0.01,0.009682,69.64,ETH-25JUL25-2000-P,2462.76,buy,1.0,1.0,,,,,,,1751286509.029
1153,ETH-256134972,1751286902799,1,0.01,0.009737,69.6,ETH-25JUL25-2000-P,2462.19,buy,4.0,4.0,,,,,,,1751286902.799
1154,ETH-256134973,1751286902799,1,0.01,0.009737,69.6,ETH-25JUL25-2000-P,2462.19,buy,26.0,26.0,,,,,,,1751286902.799
1155,ETH-256146368,1751295611421,0,0.011,0.0104,69.4,ETH-25JUL25-2000-P,2439.4,buy,1.0,1.0,,,,,,,1751295611.421
1156,ETH-256147135,1751296045976,2,0.01,0.009882,67.84,ETH-25JUL25-2000-P,2443.49,buy,25.0,25.0,,,,,,,1751296045.976
1157,ETH-256153275,1751298399290,2,0.009,0.008729,69.19,ETH-25JUL25-2000-P,2478.56,sell,1.0,1.0,,,,,,,1751298399.29
1158,ETH-256153276,1751298399290,3,0.009,0.008729,69.19,ETH-25JUL25-2000-P,2478.56,sell,1.0,1.0,,,,,,,1751298399.29
1159,ETH-256174538,1751313490781,2,0.008,0.007895,70.29,ETH-25JUL25-2000-P,2513.67,buy,1.0,1.0,,,,,,,1751313490.781
1160,ETH-256198024,1751345718161,0,0.0085,0.008474,67.91,ETH-25JUL25-2000-P,2469.31,buy,10.0,10.0,,,,,,,1751345718.161
1161,ETH-256203741,1751351511679,1,0.0085,0.008908,67.14,ETH-25JUL25-2000-P,2459.74,sell,100.0,100.0,,,,,,,1751351511.679
1162,ETH-256213154,1751362478562,1,0.0085,0.00877,66.65,ETH-25JUL25-2000-P,2454.54,sell,12.0,12.0,,,,,,,1751362478.562
