trade_seq,trade_id,timestamp,tick_direction,price,mark_price,iv,instrument_name,index_price,direction,contracts,amount,block_trade_leg_count,block_trade_id,combo_id,combo_trade_id,block_rfq_id,liquidation,unix_sec
551,ETH-252264537,1748655429144,2,0.044,0.044777,67.87,ETH-25JUL25-3000-C,2498.62,sell,3.0,3.0,,,,,,,1748655429.144
552,ETH-252292163,1748679396507,0,0.0475,0.047037,69.15,ETH-25JUL25-3000-C,2519.01,sell,1.0,1.0,,,,,,,1748679396.507
553,ETH-252296412,1748682110053,0,0.048,0.047567,68.97,ETH-25JUL25-3000-C,2525.25,buy,1.0,1.0,,,,,,,1748682110.053
554,ETH-252296413,1748682110061,1,0.048,0.047567,68.97,ETH-25JUL25-3000-C,2525.25,sell,3.0,3.0,,,,,,,1748682110.061
555,ETH-252354539,1748725721236,0,0.05,0.049901,68.9,ETH-25JUL25-3000-C,2550.02,buy,1.0,1.0,,,,,,,1748725721.236
556,ETH-252357648,1748729965522,2,0.049,0.049647,68.95,ETH-25JUL25-3000-C,2540.27,sell,25.0,25.0,,,,,,,1748729965.522
557,ETH-252357665,1748730023145,3,0.049,0.049782,68.84,ETH-25JUL25-3000-C,2541.54,sell,50.0,50.0,,,,,,,1748730023.145
558,ETH-252357667,1748730031948,3,0.049,0.049776,68.84,ETH-25JUL25-3000-C,2541.52,sell,50.0,50.0,,,,,,,1748730031.948
559,ETH-252357672,1748730063343,3,0.049,0.049742,68.87,ETH-25JUL25-3000-C,2541.12,sell,15.0,15.0,,,,,,,1748730063.343
560,ETH-252373203,1748747881125,2,0.045,0.04585,68.81,ETH-25JUL25-3000-C,2505.53,sell,1.0,1.0,,,,,,,1748747881.125
561,ETH-252426455,1748795204848,0,0.05,0.050071,70.08,ETH-25JUL25-3000-C,2541.15,buy,1.0,1.0,,,,,,,1748795204.848
562,ETH-252432023,1748799313747,2,0.0495,0.050229,69.33,ETH-25JUL25-3000-C,2546.65,sell,65.0,65.0,,,,,,,1748799313.747
564,ETH-252435450,1748802105916,3,0.048,0.04737,70.19,ETH-25JUL25-3000-C,2522.52,buy,36.0,36.0,,,,,,,1748802105.916
565,ETH-252435451,1748802105916,3,0.048,0.04737,70.19,ETH-25JUL25-3000-C,2522.52,buy,13.0,13.0,,,,,,,1748802105.916
563,ETH-252435449,1748802105916,2,0.048,0.04737,70.19,ETH-25JUL25-3000-C,2522.52,buy,1.0,1.0,,,,,,,1748802105.916
566,ETH-252440594,1748804240064,2,0.0475,0.047345,70.06,ETH-25JUL25-3000-C,2519.47,sell,1.0,1.0,,,,,,,1748804240.064
567,ETH-252457603,1748816653469,0,0.049,0.048881,69.42,ETH-25JUL25-3000-C,2543.09,buy,1.0,1.0,,,,,,,1748816653.469
568,ETH-252457609,1748816662436,1,0.049,0.048911,69.46,ETH-25JUL25-3000-C,2542.67,sell,499.0,499.0,,,,,,,1748816662.436
569,ETH-252484995,1748843101263,2,0.042,0.041968,68.71,ETH-25JUL25-3000-C,2488.0,sell,1.0,1.0,,,,,,,1748843101.263
570,ETH-252516437,1748864758219,2,0.04,0.039895,68.1,ETH-25JUL25-3000-C,2478.28,sell,1.0,1.0,,,,,,,1748864758.219
571,ETH-252524104,1748870523050,0,0.041,0.04093,67.92,ETH-25JUL25-3000-C,2491.42,sell,50.0,50.0,,,,,,,1748870523.05
572,ETH-252533822,1748873201995,0,0.0425,0.042598,67.6,ETH-25JUL25-3000-C,2510.94,buy,50.0,50.0,,,,,,,1748873201.995
573,ETH-252587402,1748899501088,0,0.0445,0.044639,66.74,ETH-25JUL25-3000-C,2546.19,buy,11.0,11.0,,,,,,,1748899501.088
574,ETH-252630964,1748925915561,0,0.05,0.049491,66.82,ETH-25JUL25-3000-C,2596.89,buy,1.0,1.0,,,,,,,1748925915.561
575,ETH-252641462,1748939375177,1,0.05,0.050494,66.34,ETH-25JUL25-3000-C,2605.78,sell,10.0,10.0,,,,,,,1748939375.177
576,ETH-252641463,1748939375177,1,0.05,0.050494,66.34,ETH-25JUL25-3000-C,2605.78,sell,10.0,10.0,,,,,,,1748939375.177
577,ETH-252652926,1748953233259,2,0.0492,0.04933,65.78,ETH-25JUL25-3000-C,2605.76,sell,170.0,170.0,2.0,BLOCK-202861,ETH-CS-25JUL25-2600_3000,,5273.0,,1748953233.259
578,ETH-252657554,1748956522004,0,0.051,0.05084,65.94,ETH-25JUL25-3000-C,2620.7,buy,1.0,1.0,,,,,,,1748956522.004
579,ETH-252671009,1748962251355,0,0.053,0.053174,65.66,ETH-25JUL25-3000-C,2641.43,buy,1.0,1.0,,,,,,,1748962251.355
580,ETH-252709838,1748992343397,2,0.0485,0.048409,65.61,ETH-25JUL25-3000-C,2605.74,buy,1.0,1.0,,,,,,,1748992343.397
581,ETH-252710421,1748993760440,2,0.047,0.046842,65.67,ETH-25JUL25-3000-C,2592.09,buy,1.0,1.0,,,,,,,1748993760.44
582,ETH-252715436,1748999863237,0,0.049,0.048969,65.61,ETH-25JUL25-3000-C,2612.25,buy,1.0,1.0,,,,,,,1748999863.237
583,ETH-252717578,1749001101960,2,0.0485,0.04869,65.45,ETH-25JUL25-3000-C,2609.79,sell,9.0,9.0,,,,,,,1749001101.96
584,ETH-252717600,1749001118907,3,0.0485,0.048593,65.52,ETH-25JUL25-3000-C,2609.03,sell,11.0,11.0,,,,,,,1749001118.907
586,ETH-252719998,1749004587502,1,0.0495,0.04925,65.58,ETH-25JUL25-3000-C,2617.14,buy,1.0,1.0,,,,,,,1749004587.502
585,ETH-252719997,1749004587502,0,0.0495,0.04925,65.58,ETH-25JUL25-3000-C,2617.14,buy,1.0,1.0,,,,,,,1749004587.502
587,ETH-252725475,1749010520560,0,0.0505,0.050344,65.31,ETH-25JUL25-3000-C,2629.78,buy,1.0,1.0,,,,,,,1749010520.56
588,ETH-252755045,1749043233250,2,0.049,0.048574,65.38,ETH-25JUL25-3000-C,2618.48,buy,1.0,1.0,,,,,,,1749043233.25
589,ETH-252755050,1749043233596,3,0.049,0.048574,65.38,ETH-25JUL25-3000-C,2618.48,buy,1.0,1.0,,,,,,,1749043233.596
590,ETH-252756464,1749044656540,3,0.049,0.049168,65.11,ETH-25JUL25-3000-C,2622.29,buy,1.0,1.0,,,,,,,1749044656.54
591,ETH-252781268,1749052824305,0,0.0545,0.054364,65.26,ETH-25JUL25-3000-C,2670.34,sell,10.0,10.0,,,,,,,1749052824.305
592,ETH-252782504,1749053525725,2,0.0538,0.053581,65.41,ETH-25JUL25-3000-C,2663.09,buy,2500.0,2500.0,2.0,BLOCK-203129,ETH-CS-25JUL25-3000_3500,,,,1749053525.725
593,ETH-252782512,1749053528049,2,0.0537,0.0536,65.34,ETH-25JUL25-3000-C,2663.07,buy,1000.0,1000.0,2.0,BLOCK-203130,ETH-CS-25JUL25-3000_3500,,,,1749053528.049
594,ETH-252785309,1749054984913,2,0.0529,0.052775,65.3,ETH-25JUL25-3000-C,2656.26,buy,178.0,178.0,2.0,BLOCK-203137,ETH-CS-25JUL25-3000_3500,,,,1749054984.913
595,ETH-252812288,1749084786961,2,0.0475,0.047361,65.41,ETH-25JUL25-3000-C,2608.75,buy,1.0,1.0,,,,,,,1749084786.961
596,ETH-252814457,1749089364389,3,0.0475,0.047743,65.1,ETH-25JUL25-3000-C,2612.39,buy,1.0,1.0,,,,,,,1749089364.389
597,ETH-252820922,1749097412922,0,0.049,0.049022,64.77,ETH-25JUL25-3000-C,2630.68,buy,1.0,1.0,,,,,,,1749097412.922
598,ETH-252821146,1749098119378,1,0.049,0.049049,64.75,ETH-25JUL25-3000-C,2631.01,buy,1.0,1.0,,,,,,,1749098119.378
599,ETH-252834734,1749111805671,2,0.0455,0.046119,64.2,ETH-25JUL25-3000-C,2607.17,sell,1.0,1.0,,,,,,,1749111805.671
600,ETH-252835258,1749112520598,0,0.046,0.046041,64.5,ETH-25JUL25-3000-C,2608.03,buy,1.0,1.0,,,,,,,1749112520.598
601,ETH-252836362,1749112742959,2,0.045,0.045598,64.06,ETH-25JUL25-3000-C,2604.15,sell,1.0,1.0,,,,,,,1749112742.959
602,ETH-252836718,1749113303070,3,0.045,0.045635,63.98,ETH-25JUL25-3000-C,2605.15,sell,1.0,1.0,,,,,,,1749113303.07
603,ETH-252837074,1749113962141,3,0.045,0.045633,63.92,ETH-25JUL25-3000-C,2606.32,sell,1.0,1.0,,,,,,,1749113962.141
604,ETH-252837333,1749114331949,0,0.046,0.045818,64.46,ETH-25JUL25-3000-C,2609.15,buy,3.0,3.0,,,,,,,1749114331.949
606,ETH-252837384,1749114377461,1,0.0465,0.046011,64.73,ETH-25JUL25-3000-C,2610.2,buy,1.0,1.0,,,,,,,1749114377.461
605,ETH-252837383,1749114377461,0,0.0465,0.046011,64.73,ETH-25JUL25-3000-C,2610.2,buy,1.0,1.0,,,,,,,1749114377.461
607,ETH-252837390,1749114382728,1,0.0465,0.045967,64.74,ETH-25JUL25-3000-C,2610.11,buy,2.0,2.0,,,,,,,1749114382.728
608,ETH-252841769,1749118280691,0,0.049,0.04933,66.23,ETH-25JUL25-3000-C,2613.95,sell,130.0,130.0,,,,,,,1749118280.691
609,ETH-252842284,1749118725829,2,0.0475,0.047969,65.42,ETH-25JUL25-3000-C,2611.11,sell,281.0,281.0,,,,,,,1749118725.829
610,ETH-252866610,1749130981588,0,0.05,0.05,66.81,ETH-25JUL25-3000-C,2617.49,sell,100.0,100.0,,,,,,,1749130981.588
611,ETH-252866693,1749131043503,1,0.05,0.04996,67.0,ETH-25JUL25-3000-C,2615.16,sell,10.0,10.0,,,,,,,1749131043.503
612,ETH-252866827,1749131121290,1,0.05,0.050003,67.11,ETH-25JUL25-3000-C,2613.8,sell,40.0,40.0,,,,,,,1749131121.29
613,ETH-252889692,1749134832853,2,0.0495,0.048949,67.23,ETH-25JUL25-3000-C,2607.87,buy,1.0,1.0,,,,,,,1749134832.853
614,ETH-252893637,1749136156113,2,0.0464,0.046554,66.76,ETH-25JUL25-3000-C,2586.13,buy,500.0,500.0,2.0,BLOCK-203319,ETH-CDIAG-25JUL25_27JUN25-3000_2600,,,,1749136156.113
615,ETH-252920105,1749151027302,2,0.0435,0.043317,67.42,ETH-25JUL25-3000-C,2553.89,sell,176.0,176.0,,,,,,,1749151027.302
616,ETH-252920106,1749151027308,3,0.0435,0.043317,67.42,ETH-25JUL25-3000-C,2553.89,sell,176.0,176.0,,,,,,,1749151027.308
617,ETH-252920232,1749151038409,3,0.0435,0.043237,67.55,ETH-25JUL25-3000-C,2552.16,sell,79.0,79.0,,,,,,,1749151038.409
618,ETH-252920254,1749151038599,3,0.0435,0.043237,67.59,ETH-25JUL25-3000-C,2551.68,sell,1.0,1.0,,,,,,,1749151038.599
619,ETH-252920258,1749151038613,3,0.0435,0.043237,67.59,ETH-25JUL25-3000-C,2551.68,sell,1.0,1.0,,,,,,,1749151038.613
620,ETH-252920259,1749151038617,3,0.0435,0.043237,67.59,ETH-25JUL25-3000-C,2551.68,sell,217.0,217.0,,,,,,,1749151038.617
621,ETH-252920260,1749151038623,3,0.0435,0.043237,67.59,ETH-25JUL25-3000-C,2551.68,sell,1.0,1.0,,,,,,,1749151038.623
622,ETH-252920261,1749151038626,3,0.0435,0.043237,67.59,ETH-25JUL25-3000-C,2551.68,sell,149.0,149.0,,,,,,,1749151038.626
623,ETH-252950975,1749154881685,2,0.035,0.034481,68.81,ETH-25JUL25-3000-C,2450.1,sell,5.0,5.0,,,,,,,1749154881.685
624,ETH-252961520,1749155712732,2,0.0345,0.034721,68.58,ETH-25JUL25-3000-C,2447.07,sell,42.0,42.0,,,,,,,1749155712.732
625,ETH-252961540,1749155713445,3,0.0345,0.034481,68.74,ETH-25JUL25-3000-C,2445.08,sell,47.0,47.0,,,,,,,1749155713.445
626,ETH-252965321,1749156082179,2,0.0335,0.034105,68.27,ETH-25JUL25-3000-C,2439.48,sell,60.0,60.0,,,,,,,1749156082.179
627,ETH-252970764,1749156260208,2,0.033,0.032276,69.94,ETH-25JUL25-3000-C,2412.45,buy,1.0,1.0,,,,,,,1749156260.208
628,ETH-252970784,1749156261119,2,0.0325,0.032394,69.42,ETH-25JUL25-3000-C,2413.56,sell,60.0,60.0,,,,,,,1749156261.119
629,ETH-252970786,1749156261122,3,0.0325,0.032394,69.42,ETH-25JUL25-3000-C,2413.56,sell,40.0,40.0,,,,,,,1749156261.122
630,ETH-252970787,1749156261122,3,0.0325,0.032394,69.42,ETH-25JUL25-3000-C,2413.56,sell,10.0,10.0,,,,,,,1749156261.122
631,ETH-252970795,1749156261921,3,0.0325,0.032505,69.38,ETH-25JUL25-3000-C,2414.09,sell,60.0,60.0,,,,,,,1749156261.921
632,ETH-252970796,1749156261926,3,0.0325,0.032505,69.38,ETH-25JUL25-3000-C,2414.09,sell,60.0,60.0,,,,,,,1749156261.926
633,ETH-252970797,1749156261931,3,0.0325,0.032505,69.38,ETH-25JUL25-3000-C,2414.09,sell,60.0,60.0,,,,,,,1749156261.931
635,ETH-252972427,1749156372359,1,0.0335,0.033614,69.41,ETH-25JUL25-3000-C,2425.0,sell,2.0,2.0,,,,,,,1749156372.359
634,ETH-252972426,1749156372359,0,0.0335,0.033614,69.41,ETH-25JUL25-3000-C,2425.0,sell,15.0,15.0,,,,,,,1749156372.359
636,ETH-252974324,1749156610961,0,0.0345,0.034639,69.44,ETH-25JUL25-3000-C,2435.26,sell,33.0,33.0,,,,,,,1749156610.961
637,ETH-252981331,1749157143553,2,0.0325,0.03244,70.35,ETH-25JUL25-3000-C,2400.72,sell,70.0,70.0,,,,,,,1749157143.553
638,ETH-252982714,1749157277467,3,0.0325,0.03193,70.72,ETH-25JUL25-3000-C,2395.67,buy,1.0,1.0,,,,,,,1749157277.467
639,ETH-252986734,1749157644516,0,0.0345,0.034289,70.46,ETH-25JUL25-3000-C,2422.82,buy,1.0,1.0,,,,,,,1749157644.516
640,ETH-252995027,1749159723782,0,0.036,0.035638,70.66,ETH-25JUL25-3000-C,2437.12,buy,1.0,1.0,,,,,,,1749159723.782
641,ETH-253006256,1749162746609,2,0.034,0.034623,69.85,ETH-25JUL25-3000-C,2425.72,sell,9.0,9.0,,,,,,,1749162746.609
642,ETH-253006299,1749162780884,3,0.034,0.034664,69.81,ETH-25JUL25-3000-C,2426.32,sell,10.0,10.0,,,,,,,1749162780.884
643,ETH-253006476,1749163076615,0,0.0345,0.034341,70.47,ETH-25JUL25-3000-C,2423.38,buy,10.0,10.0,,,,,,,1749163076.615
644,ETH-253027948,1749173169231,1,0.0345,0.034564,70.22,ETH-25JUL25-3000-C,2427.29,buy,1.0,1.0,,,,,,,1749173169.231
645,ETH-253028032,1749173275438,1,0.0345,0.034366,70.4,ETH-25JUL25-3000-C,2425.16,sell,2.0,2.0,,,,,,,1749173275.438
646,ETH-253036424,1749179137330,0,0.035,0.034842,70.47,ETH-25JUL25-3000-C,2430.5,sell,10.0,10.0,,,,,,,1749179137.33
647,ETH-253038083,1749180188108,0,0.0355,0.035554,70.14,ETH-25JUL25-3000-C,2440.23,buy,11.0,11.0,,,,,,,1749180188.108
648,ETH-253044202,1749184044077,1,0.0355,0.035397,69.41,ETH-25JUL25-3000-C,2450.77,buy,50.0,50.0,,,,,,,1749184044.077
649,ETH-253050775,1749188461600,0,0.036,0.036062,69.51,ETH-25JUL25-3000-C,2455.99,buy,1.0,1.0,,,,,,,1749188461.6
650,ETH-253058876,1749194681066,0,0.0366,0.036777,69.41,ETH-25JUL25-3000-C,2463.75,sell,500.0,500.0,4.0,BLOCK-203618,ETH-ICOND-25JUL25-1800_2300_3000_4000,,,,1749194681.066
651,ETH-253063720,1749196362893,2,0.0355,0.03585,69.34,ETH-25JUL25-3000-C,2454.13,sell,1000.0,1000.0,2.0,BLOCK-203638,ETH-RR-25JUL25-2200_3000,,,,1749196362.893
652,ETH-253063786,1749196388526,0,0.0356,0.03593,69.34,ETH-25JUL25-3000-C,2455.04,sell,250.0,250.0,2.0,BLOCK-203639,ETH-RR-25JUL25-2200_3000,,,,1749196388.526
653,ETH-253063787,1749196391210,2,0.0352,0.035947,69.0,ETH-25JUL25-3000-C,2455.13,sell,1000.0,1000.0,2.0,BLOCK-203640,ETH-RR-25JUL25-2200_3000,,,,1749196391.21
654,ETH-253063815,1749196395264,0,0.0358,0.035948,69.51,ETH-25JUL25-3000-C,2455.07,sell,184.0,184.0,2.0,BLOCK-203641,ETH-RR-25JUL25-2200_3000,,,,1749196395.264
655,ETH-253064032,1749196430776,2,0.0355,0.035894,69.31,ETH-25JUL25-3000-C,2454.59,sell,1000.0,1000.0,2.0,BLOCK-203642,ETH-RR-25JUL25-2200_3000,,,,1749196430.776
656,ETH-253064291,1749196489747,3,0.0355,0.035856,69.35,ETH-25JUL25-3000-C,2454.22,sell,1000.0,1000.0,2.0,BLOCK-203643,ETH-RR-25JUL25-2200_3000,,,,1749196489.747
657,ETH-253064491,1749196517535,0,0.0356,0.035874,69.41,ETH-25JUL25-3000-C,2454.26,sell,1000.0,1000.0,2.0,BLOCK-203645,ETH-RR-25JUL25-2200_3000,,,,1749196517.535
658,ETH-253064725,1749196593597,1,0.0356,0.035914,69.38,ETH-25JUL25-3000-C,2454.55,sell,1000.0,1000.0,2.0,BLOCK-203646,ETH-RR-25JUL25-2200_3000,,,,1749196593.597
659,ETH-253064984,1749196670196,1,0.0356,0.036026,69.3,ETH-25JUL25-3000-C,2455.68,sell,1000.0,1000.0,2.0,BLOCK-203647,ETH-RR-25JUL25-2200_3000,,,,1749196670.196
660,ETH-253065293,1749196742332,1,0.0356,0.03594,69.35,ETH-25JUL25-3000-C,2455.07,sell,1000.0,1000.0,2.0,BLOCK-203648,ETH-RR-25JUL25-2200_3000,,,,1749196742.332
661,ETH-253065323,1749196752455,1,0.0356,0.035976,69.34,ETH-25JUL25-3000-C,2455.24,sell,250.0,250.0,2.0,BLOCK-203649,ETH-RR-25JUL25-2200_3000,,,,1749196752.455
662,ETH-253065427,1749196793088,2,0.0355,0.036048,69.19,ETH-25JUL25-3000-C,2456.15,sell,1000.0,1000.0,2.0,BLOCK-203650,ETH-RR-25JUL25-2200_3000,,,,1749196793.088
663,ETH-253068370,1749197811856,0,0.0365,0.036802,69.29,ETH-25JUL25-3000-C,2463.52,buy,1.0,1.0,,,,,,,1749197811.856
664,ETH-253077416,1749204853198,0,0.037,0.036932,68.69,ETH-25JUL25-3000-C,2477.44,buy,11.0,11.0,,,,,,,1749204853.198
666,ETH-253077418,1749204853198,1,0.037,0.036932,68.69,ETH-25JUL25-3000-C,2477.44,buy,100.0,100.0,,,,,,,1749204853.198
665,ETH-253077417,1749204853198,1,0.037,0.036932,68.69,ETH-25JUL25-3000-C,2477.44,buy,8.0,8.0,,,,,,,1749204853.198
667,ETH-253077574,1749204908450,0,0.0375,0.037215,68.86,ETH-25JUL25-3000-C,2480.24,buy,1.0,1.0,,,,,,,1749204908.45
668,ETH-253077575,1749204908450,1,0.0375,0.037215,68.86,ETH-25JUL25-3000-C,2480.24,buy,25.0,25.0,,,,,,,1749204908.45
669,ETH-253077577,1749204909579,1,0.0375,0.037212,68.86,ETH-25JUL25-3000-C,2480.24,sell,2.0,2.0,,,,,,,1749204909.579
670,ETH-253077580,1749204909917,1,0.0375,0.037212,68.86,ETH-25JUL25-3000-C,2480.24,sell,2.0,2.0,,,,,,,1749204909.917
671,ETH-253077581,1749204910452,1,0.0375,0.037223,68.86,ETH-25JUL25-3000-C,2480.27,sell,2.0,2.0,,,,,,,1749204910.452
672,ETH-253077587,1749204911430,1,0.0375,0.037236,68.86,ETH-25JUL25-3000-C,2480.27,sell,3.0,3.0,,,,,,,1749204911.43
673,ETH-253077599,1749204913425,1,0.0375,0.037245,68.88,ETH-25JUL25-3000-C,2479.99,sell,9.0,9.0,,,,,,,1749204913.425
674,ETH-253077714,1749204955748,1,0.0375,0.037459,68.96,ETH-25JUL25-3000-C,2478.98,sell,156.0,156.0,,,,,,,1749204955.748
675,ETH-253082910,1749209523639,2,0.037,0.036805,68.75,ETH-25JUL25-3000-C,2478.11,sell,100.0,100.0,,,,,,,1749209523.639
676,ETH-253099837,1749218090580,0,0.0395,0.039531,68.43,ETH-25JUL25-3000-C,2509.38,buy,10.0,10.0,,,,,,,1749218090.58
677,ETH-253104320,1749221563307,0,0.041,0.040617,69.01,ETH-25JUL25-3000-C,2518.0,buy,1.0,1.0,,,,,,,1749221563.307
678,ETH-253104321,1749221563307,1,0.041,0.040617,69.01,ETH-25JUL25-3000-C,2518.0,buy,3.0,3.0,,,,,,,1749221563.307
679,ETH-253104322,1749221563472,1,0.041,0.040617,69.01,ETH-25JUL25-3000-C,2518.0,buy,3.0,3.0,,,,,,,1749221563.472
680,ETH-253104323,1749221563771,1,0.041,0.040604,69.01,ETH-25JUL25-3000-C,2518.08,buy,202.0,202.0,,,,,,,1749221563.771
681,ETH-253119349,1749232333424,2,0.038,0.037828,68.68,ETH-25JUL25-3000-C,2492.35,buy,1.0,1.0,,,,,,,1749232333.424
682,ETH-253119350,1749232333426,3,0.038,0.037828,68.68,ETH-25JUL25-3000-C,2492.35,sell,1.0,1.0,,,,,,,1749232333.426
683,ETH-253119364,1749232383477,0,0.0385,0.037883,69.04,ETH-25JUL25-3000-C,2492.94,buy,1.0,1.0,,,,,,,1749232383.477
685,ETH-253119983,1749233127039,1,0.039,0.03863,68.8,ETH-25JUL25-3000-C,2500.99,buy,1.0,1.0,,,,,,,1749233127.039
684,ETH-253119982,1749233127039,0,0.039,0.03863,68.8,ETH-25JUL25-3000-C,2500.99,buy,1.0,1.0,,,,,,,1749233127.039
686,ETH-253129990,1749250661573,2,0.037,0.03661,68.54,ETH-25JUL25-3000-C,2486.19,buy,3.0,3.0,,,,,,,1749250661.573
687,ETH-253151273,1749288556265,2,0.0355,0.035444,67.26,ETH-25JUL25-3000-C,2490.88,buy,1.0,1.0,,,,,,,1749288556.265
689,ETH-253152235,1749289926342,3,0.035,0.034779,67.13,ETH-25JUL25-3000-C,2487.36,buy,9.0,9.0,,,,,,,1749289926.342
688,ETH-253152234,1749289926342,2,0.035,0.034779,67.13,ETH-25JUL25-3000-C,2487.36,buy,1.0,1.0,,,,,,,1749289926.342
690,ETH-253152248,1749289956376,3,0.035,0.034774,67.13,ETH-25JUL25-3000-C,2487.36,buy,200.0,200.0,,,,,,,1749289956.376
691,ETH-253154989,1749293540903,0,0.0355,0.035351,67.02,ETH-25JUL25-3000-C,2494.48,buy,1.0,1.0,,,,,,,1749293540.903
692,ETH-253156965,1749296819678,1,0.0355,0.035872,66.73,ETH-25JUL25-3000-C,2498.31,buy,60.0,60.0,,,,,,,1749296819.678
693,ETH-253158317,1749299910286,0,0.0365,0.03627,67.29,ETH-25JUL25-3000-C,2502.11,buy,1.0,1.0,,,,,,,1749299910.286
694,ETH-253160197,1749301963824,2,0.036,0.035727,67.19,ETH-25JUL25-3000-C,2498.42,buy,1.0,1.0,,,,,,,1749301963.824
695,ETH-253161580,1749302673636,3,0.036,0.036676,66.4,ETH-25JUL25-3000-C,2508.34,sell,1.0,1.0,,,,,,,1749302673.636
696,ETH-253164070,1749305127508,0,0.038,0.037838,67.67,ETH-25JUL25-3000-C,2512.73,sell,145.0,145.0,,,,,,,1749305127.508
697,ETH-253164071,1749305127513,1,0.038,0.037838,67.67,ETH-25JUL25-3000-C,2512.73,sell,1.0,1.0,,,,,,,1749305127.513
698,ETH-253166574,1749306637898,0,0.0415,0.040847,70.59,ETH-25JUL25-3000-C,2510.77,buy,1.0,1.0,,,,,,,1749306637.898
700,ETH-253167961,1749307963421,1,0.042,0.041627,70.56,ETH-25JUL25-3000-C,2516.25,buy,201.0,201.0,,,,,,,1749307963.421
699,ETH-253167960,1749307963421,0,0.042,0.041627,70.56,ETH-25JUL25-3000-C,2516.25,buy,1.0,1.0,,,,,,,1749307963.421
701,ETH-253167962,1749307963530,0,0.0425,0.041627,70.96,ETH-25JUL25-3000-C,2516.25,buy,4.0,4.0,,,,,,,1749307963.53
702,ETH-253167963,1749307963626,1,0.0425,0.041627,70.96,ETH-25JUL25-3000-C,2516.25,buy,3.0,3.0,,,,,,,1749307963.626
703,ETH-253171162,1749311332518,2,0.0415,0.041263,69.97,ETH-25JUL25-3000-C,2520.12,buy,1.0,1.0,,,,,,,1749311332.518
704,ETH-253171414,1749311890943,3,0.0415,0.04136,69.93,ETH-25JUL25-3000-C,2520.47,buy,1.0,1.0,,,,,,,1749311890.943
705,ETH-253171731,1749312354417,3,0.0415,0.041473,69.77,ETH-25JUL25-3000-C,2522.42,buy,1.0,1.0,,,,,,,1749312354.417
706,ETH-253173723,1749314628590,2,0.0405,0.040413,69.46,ETH-25JUL25-3000-C,2516.92,buy,1.0,1.0,,,,,,,1749314628.59
707,ETH-253181795,1749335546040,0,0.041,0.04075,69.37,ETH-25JUL25-3000-C,2525.08,buy,1.0,1.0,,,,,,,1749335546.04
708,ETH-253191134,1749351356412,2,0.0405,0.039619,70.03,ETH-25JUL25-3000-C,2514.04,buy,1.0,1.0,,,,,,,1749351356.412
709,ETH-253193368,1749359398656,2,0.039,0.039385,68.89,ETH-25JUL25-3000-C,2514.09,sell,2.0,2.0,,,,,,,1749359398.656
710,ETH-253194658,1749365317857,3,0.039,0.039606,68.74,ETH-25JUL25-3000-C,2516.57,sell,1.0,1.0,,,,,,,1749365317.857
711,ETH-253219993,1749411226738,0,0.041,0.041396,69.1,ETH-25JUL25-3000-C,2536.02,buy,250.0,250.0,,,,,,,1749411226.738
712,ETH-253239812,1749433814561,2,0.0375,0.037417,69.53,ETH-25JUL25-3000-C,2498.31,sell,1.0,1.0,,,,,,,1749433814.561
713,ETH-253258956,1749462852315,2,0.037,0.037108,68.02,ETH-25JUL25-3000-C,2516.29,sell,4.0,4.0,,,,,,,1749462852.315
714,ETH-253258957,1749462852315,3,0.037,0.037108,68.02,ETH-25JUL25-3000-C,2516.29,sell,3.0,3.0,,,,,,,1749462852.315
715,ETH-253258958,1749462852315,3,0.037,0.037108,68.02,ETH-25JUL25-3000-C,2516.29,sell,203.0,203.0,,,,,,,1749462852.315
716,ETH-253277337,1749474099828,0,0.039,0.039199,67.4,ETH-25JUL25-3000-C,2545.76,sell,9.0,9.0,,,,,,,1749474099.828
717,ETH-253277554,1749474242257,1,0.039,0.039182,67.39,ETH-25JUL25-3000-C,2545.76,buy,1.0,1.0,,,,,,,1749474242.257
718,ETH-253277731,1749474410584,1,0.039,0.039108,67.44,ETH-25JUL25-3000-C,2545.32,sell,11.0,11.0,,,,,,,1749474410.584
719,ETH-253295024,1749484958552,2,0.0385,0.038397,67.87,ETH-25JUL25-3000-C,2536.86,buy,1.0,1.0,,,,,,,1749484958.552
720,ETH-253301106,1749485769561,0,0.04,0.039604,68.04,ETH-25JUL25-3000-C,2548.32,buy,1.0,1.0,,,,,,,1749485769.561
721,ETH-253301107,1749485769561,1,0.04,0.039604,68.04,ETH-25JUL25-3000-C,2548.32,buy,71.0,71.0,,,,,,,1749485769.561
722,ETH-253304566,1749485968774,2,0.0395,0.040333,67.05,ETH-25JUL25-3000-C,2555.41,sell,1.0,1.0,,,,,,,1749485968.774
723,ETH-253312821,1749486584410,0,0.0415,0.041503,67.68,ETH-25JUL25-3000-C,2567.09,sell,146.0,146.0,,,,,,,1749486584.41
724,ETH-253312822,1749486584417,1,0.0415,0.041503,67.68,ETH-25JUL25-3000-C,2567.09,sell,1.0,1.0,,,,,,,1749486584.417
725,ETH-253312823,1749486584421,1,0.0415,0.041503,67.68,ETH-25JUL25-3000-C,2567.09,sell,1.0,1.0,,,,,,,1749486584.421
727,ETH-253313984,1749486763075,1,0.042,0.041551,68.07,ETH-25JUL25-3000-C,2567.8,buy,55.0,55.0,,,,,,,1749486763.075
726,ETH-253313983,1749486763075,0,0.042,0.041551,68.07,ETH-25JUL25-3000-C,2567.8,buy,1.0,1.0,,,,,,,1749486763.075
728,ETH-253313985,1749486763184,1,0.042,0.041551,68.07,ETH-25JUL25-3000-C,2567.8,buy,4.0,4.0,,,,,,,1749486763.184
729,ETH-253313986,1749486763286,1,0.042,0.041551,68.07,ETH-25JUL25-3000-C,2567.8,buy,3.0,3.0,,,,,,,1749486763.286
730,ETH-253320515,1749488895898,1,0.042,0.041562,68.02,ETH-25JUL25-3000-C,2568.65,buy,2.0,2.0,,,,,,,1749488895.898
731,ETH-253320516,1749488895898,1,0.042,0.041562,68.02,ETH-25JUL25-3000-C,2568.65,buy,1.0,1.0,,,,,,,1749488895.898
732,ETH-253320517,1749488895898,1,0.042,0.041562,68.02,ETH-25JUL25-3000-C,2568.65,buy,47.0,47.0,,,,,,,1749488895.898
733,ETH-253328482,1749494046179,0,0.043,0.042799,67.76,ETH-25JUL25-3000-C,2581.79,buy,1.0,1.0,,,,,,,1749494046.179
734,ETH-253330585,1749495822313,1,0.043,0.042916,67.61,ETH-25JUL25-3000-C,2584.09,sell,204.0,204.0,,,,,,,1749495822.313
735,ETH-253330586,1749495824485,1,0.043,0.042919,67.61,ETH-25JUL25-3000-C,2584.05,sell,4.0,4.0,,,,,,,1749495824.485
736,ETH-253330587,1749495824485,1,0.043,0.042919,67.61,ETH-25JUL25-3000-C,2584.05,sell,3.0,3.0,,,,,,,1749495824.485
737,ETH-253338292,1749503046506,0,0.0445,0.044417,67.46,ETH-25JUL25-3000-C,2599.8,buy,1.0,1.0,,,,,,,1749503046.506
738,ETH-253343224,1749503891405,0,0.0465,0.046443,67.39,ETH-25JUL25-3000-C,2620.07,sell,3.0,3.0,,,,,,,1749503891.405
740,ETH-253343226,1749503891405,1,0.0465,0.046443,67.39,ETH-25JUL25-3000-C,2620.07,sell,4.0,4.0,,,,,,,1749503891.405
739,ETH-253343225,1749503891405,1,0.0465,0.046443,67.39,ETH-25JUL25-3000-C,2620.07,sell,204.0,204.0,,,,,,,1749503891.405
741,ETH-253356053,1749507984444,0,0.051,0.051022,67.32,ETH-25JUL25-3000-C,2660.23,buy,1.0,1.0,,,,,,,1749507984.444
742,ETH-253362143,1749510778960,0,0.0515,0.052045,67.6,ETH-25JUL25-3000-C,2661.13,sell,1.0,1.0,,,,,,,1749510778.96
743,ETH-253375736,1749515067458,0,0.058,0.057822,67.93,ETH-25JUL25-3000-C,2710.99,buy,1.0,1.0,,,,,,,1749515067.458
744,ETH-253375883,1749515096950,0,0.0585,0.05821,68.0,ETH-25JUL25-3000-C,2714.6,buy,9.0,9.0,,,,,,,1749515096.95
745,ETH-253375884,1749515096952,1,0.0585,0.05821,68.0,ETH-25JUL25-3000-C,2714.6,sell,1.0,1.0,,,,,,,1749515096.952
746,ETH-253376471,1749515259942,2,0.058,0.057771,68.07,ETH-25JUL25-3000-C,2709.88,sell,5.0,5.0,,,,,,,1749515259.942
747,ETH-253378624,1749515679827,0,0.0585,0.058976,67.52,ETH-25JUL25-3000-C,2719.97,buy,1.0,1.0,,,,,,,1749515679.827
748,ETH-253379880,1749516173463,2,0.058,0.057975,67.87,ETH-25JUL25-3000-C,2711.97,sell,5.0,5.0,,,,,,,1749516173.463
749,ETH-253390615,1749523087113,2,0.0545,0.054563,67.26,ETH-25JUL25-3000-C,2691.01,buy,1.0,1.0,,,,,,,1749523087.113
750,ETH-253390672,1749523202161,2,0.054,0.054804,66.7,ETH-25JUL25-3000-C,2693.14,sell,1.0,1.0,,,,,,,1749523202.161
751,ETH-253395876,1749528379472,0,0.0545,0.054939,67.21,ETH-25JUL25-3000-C,2692.27,sell,6.0,6.0,,,,,,,1749528379.472
752,ETH-253395877,1749528379475,1,0.0545,0.054939,67.21,ETH-25JUL25-3000-C,2692.27,buy,14.0,14.0,,,,,,,1749528379.475
753,ETH-253400226,1749532590073,0,0.056,0.05587,67.76,ETH-25JUL25-3000-C,2698.57,buy,20.0,20.0,,,,,,,1749532590.073
754,ETH-253408495,1749536453119,2,0.051,0.051891,67.08,ETH-25JUL25-3000-C,2664.62,sell,3.0,3.0,,,,,,,1749536453.119
755,ETH-253412812,1749540343324,0,0.0545,0.054084,68.35,ETH-25JUL25-3000-C,2680.41,buy,1.0,1.0,,,,,,,1749540343.324
756,ETH-253413560,1749540796787,2,0.054,0.054125,67.94,ETH-25JUL25-3000-C,2680.7,buy,1.0,1.0,,,,,,,1749540796.787
757,ETH-253417565,1749543478086,2,0.0535,0.053247,68.35,ETH-25JUL25-3000-C,2672.71,sell,7.0,7.0,,,,,,,1749543478.086
758,ETH-253417648,1749543588436,2,0.053,0.053139,68.04,ETH-25JUL25-3000-C,2671.84,buy,1.0,1.0,,,,,,,1749543588.436
759,ETH-253422055,1749548829460,0,0.054,0.054386,67.34,ETH-25JUL25-3000-C,2688.73,sell,1.0,1.0,,,,,,,1749548829.46
760,ETH-253424286,1749550925496,0,0.058,0.057437,69.7,ETH-25JUL25-3000-C,2694.83,buy,50.0,50.0,,,,,,,1749550925.496
761,ETH-253424306,1749550947734,1,0.058,0.057384,69.71,ETH-25JUL25-3000-C,2694.81,buy,20.0,20.0,,,,,,,1749550947.734
762,ETH-253425951,1749553306543,2,0.0572,0.057374,69.12,ETH-25JUL25-3000-C,2695.05,sell,500.0,500.0,2.0,BLOCK-204312,ETH-CCAL-25JUL25_27JUN25-3000,,,,1749553306.543
763,ETH-253426514,1749553853142,2,0.0565,0.057525,68.26,ETH-25JUL25-3000-C,2697.92,sell,1.0,1.0,,,,,,,1749553853.142
764,ETH-253426780,1749553896554,0,0.058,0.057529,69.28,ETH-25JUL25-3000-C,2698.86,buy,1.0,1.0,,,,,,,1749553896.554
765,ETH-253427470,1749554109250,0,0.0595,0.058697,69.48,ETH-25JUL25-3000-C,2708.97,buy,1.0,1.0,,,,,,,1749554109.25
766,ETH-253427890,1749554177651,2,0.0591,0.059741,68.43,ETH-25JUL25-3000-C,2717.08,sell,1000.0,1000.0,2.0,BLOCK-204319,ETH-CDIAG-25JUL25_27JUN25-3000_2600,,,,1749554177.651
767,ETH-253429884,1749554267041,0,0.061,0.0616,68.52,ETH-25JUL25-3000-C,2732.99,sell,15.0,15.0,,,,,,,1749554267.041
768,ETH-253429917,1749554277866,0,0.062,0.061821,68.82,ETH-25JUL25-3000-C,2737.31,sell,10.0,10.0,,,,,,,1749554277.866
769,ETH-253430627,1749554328632,0,0.063,0.063459,68.51,ETH-25JUL25-3000-C,2747.34,sell,15.0,15.0,,,,,,,1749554328.632
770,ETH-253430743,1749554346200,2,0.0623,0.063058,68.16,ETH-25JUL25-3000-C,2745.92,sell,1000.0,1000.0,2.0,BLOCK-204322,ETH-CDIAG-25JUL25_27JUN25-3000_2600,,,,1749554346.2
771,ETH-253431081,1749554415136,0,0.0625,0.063169,68.49,ETH-25JUL25-3000-C,2744.1,sell,15.0,15.0,,,,,,,1749554415.136
772,ETH-253431150,1749554444795,2,0.0624,0.063069,68.25,ETH-25JUL25-3000-C,2745.63,sell,125.0,125.0,2.0,BLOCK-204324,ETH-CDIAG-25JUL25_27JUN25-3000_2500,,,,1749554444.795
774,ETH-253431566,1749554487533,1,0.0635,0.063735,68.37,ETH-25JUL25-3000-C,2752.38,buy,4.0,4.0,,,,,,,1749554487.533
773,ETH-253431565,1749554487533,0,0.0635,0.063735,68.37,ETH-25JUL25-3000-C,2752.38,buy,3.0,3.0,,,,,,,1749554487.533
775,ETH-253431567,1749554487533,1,0.0635,0.063735,68.37,ETH-25JUL25-3000-C,2752.38,buy,203.0,203.0,,,,,,,1749554487.533
776,ETH-253433360,1749554895506,0,0.0639,0.064443,68.32,ETH-25JUL25-3000-C,2756.0,sell,181.0,181.0,2.0,BLOCK-204330,ETH-CDIAG-25JUL25_27JUN25-3000_2700,,,,1749554895.506
779,ETH-253434194,1749555080350,1,0.0655,0.065102,69.04,ETH-25JUL25-3000-C,2760.37,buy,202.0,202.0,,,,,,,1749555080.35
777,ETH-253434192,1749555080350,0,0.0655,0.065102,69.04,ETH-25JUL25-3000-C,2760.37,buy,3.0,3.0,,,,,,,1749555080.35
778,ETH-253434193,1749555080350,1,0.0655,0.065102,69.04,ETH-25JUL25-3000-C,2760.37,buy,4.0,4.0,,,,,,,1749555080.35
780,ETH-253434195,1749555080356,1,0.0655,0.065102,69.04,ETH-25JUL25-3000-C,2760.37,buy,1.0,1.0,,,,,,,1749555080.356
781,ETH-253437461,1749555558290,0,0.0685,0.067979,69.23,ETH-25JUL25-3000-C,2781.22,buy,1.0,1.0,,,,,,,1749555558.29
782,ETH-253437609,1749555592337,0,0.069,0.068314,69.37,ETH-25JUL25-3000-C,2783.22,buy,10.0,10.0,,,,,,,1749555592.337
783,ETH-253437946,1749555648050,1,0.069,0.068397,69.34,ETH-25JUL25-3000-C,2783.73,buy,10.0,10.0,,,,,,,1749555648.05
785,ETH-253437964,1749555651524,1,0.069,0.068304,69.39,ETH-25JUL25-3000-C,2783.18,buy,6.0,6.0,,,,,,,1749555651.524
784,ETH-253437963,1749555651524,1,0.069,0.068304,69.39,ETH-25JUL25-3000-C,2783.18,buy,4.0,4.0,,,,,,,1749555651.524
786,ETH-253438146,1749555698967,1,0.069,0.068088,69.44,ETH-25JUL25-3000-C,2782.71,buy,10.0,10.0,,,,,,,1749555698.967
787,ETH-253438153,1749555701771,1,0.069,0.068414,69.18,ETH-25JUL25-3000-C,2785.32,buy,10.0,10.0,,,,,,,1749555701.771
788,ETH-253438167,1749555704258,1,0.069,0.068563,69.26,ETH-25JUL25-3000-C,2784.52,buy,10.0,10.0,,,,,,,1749555704.258
789,ETH-253438190,1749555707164,1,0.069,0.0684,69.33,ETH-25JUL25-3000-C,2783.8,buy,10.0,10.0,,,,,,,1749555707.164
790,ETH-253438196,1749555709733,1,0.069,0.068437,69.27,ETH-25JUL25-3000-C,2784.47,buy,10.0,10.0,,,,,,,1749555709.733
791,ETH-253438203,1749555712112,1,0.069,0.068479,69.22,ETH-25JUL25-3000-C,2784.96,buy,10.0,10.0,,,,,,,1749555712.112
792,ETH-253438220,1749555716040,1,0.069,0.068604,69.15,ETH-25JUL25-3000-C,2785.68,buy,10.0,10.0,,,,,,,1749555716.04
793,ETH-253438310,1749555749132,1,0.069,0.068446,69.18,ETH-25JUL25-3000-C,2785.37,buy,73.0,73.0,,,,,,,1749555749.132
794,ETH-253438316,1749555749145,1,0.069,0.068446,69.18,ETH-25JUL25-3000-C,2785.37,buy,54.0,54.0,,,,,,,1749555749.145
795,ETH-253438317,1749555749145,1,0.069,0.068446,69.18,ETH-25JUL25-3000-C,2785.37,buy,3.0,3.0,,,,,,,1749555749.145
796,ETH-253438505,1749555760668,0,0.0695,0.068918,69.29,ETH-25JUL25-3000-C,2787.91,buy,5.0,5.0,,,,,,,1749555760.668
797,ETH-253438512,1749555761337,1,0.0695,0.068897,69.3,ETH-25JUL25-3000-C,2787.84,sell,100.0,100.0,,,,,,,1749555761.337
799,ETH-253439909,1749555947336,1,0.0695,0.06893,69.32,ETH-25JUL25-3000-C,2787.73,buy,99.0,99.0,,,,,,,1749555947.336
798,ETH-253439908,1749555947336,1,0.0695,0.06893,69.32,ETH-25JUL25-3000-C,2787.73,buy,1.0,1.0,,,,,,,1749555947.336
800,ETH-253440193,1749555981336,2,0.069,0.069106,68.81,ETH-25JUL25-3000-C,2789.16,buy,15.0,15.0,,,,,,,1749555981.336
801,ETH-253442116,1749556233380,2,0.0665,0.06663,68.86,ETH-25JUL25-3000-C,2769.92,sell,175.0,175.0,,,,,,,1749556233.38
802,ETH-253444805,1749557360208,2,0.066,0.065973,69.66,ETH-25JUL25-3000-C,2757.57,sell,50.0,50.0,,,,,,,1749557360.208
804,ETH-253445742,1749557563520,2,0.064,0.064902,68.81,ETH-25JUL25-3000-C,2751.18,sell,187.0,187.0,,,,,,,1749557563.52
803,ETH-253445741,1749557563520,2,0.0645,0.064902,69.17,ETH-25JUL25-3000-C,2751.18,sell,15.0,15.0,,,,,,,1749557563.52
805,ETH-253445743,1749557563653,3,0.064,0.064902,68.81,ETH-25JUL25-3000-C,2751.18,sell,4.0,4.0,,,,,,,1749557563.653
806,ETH-253445746,1749557563802,3,0.064,0.064902,68.81,ETH-25JUL25-3000-C,2751.18,sell,3.0,3.0,,,,,,,1749557563.802
807,ETH-253447128,1749558177500,0,0.0675,0.066731,70.05,ETH-25JUL25-3000-C,2764.38,buy,90.0,90.0,,,,,,,1749558177.5
808,ETH-253449357,1749559152596,2,0.0665,0.066119,70.3,ETH-25JUL25-3000-C,2753.96,sell,15.0,15.0,,,,,,,1749559152.596
809,ETH-253449358,1749559152702,3,0.0665,0.066119,70.3,ETH-25JUL25-3000-C,2753.96,sell,1.0,1.0,,,,,,,1749559152.702
810,ETH-253449359,1749559152724,3,0.0665,0.066111,70.29,ETH-25JUL25-3000-C,2754.08,sell,44.0,44.0,,,,,,,1749559152.724
813,ETH-253452644,1749560646360,1,0.068,0.06807,69.88,ETH-25JUL25-3000-C,2770.43,buy,3.0,3.0,,,,,,,1749560646.36
812,ETH-253452643,1749560646360,1,0.068,0.06807,69.88,ETH-25JUL25-3000-C,2770.43,buy,3.0,3.0,,,,,,,1749560646.36
811,ETH-253452642,1749560646360,0,0.068,0.06807,69.88,ETH-25JUL25-3000-C,2770.43,buy,202.0,202.0,,,,,,,1749560646.36
814,ETH-253452646,1749560647423,1,0.068,0.068073,69.84,ETH-25JUL25-3000-C,2770.86,buy,1.0,1.0,,,,,,,1749560647.423
815,ETH-253452944,1749560785683,0,0.0685,0.068244,70.31,ETH-25JUL25-3000-C,2769.73,sell,30.0,30.0,,,,,,,1749560785.683
816,ETH-253453077,1749560890783,0,0.069,0.068883,70.32,ETH-25JUL25-3000-C,2773.47,sell,16.0,16.0,,,,,,,1749560890.783
817,ETH-253453078,1749560890789,1,0.069,0.068883,70.32,ETH-25JUL25-3000-C,2773.47,sell,4.0,4.0,,,,,,,1749560890.789
818,ETH-253453555,1749561173665,0,0.0695,0.069491,70.31,ETH-25JUL25-3000-C,2777.45,sell,10.0,10.0,,,,,,,1749561173.665
820,ETH-253455565,1749561936143,3,0.069,0.069164,70.82,ETH-25JUL25-3000-C,2768.05,sell,5.0,5.0,,,,,,,1749561936.143
819,ETH-253455564,1749561936143,2,0.069,0.069164,70.82,ETH-25JUL25-3000-C,2768.05,sell,20.0,20.0,,,,,,,1749561936.143
821,ETH-253455995,1749562111948,2,0.0685,0.068531,70.8,ETH-25JUL25-3000-C,2764.69,sell,5.0,5.0,,,,,,,1749562111.948
822,ETH-253463543,1749563386105,2,0.0645,0.064453,70.93,ETH-25JUL25-3000-C,2733.24,sell,10.0,10.0,,,,,,,1749563386.105
823,ETH-253463662,1749563441601,0,0.065,0.064696,71.06,ETH-25JUL25-3000-C,2735.72,sell,4.0,4.0,,,,,,,1749563441.601
824,ETH-253465526,1749564236531,0,0.0655,0.064806,71.33,ETH-25JUL25-3000-C,2737.19,buy,10.0,10.0,,,,,,,1749564236.531
825,ETH-253467917,1749564968740,0,0.0657,0.065454,71.17,ETH-25JUL25-3000-C,2740.48,sell,2.0,2.0,,,ETH-CS-25JUL25-3000_3500,ETH-253467916,,,1749564968.74
826,ETH-253467978,1749564986517,0,0.066,0.065427,71.39,ETH-25JUL25-3000-C,2740.46,buy,1.0,1.0,,,,,,,1749564986.517
827,ETH-253468094,1749565025412,2,0.0658,0.065483,71.21,ETH-25JUL25-3000-C,2740.83,sell,2.0,2.0,,,ETH-CS-25JUL25-3000_3500,ETH-253468092,,,1749565025.412
828,ETH-253468133,1749565059549,0,0.0659,0.065645,71.22,ETH-25JUL25-3000-C,2740.94,sell,1.0,1.0,,,ETH-CS-25JUL25-3000_3500,ETH-253468132,,,1749565059.549
829,ETH-253468293,1749565159222,0,0.0661,0.065894,71.16,ETH-25JUL25-3000-C,2743.72,sell,40.0,40.0,,,ETH-CCAL-25JUL25_27JUN25-3000,ETH-253468292,,,1749565159.222
830,ETH-253469657,1749565608613,2,0.066,0.065892,71.08,ETH-25JUL25-3000-C,2743.99,sell,1.0,1.0,,,,,,,1749565608.613
831,ETH-253469715,1749565621447,2,0.0657,0.06549,71.18,ETH-25JUL25-3000-C,2740.87,sell,1.0,1.0,,,ETH-CS-25JUL25-3000_3500,ETH-253469714,,,1749565621.447
832,ETH-253469819,1749565683707,2,0.0656,0.065307,71.3,ETH-25JUL25-3000-C,2738.61,sell,4.0,4.0,,,ETH-CS-25JUL25-3000_3500,ETH-253469818,,,1749565683.707
833,ETH-253471451,1749566222906,2,0.0645,0.065183,70.54,ETH-25JUL25-3000-C,2738.18,sell,1.0,1.0,,,,,,,1749566222.906
836,ETH-253475076,1749567801820,1,0.0655,0.064954,71.34,ETH-25JUL25-3000-C,2737.81,buy,213.0,213.0,,,,,,,1749567801.82
837,ETH-253475077,1749567801820,1,0.0655,0.064954,71.34,ETH-25JUL25-3000-C,2737.81,buy,5.0,5.0,,,,,,,1749567801.82
835,ETH-253475075,1749567801820,1,0.0655,0.064954,71.34,ETH-25JUL25-3000-C,2737.81,buy,1.0,1.0,,,,,,,1749567801.82
834,ETH-253475074,1749567801820,0,0.0655,0.064954,71.34,ETH-25JUL25-3000-C,2737.81,buy,284.0,284.0,,,,,,,1749567801.82
838,ETH-253475078,1749567801820,1,0.0655,0.064954,71.34,ETH-25JUL25-3000-C,2737.81,buy,100.0,100.0,,,,,,,1749567801.82
839,ETH-253475079,1749567801820,1,0.0655,0.064954,71.34,ETH-25JUL25-3000-C,2737.81,buy,6.0,6.0,,,,,,,1749567801.82
840,ETH-253478739,1749569367104,2,0.0652,0.064909,71.27,ETH-25JUL25-3000-C,2735.94,sell,5.0,5.0,,,ETH-CS-25JUL25-3000_3500,ETH-253478738,,,1749569367.104
841,ETH-253483542,1749569834433,2,0.0615,0.061327,71.36,ETH-25JUL25-3000-C,2705.85,sell,1.0,1.0,,,,,,,1749569834.433
842,ETH-253486482,1749570850651,0,0.0645,0.064692,71.01,ETH-25JUL25-3000-C,2732.96,buy,1.0,1.0,,,,,,,1749570850.651
844,ETH-253487975,1749571269161,1,0.065,0.065095,70.96,ETH-25JUL25-3000-C,2737.71,buy,3.0,3.0,,,,,,,1749571269.161
843,ETH-253487974,1749571269161,0,0.065,0.065095,70.96,ETH-25JUL25-3000-C,2737.71,buy,4.0,4.0,,,,,,,1749571269.161
845,ETH-253487976,1749571269161,1,0.065,0.065095,70.96,ETH-25JUL25-3000-C,2737.71,buy,29.0,29.0,,,,,,,1749571269.161
846,ETH-253487977,1749571269190,1,0.065,0.065095,70.96,ETH-25JUL25-3000-C,2737.71,buy,12.0,12.0,,,,,,,1749571269.19
847,ETH-253487979,1749571269215,1,0.065,0.065095,70.96,ETH-25JUL25-3000-C,2737.71,buy,1.0,1.0,,,,,,,1749571269.215
848,ETH-253487981,1749571269228,1,0.065,0.065095,70.96,ETH-25JUL25-3000-C,2737.71,buy,76.0,76.0,,,,,,,1749571269.228
849,ETH-253487983,1749571269245,1,0.065,0.065095,70.96,ETH-25JUL25-3000-C,2737.71,buy,14.0,14.0,,,,,,,1749571269.245
850,ETH-253487986,1749571269254,1,0.065,0.065095,70.96,ETH-25JUL25-3000-C,2737.71,buy,70.0,70.0,,,,,,,1749571269.254
851,ETH-253489664,1749572035803,0,0.066,0.066036,71.23,ETH-25JUL25-3000-C,2742.55,sell,10.0,10.0,,,,,,,1749572035.803
852,ETH-253489665,1749572035870,1,0.066,0.066036,71.23,ETH-25JUL25-3000-C,2742.55,buy,5.0,5.0,,,,,,,1749572035.87
853,ETH-253489693,1749572038186,1,0.066,0.066027,71.22,ETH-25JUL25-3000-C,2742.65,buy,5.0,5.0,,,,,,,1749572038.186
854,ETH-253489703,1749572038778,1,0.066,0.066027,71.22,ETH-25JUL25-3000-C,2742.65,buy,12.0,12.0,,,,,,,1749572038.778
855,ETH-253489706,1749572038917,1,0.066,0.066027,71.22,ETH-25JUL25-3000-C,2742.65,buy,3.0,3.0,,,,,,,1749572038.917
856,ETH-253489711,1749572038975,1,0.066,0.066037,71.17,ETH-25JUL25-3000-C,2743.18,buy,8.0,8.0,,,,,,,1749572038.975
857,ETH-253489736,1749572044999,1,0.066,0.066054,71.17,ETH-25JUL25-3000-C,2743.05,buy,2.0,2.0,,,,,,,1749572044.999
858,ETH-253489738,1749572046193,1,0.066,0.066047,71.14,ETH-25JUL25-3000-C,2743.36,buy,2.0,2.0,,,,,,,1749572046.193
859,ETH-253489739,1749572046577,1,0.066,0.066047,71.14,ETH-25JUL25-3000-C,2743.36,buy,1.0,1.0,,,,,,,1749572046.577
860,ETH-253489741,1749572047039,1,0.066,0.066083,71.11,ETH-25JUL25-3000-C,2743.64,buy,77.0,77.0,,,,,,,1749572047.039
861,ETH-253492404,1749572802994,2,0.065,0.065165,71.16,ETH-25JUL25-3000-C,2735.75,buy,3.0,3.0,,,,,,,1749572802.994
862,ETH-253492405,1749572803077,3,0.065,0.065165,71.16,ETH-25JUL25-3000-C,2735.75,buy,4.0,4.0,,,,,,,1749572803.077
863,ETH-253492434,1749572807286,3,0.065,0.065158,71.11,ETH-25JUL25-3000-C,2736.19,buy,202.0,202.0,,,,,,,1749572807.286
864,ETH-253499309,1749576222599,0,0.0665,0.066649,71.27,ETH-25JUL25-3000-C,2746.5,buy,3.0,3.0,,,,,,,1749576222.599
865,ETH-253499310,1749576222599,1,0.0665,0.066649,71.27,ETH-25JUL25-3000-C,2746.5,buy,4.0,4.0,,,,,,,1749576222.599
866,ETH-253499517,1749576400874,1,0.0665,0.066526,71.03,ETH-25JUL25-3000-C,2749.02,buy,202.0,202.0,,,,,,,1749576400.874
868,ETH-253503056,1749578175897,1,0.067,0.066207,71.85,ETH-25JUL25-3000-C,2744.46,buy,12.0,12.0,,,,,,,1749578175.897
872,ETH-253503060,1749578175897,1,0.067,0.066207,71.85,ETH-25JUL25-3000-C,2744.46,buy,141.0,141.0,,,,,,,1749578175.897
870,ETH-253503058,1749578175897,1,0.067,0.066207,71.85,ETH-25JUL25-3000-C,2744.46,buy,10.0,10.0,,,,,,,1749578175.897
871,ETH-253503059,1749578175897,1,0.067,0.066207,71.85,ETH-25JUL25-3000-C,2744.46,buy,36.0,36.0,,,,,,,1749578175.897
869,ETH-253503057,1749578175897,1,0.067,0.066207,71.85,ETH-25JUL25-3000-C,2744.46,buy,100.0,100.0,,,,,,,1749578175.897
867,ETH-253503055,1749578175897,0,0.067,0.066207,71.85,ETH-25JUL25-3000-C,2744.46,buy,1.0,1.0,,,,,,,1749578175.897
874,ETH-253504231,1749578908809,1,0.067,0.066187,71.96,ETH-25JUL25-3000-C,2743.33,buy,64.0,64.0,,,,,,,1749578908.809
873,ETH-253504230,1749578908809,1,0.067,0.066187,71.96,ETH-25JUL25-3000-C,2743.33,buy,36.0,36.0,,,,,,,1749578908.809
878,ETH-253504273,1749578941473,3,0.0665,0.065946,71.78,ETH-25JUL25-3000-C,2741.43,buy,70.0,70.0,,,,,,,1749578941.473
876,ETH-253504271,1749578941473,3,0.0665,0.065946,71.78,ETH-25JUL25-3000-C,2741.43,buy,1.0,1.0,,,,,,,1749578941.473
877,ETH-253504272,1749578941473,3,0.0665,0.065946,71.78,ETH-25JUL25-3000-C,2741.43,buy,21.0,21.0,,,,,,,1749578941.473
875,ETH-253504270,1749578941473,2,0.0665,0.065946,71.78,ETH-25JUL25-3000-C,2741.43,buy,1.0,1.0,,,,,,,1749578941.473
879,ETH-253504274,1749578941476,3,0.0665,0.065946,71.78,ETH-25JUL25-3000-C,2741.43,sell,7.0,7.0,,,,,,,1749578941.476
881,ETH-253505146,1749579996489,3,0.0665,0.066509,71.11,ETH-25JUL25-3000-C,2748.47,buy,11.0,11.0,,,,,,,1749579996.489
880,ETH-253505145,1749579996489,3,0.0665,0.066509,71.11,ETH-25JUL25-3000-C,2748.47,buy,3.0,3.0,,,,,,,1749579996.489
882,ETH-253505147,1749579996502,3,0.0665,0.066509,71.11,ETH-25JUL25-3000-C,2748.47,buy,1.0,1.0,,,,,,,1749579996.502
883,ETH-253505154,1749579997558,3,0.0665,0.066512,71.09,ETH-25JUL25-3000-C,2748.71,buy,19.0,19.0,,,,,,,1749579997.558
884,ETH-253505169,1749579998406,3,0.0665,0.066538,71.04,ETH-25JUL25-3000-C,2749.17,buy,171.0,171.0,,,,,,,1749579998.406
885,ETH-253505170,1749579998406,3,0.0665,0.066538,71.04,ETH-25JUL25-3000-C,2749.17,buy,4.0,4.0,,,,,,,1749579998.406
886,ETH-253506797,1749580502199,2,0.0655,0.06521,71.35,ETH-25JUL25-3000-C,2737.99,buy,15.0,15.0,,,,,,,1749580502.199
888,ETH-253510195,1749581487495,1,0.0695,0.069239,71.66,ETH-25JUL25-3000-C,2765.05,buy,3.0,3.0,,,,,,,1749581487.495
887,ETH-253510194,1749581487495,0,0.0695,0.069239,71.66,ETH-25JUL25-3000-C,2765.05,buy,202.0,202.0,,,,,,,1749581487.495
890,ETH-253510326,1749581508425,1,0.0695,0.069101,71.81,ETH-25JUL25-3000-C,2763.61,buy,3.0,3.0,,,,,,,1749581508.425
889,ETH-253510325,1749581508425,1,0.0695,0.069101,71.81,ETH-25JUL25-3000-C,2763.61,buy,1.0,1.0,,,,,,,1749581508.425
892,ETH-253513806,1749582583879,1,0.07,0.069648,72.09,ETH-25JUL25-3000-C,2764.48,buy,1.0,1.0,,,,,,,1749582583.879
891,ETH-253513805,1749582583879,0,0.07,0.069648,72.09,ETH-25JUL25-3000-C,2764.48,buy,9.0,9.0,,,,,,,1749582583.879
893,ETH-253513807,1749582583879,1,0.07,0.069648,72.09,ETH-25JUL25-3000-C,2764.48,buy,190.0,190.0,,,,,,,1749582583.879
894,ETH-253516478,1749583425793,0,0.0705,0.070591,71.64,ETH-25JUL25-3000-C,2772.91,buy,4.0,4.0,,,,,,,1749583425.793
895,ETH-253516479,1749583425793,1,0.0705,0.070591,71.64,ETH-25JUL25-3000-C,2772.91,buy,3.0,3.0,,,,,,,1749583425.793
896,ETH-253516480,1749583425793,1,0.0705,0.070591,71.64,ETH-25JUL25-3000-C,2772.91,buy,13.0,13.0,,,,,,,1749583425.793
897,ETH-253516481,1749583425804,1,0.0705,0.070591,71.64,ETH-25JUL25-3000-C,2772.91,buy,1.0,1.0,,,,,,,1749583425.804
898,ETH-253516554,1749583439483,1,0.0705,0.070606,71.51,ETH-25JUL25-3000-C,2774.22,buy,188.0,188.0,,,,,,,1749583439.483
899,ETH-253521332,1749584304212,0,0.075,0.074331,72.39,ETH-25JUL25-3000-C,2798.79,buy,52.0,52.0,,,,,,,1749584304.212
900,ETH-253521337,1749584304224,1,0.075,0.074331,72.39,ETH-25JUL25-3000-C,2798.79,buy,1.0,1.0,,,,,,,1749584304.224
901,ETH-253521343,1749584304253,1,0.075,0.074331,72.39,ETH-25JUL25-3000-C,2798.79,buy,3.0,3.0,,,,,,,1749584304.253
902,ETH-253521347,1749584304258,1,0.075,0.074331,72.39,ETH-25JUL25-3000-C,2798.79,buy,5.0,5.0,,,,,,,1749584304.258
903,ETH-253526488,1749585000069,2,0.07,0.070143,71.71,ETH-25JUL25-3000-C,2768.53,buy,136.0,136.0,,,,,,,1749585000.069
904,ETH-253526500,1749585000086,3,0.07,0.070143,71.71,ETH-25JUL25-3000-C,2768.53,buy,1.0,1.0,,,,,,,1749585000.086
905,ETH-253526515,1749585000106,3,0.07,0.070143,71.71,ETH-25JUL25-3000-C,2768.53,buy,1.0,1.0,,,,,,,1749585000.106
906,ETH-253526518,1749585000138,3,0.07,0.070143,71.71,ETH-25JUL25-3000-C,2768.53,buy,1.0,1.0,,,,,,,1749585000.138
907,ETH-253526524,1749585000157,3,0.07,0.070143,71.71,ETH-25JUL25-3000-C,2768.53,buy,2.0,2.0,,,,,,,1749585000.157
908,ETH-253526526,1749585000172,3,0.07,0.070143,71.71,ETH-25JUL25-3000-C,2768.53,buy,2.0,2.0,,,,,,,1749585000.172
909,ETH-253526553,1749585000199,3,0.07,0.070143,71.71,ETH-25JUL25-3000-C,2768.53,buy,2.0,2.0,,,,,,,1749585000.199
910,ETH-253526615,1749585000255,3,0.07,0.070143,71.71,ETH-25JUL25-3000-C,2768.53,buy,1.0,1.0,,,,,,,1749585000.255
911,ETH-253526635,1749585000279,3,0.07,0.070143,71.71,ETH-25JUL25-3000-C,2768.53,buy,1.0,1.0,,,,,,,1749585000.279
912,ETH-253526640,1749585000300,3,0.07,0.070143,71.71,ETH-25JUL25-3000-C,2768.53,buy,1.0,1.0,,,,,,,1749585000.3
913,ETH-253526641,1749585000335,3,0.07,0.070143,71.71,ETH-25JUL25-3000-C,2768.53,buy,1.0,1.0,,,,,,,1749585000.335
914,ETH-253526642,1749585000363,3,0.07,0.070143,71.71,ETH-25JUL25-3000-C,2768.53,buy,5.0,5.0,,,,,,,1749585000.363
915,ETH-253526643,1749585000388,3,0.07,0.070143,71.71,ETH-25JUL25-3000-C,2768.53,buy,1.0,1.0,,,,,,,1749585000.388
916,ETH-253526645,1749585000417,3,0.07,0.070143,71.71,ETH-25JUL25-3000-C,2768.53,buy,1.0,1.0,,,,,,,1749585000.417
917,ETH-253526646,1749585000449,3,0.07,0.070143,71.71,ETH-25JUL25-3000-C,2768.53,buy,2.0,2.0,,,,,,,1749585000.449
918,ETH-253526647,1749585000476,3,0.07,0.070143,71.71,ETH-25JUL25-3000-C,2768.53,buy,1.0,1.0,,,,,,,1749585000.476
920,ETH-253526650,1749585000489,3,0.07,0.070143,71.71,ETH-25JUL25-3000-C,2768.53,buy,3.0,3.0,,,,,,,1749585000.489
919,ETH-253526649,1749585000489,3,0.07,0.070143,71.71,ETH-25JUL25-3000-C,2768.53,buy,43.0,43.0,,,,,,,1749585000.489
921,ETH-253526651,1749585000489,3,0.07,0.070143,71.71,ETH-25JUL25-3000-C,2768.53,buy,4.0,4.0,,,,,,,1749585000.489
922,ETH-253526890,1749585053786,0,0.0705,0.070741,71.73,ETH-25JUL25-3000-C,2772.28,sell,15.0,15.0,,,,,,,1749585053.786
923,ETH-253531135,1749586234289,2,0.07,0.06974,72.16,ETH-25JUL25-3000-C,2764.02,buy,27.0,27.0,,,,,,,1749586234.289
924,ETH-253531538,1749586537723,2,0.069,0.069157,71.99,ETH-25JUL25-3000-C,2758.44,sell,25.0,25.0,,,,,,,1749586537.723
925,ETH-253531880,1749586723339,3,0.069,0.069097,71.95,ETH-25JUL25-3000-C,2759.04,sell,5.0,5.0,,,,,,,1749586723.339
926,ETH-253533961,1749588146955,0,0.0695,0.069251,72.1,ETH-25JUL25-3000-C,2761.18,buy,1.0,1.0,,,,,,,1749588146.955
927,ETH-253535183,1749589307405,0,0.071,0.071082,71.58,ETH-25JUL25-3000-C,2777.83,buy,28.0,28.0,,,,,,,1749589307.405
928,ETH-253535184,1749589307405,1,0.071,0.071082,71.58,ETH-25JUL25-3000-C,2777.83,buy,105.0,105.0,,,,,,,1749589307.405
929,ETH-253535185,1749589307415,1,0.071,0.071082,71.58,ETH-25JUL25-3000-C,2777.83,buy,6.0,6.0,,,,,,,1749589307.415
930,ETH-253535186,1749589307423,1,0.071,0.071082,71.58,ETH-25JUL25-3000-C,2777.83,buy,1.0,1.0,,,,,,,1749589307.423
931,ETH-253535187,1749589307438,1,0.071,0.071082,71.58,ETH-25JUL25-3000-C,2777.83,buy,1.0,1.0,,,,,,,1749589307.438
932,ETH-253535188,1749589307448,1,0.071,0.071082,71.58,ETH-25JUL25-3000-C,2777.83,buy,2.0,2.0,,,,,,,1749589307.448
933,ETH-253535189,1749589307456,1,0.071,0.071082,71.58,ETH-25JUL25-3000-C,2777.83,buy,1.0,1.0,,,,,,,1749589307.456
934,ETH-253535190,1749589307461,1,0.071,0.071082,71.58,ETH-25JUL25-3000-C,2777.83,buy,1.0,1.0,,,,,,,1749589307.461
935,ETH-253535232,1749589309616,1,0.071,0.071103,71.52,ETH-25JUL25-3000-C,2778.47,buy,9.0,9.0,,,,,,,1749589309.616
936,ETH-253535234,1749589309631,1,0.071,0.071103,71.52,ETH-25JUL25-3000-C,2778.47,buy,1.0,1.0,,,,,,,1749589309.631
937,ETH-253535237,1749589309893,1,0.071,0.071103,71.52,ETH-25JUL25-3000-C,2778.47,buy,1.0,1.0,,,,,,,1749589309.893
938,ETH-253535238,1749589310105,1,0.071,0.071103,71.52,ETH-25JUL25-3000-C,2778.47,buy,1.0,1.0,,,,,,,1749589310.105
939,ETH-253535239,1749589310123,1,0.071,0.071103,71.52,ETH-25JUL25-3000-C,2778.47,buy,7.0,7.0,,,,,,,1749589310.123
940,ETH-253535240,1749589310409,1,0.071,0.071131,71.48,ETH-25JUL25-3000-C,2778.87,buy,1.0,1.0,,,,,,,1749589310.409
941,ETH-253535241,1749589310494,1,0.071,0.071131,71.48,ETH-25JUL25-3000-C,2778.87,buy,56.0,56.0,,,,,,,1749589310.494
942,ETH-253535242,1749589310504,1,0.071,0.071131,71.48,ETH-25JUL25-3000-C,2778.87,buy,9.0,9.0,,,,,,,1749589310.504
944,ETH-253535244,1749589310504,1,0.071,0.071131,71.48,ETH-25JUL25-3000-C,2778.87,buy,4.0,4.0,,,,,,,1749589310.504
943,ETH-253535243,1749589310504,1,0.071,0.071131,71.48,ETH-25JUL25-3000-C,2778.87,buy,3.0,3.0,,,,,,,1749589310.504
945,ETH-253541202,1749591881552,1,0.071,0.070939,71.93,ETH-25JUL25-3000-C,2774.1,buy,4.0,4.0,,,,,,,1749591881.552
946,ETH-253541203,1749591881552,1,0.071,0.070939,71.93,ETH-25JUL25-3000-C,2774.1,buy,87.0,87.0,,,,,,,1749591881.552
947,ETH-253541207,1749591881569,1,0.071,0.070939,71.93,ETH-25JUL25-3000-C,2774.1,buy,91.0,91.0,,,,,,,1749591881.569
949,ETH-253541219,1749591881679,1,0.071,0.070939,71.93,ETH-25JUL25-3000-C,2774.1,buy,3.0,3.0,,,,,,,1749591881.679
948,ETH-253541218,1749591881679,1,0.071,0.070939,71.93,ETH-25JUL25-3000-C,2774.1,buy,24.0,24.0,,,,,,,1749591881.679
952,ETH-253548073,1749593703927,1,0.075,0.075074,71.83,ETH-25JUL25-3000-C,2804.71,buy,191.0,191.0,,,,,,,1749593703.927
951,ETH-253548072,1749593703927,1,0.075,0.075074,71.83,ETH-25JUL25-3000-C,2804.71,buy,4.0,4.0,,,,,,,1749593703.927
950,ETH-253548071,1749593703927,0,0.075,0.075074,71.83,ETH-25JUL25-3000-C,2804.71,buy,3.0,3.0,,,,,,,1749593703.927
953,ETH-253548088,1749593704272,1,0.075,0.075074,71.83,ETH-25JUL25-3000-C,2804.71,buy,6.0,6.0,,,,,,,1749593704.272
954,ETH-253548095,1749593706644,1,0.075,0.075182,71.7,ETH-25JUL25-3000-C,2805.94,buy,3.0,3.0,,,,,,,1749593706.644
955,ETH-253548102,1749593708306,1,0.075,0.075352,71.68,ETH-25JUL25-3000-C,2806.19,buy,2.0,2.0,,,,,,,1749593708.306
957,ETH-253550990,1749594689562,1,0.078,0.077798,72.54,ETH-25JUL25-3000-C,2818.64,buy,4.0,4.0,,,,,,,1749594689.562
958,ETH-253550991,1749594689562,1,0.078,0.077798,72.54,ETH-25JUL25-3000-C,2818.64,buy,188.0,188.0,,,,,,,1749594689.562
956,ETH-253550989,1749594689562,0,0.078,0.077798,72.54,ETH-25JUL25-3000-C,2818.64,buy,3.0,3.0,,,,,,,1749594689.562
959,ETH-253550997,1749594689821,1,0.078,0.077805,72.46,ETH-25JUL25-3000-C,2819.38,buy,13.0,13.0,,,,,,,1749594689.821
960,ETH-253554627,1749595929513,2,0.0755,0.075475,72.74,ETH-25JUL25-3000-C,2798.62,sell,5.0,5.0,,,,,,,1749595929.513
963,ETH-253558110,1749598572569,3,0.075,0.075141,71.97,ETH-25JUL25-3000-C,2803.59,buy,108.0,108.0,,,,,,,1749598572.569
961,ETH-253558108,1749598572569,2,0.075,0.075141,71.97,ETH-25JUL25-3000-C,2803.59,buy,4.0,4.0,,,,,,,1749598572.569
962,ETH-253558109,1749598572569,3,0.075,0.075141,71.97,ETH-25JUL25-3000-C,2803.59,buy,3.0,3.0,,,,,,,1749598572.569
964,ETH-253558111,1749598572573,3,0.075,0.075141,71.97,ETH-25JUL25-3000-C,2803.59,buy,6.0,6.0,,,,,,,1749598572.573
965,ETH-253558112,1749598572583,3,0.075,0.075141,71.97,ETH-25JUL25-3000-C,2803.59,buy,1.0,1.0,,,,,,,1749598572.583
966,ETH-253558113,1749598572701,3,0.075,0.075141,71.97,ETH-25JUL25-3000-C,2803.59,buy,3.0,3.0,,,,,,,1749598572.701
967,ETH-253558361,1749598650844,3,0.075,0.074842,72.06,ETH-25JUL25-3000-C,2802.84,buy,83.0,83.0,,,,,,,1749598650.844
968,ETH-253559952,1749599365029,0,0.0765,0.076033,72.62,ETH-25JUL25-3000-C,2808.2,sell,1.0,1.0,,,,,,,1749599365.029
969,ETH-253560303,1749599732594,1,0.0765,0.076579,72.21,ETH-25JUL25-3000-C,2812.08,buy,1.0,1.0,,,,,,,1749599732.594
970,ETH-253560304,1749599732984,1,0.0765,0.076579,72.21,ETH-25JUL25-3000-C,2812.08,buy,3.0,3.0,,,,,,,1749599732.984
971,ETH-253560305,1749599732984,1,0.0765,0.076579,72.21,ETH-25JUL25-3000-C,2812.08,buy,115.0,115.0,,,,,,,1749599732.984
972,ETH-253560306,1749599732988,1,0.0765,0.076579,72.21,ETH-25JUL25-3000-C,2812.08,buy,3.0,3.0,,,,,,,1749599732.988
973,ETH-253560307,1749599733135,1,0.0765,0.076566,72.18,ETH-25JUL25-3000-C,2812.32,buy,1.0,1.0,,,,,,,1749599733.135
974,ETH-253560308,1749599733138,1,0.0765,0.076566,72.18,ETH-25JUL25-3000-C,2812.32,buy,1.0,1.0,,,,,,,1749599733.138
975,ETH-253560309,1749599734123,1,0.0765,0.076592,72.15,ETH-25JUL25-3000-C,2812.63,buy,4.0,4.0,,,,,,,1749599734.123
976,ETH-253560339,1749599736393,1,0.0765,0.076655,72.13,ETH-25JUL25-3000-C,2812.8,buy,1.0,1.0,,,,,,,1749599736.393
977,ETH-253560340,1749599736413,1,0.0765,0.076655,72.13,ETH-25JUL25-3000-C,2812.8,buy,1.0,1.0,,,,,,,1749599736.413
978,ETH-253560341,1749599736424,1,0.0765,0.076655,72.13,ETH-25JUL25-3000-C,2812.8,buy,1.0,1.0,,,,,,,1749599736.424
979,ETH-253560342,1749599736438,1,0.0765,0.076655,72.13,ETH-25JUL25-3000-C,2812.8,buy,2.0,2.0,,,,,,,1749599736.438
980,ETH-253560343,1749599736451,1,0.0765,0.076655,72.13,ETH-25JUL25-3000-C,2812.8,buy,1.0,1.0,,,,,,,1749599736.451
981,ETH-253560344,1749599736461,1,0.0765,0.076655,72.13,ETH-25JUL25-3000-C,2812.8,buy,1.0,1.0,,,,,,,1749599736.461
982,ETH-253560345,1749599736469,1,0.0765,0.076655,72.13,ETH-25JUL25-3000-C,2812.8,buy,1.0,1.0,,,,,,,1749599736.469
983,ETH-253560346,1749599736477,1,0.0765,0.076655,72.13,ETH-25JUL25-3000-C,2812.8,buy,4.0,4.0,,,,,,,1749599736.477
984,ETH-253560347,1749599736491,1,0.0765,0.076655,72.13,ETH-25JUL25-3000-C,2812.8,buy,1.0,1.0,,,,,,,1749599736.491
986,ETH-253560413,1749599850298,1,0.0765,0.076414,72.14,ETH-25JUL25-3000-C,2812.94,buy,3.0,3.0,,,,,,,1749599850.298
985,ETH-253560412,1749599850298,1,0.0765,0.076414,72.14,ETH-25JUL25-3000-C,2812.94,buy,64.0,64.0,,,,,,,1749599850.298
987,ETH-253563006,1749600643608,0,0.0785,0.078327,72.54,ETH-25JUL25-3000-C,2824.04,buy,3.0,3.0,,,,,,,1749600643.608
988,ETH-253563007,1749600643784,1,0.0785,0.078327,72.54,ETH-25JUL25-3000-C,2824.04,buy,4.0,4.0,,,,,,,1749600643.784
989,ETH-253563008,1749600643784,1,0.0785,0.078327,72.54,ETH-25JUL25-3000-C,2824.04,buy,4.0,4.0,,,,,,,1749600643.784
990,ETH-253563009,1749600643800,1,0.0785,0.078327,72.54,ETH-25JUL25-3000-C,2824.04,buy,2.0,2.0,,,,,,,1749600643.8
991,ETH-253563017,1749600643910,1,0.0785,0.078327,72.54,ETH-25JUL25-3000-C,2824.04,buy,5.0,5.0,,,,,,,1749600643.91
992,ETH-253563022,1749600644241,1,0.0785,0.078331,72.45,ETH-25JUL25-3000-C,2824.89,buy,11.0,11.0,,,,,,,1749600644.241
993,ETH-253563023,1749600644260,1,0.0785,0.078331,72.45,ETH-25JUL25-3000-C,2824.89,buy,1.0,1.0,,,,,,,1749600644.26
994,ETH-253563026,1749600645389,1,0.0785,0.078364,72.32,ETH-25JUL25-3000-C,2826.16,buy,11.0,11.0,,,,,,,1749600645.389
995,ETH-253563032,1749600645619,1,0.0785,0.078364,72.32,ETH-25JUL25-3000-C,2826.16,buy,3.0,3.0,,,,,,,1749600645.619
996,ETH-253563033,1749600645658,1,0.0785,0.078364,72.32,ETH-25JUL25-3000-C,2826.16,buy,6.0,6.0,,,,,,,1749600645.658
997,ETH-253563045,1749600647801,1,0.0785,0.078655,72.19,ETH-25JUL25-3000-C,2827.45,buy,40.0,40.0,,,,,,,1749600647.801
998,ETH-253563046,1749600647810,1,0.0785,0.078655,72.19,ETH-25JUL25-3000-C,2827.45,buy,2.0,2.0,,,,,,,1749600647.81
999,ETH-253563047,1749600647840,1,0.0785,0.078655,72.19,ETH-25JUL25-3000-C,2827.45,buy,5.0,5.0,,,,,,,1749600647.84
1000,ETH-253563053,1749600648756,1,0.0785,0.078773,72.18,ETH-25JUL25-3000-C,2827.56,buy,2.0,2.0,,,,,,,1749600648.756
1001,ETH-253563056,1749600649067,1,0.0785,0.078815,72.17,ETH-25JUL25-3000-C,2827.65,buy,12.0,12.0,,,,,,,1749600649.067
1002,ETH-253563066,1749600650593,1,0.0785,0.078818,72.14,ETH-25JUL25-3000-C,2827.94,buy,11.0,11.0,,,,,,,1749600650.593
1004,ETH-253564332,1749600904980,3,0.078,0.077811,72.23,ETH-25JUL25-3000-C,2823.19,buy,3.0,3.0,,,,,,,1749600904.98
1003,ETH-253564331,1749600904980,2,0.078,0.077811,72.23,ETH-25JUL25-3000-C,2823.19,buy,86.0,86.0,,,,,,,1749600904.98
1005,ETH-253570025,1749603017206,2,0.076,0.076075,72.49,ETH-25JUL25-3000-C,2806.38,buy,1.0,1.0,,,,,,,1749603017.206
1006,ETH-253570396,1749603208682,2,0.0745,0.074886,72.26,ETH-25JUL25-3000-C,2797.95,sell,11.0,11.0,,,,,,,1749603208.682
1007,ETH-253570397,1749603208682,3,0.0745,0.074886,72.26,ETH-25JUL25-3000-C,2797.95,sell,39.0,39.0,,,,,,,1749603208.682
1008,ETH-253570412,1749603223156,3,0.0745,0.0747,72.43,ETH-25JUL25-3000-C,2796.33,buy,4.0,4.0,,,,,,,1749603223.156
1010,ETH-253576856,1749608137137,3,0.073,0.073017,71.93,ETH-25JUL25-3000-C,2791.65,buy,149.0,149.0,,,,,,,1749608137.137
1009,ETH-253576855,1749608137137,2,0.073,0.073017,71.93,ETH-25JUL25-3000-C,2791.65,buy,4.0,4.0,,,,,,,1749608137.137
1012,ETH-253576879,1749608148238,3,0.073,0.073108,71.82,ETH-25JUL25-3000-C,2792.85,buy,3.0,3.0,,,,,,,1749608148.238
1011,ETH-253576878,1749608148238,3,0.073,0.073108,71.82,ETH-25JUL25-3000-C,2792.85,buy,53.0,53.0,,,,,,,1749608148.238
1013,ETH-253581399,1749612148496,2,0.072,0.071981,71.48,ETH-25JUL25-3000-C,2789.09,buy,3.0,3.0,,,,,,,1749612148.496
1014,ETH-253581400,1749612148496,3,0.072,0.071981,71.48,ETH-25JUL25-3000-C,2789.09,buy,150.0,150.0,,,,,,,1749612148.496
1015,ETH-253581404,1749612150094,3,0.072,0.072002,71.43,ETH-25JUL25-3000-C,2789.55,buy,52.0,52.0,,,,,,,1749612150.094
1016,ETH-253581405,1749612150094,3,0.072,0.072002,71.43,ETH-25JUL25-3000-C,2789.55,buy,4.0,4.0,,,,,,,1749612150.094
1017,ETH-253584199,1749614287419,0,0.0725,0.072213,71.62,ETH-25JUL25-3000-C,2791.54,buy,1.0,1.0,,,,,,,1749614287.419
1018,ETH-253584201,1749614287738,1,0.0725,0.072213,71.62,ETH-25JUL25-3000-C,2791.54,buy,1.0,1.0,,,,,,,1749614287.738
1019,ETH-253584207,1749614291266,1,0.0725,0.072196,71.63,ETH-25JUL25-3000-C,2791.49,buy,1.0,1.0,,,,,,,1749614291.266
1020,ETH-253586696,1749616045592,2,0.072,0.072016,71.28,ETH-25JUL25-3000-C,2791.41,sell,1.0,1.0,,,,,,,1749616045.592
1022,ETH-253587976,1749617245971,1,0.0725,0.072547,71.17,ETH-25JUL25-3000-C,2796.55,buy,4.0,4.0,,,,,,,1749617245.971
1023,ETH-253587977,1749617245971,1,0.0725,0.072547,71.17,ETH-25JUL25-3000-C,2796.55,buy,202.0,202.0,,,,,,,1749617245.971
1021,ETH-253587975,1749617245971,0,0.0725,0.072547,71.17,ETH-25JUL25-3000-C,2796.55,buy,3.0,3.0,,,,,,,1749617245.971
1024,ETH-253588290,1749617564414,1,0.0725,0.072499,71.21,ETH-25JUL25-3000-C,2796.42,buy,40.0,40.0,,,,,,,1749617564.414
1025,ETH-253588618,1749618026754,0,0.073,0.072584,71.57,ETH-25JUL25-3000-C,2796.75,buy,1.0,1.0,,,,,,,1749618026.754
1026,ETH-253588676,1749618105514,2,0.0725,0.072259,71.44,ETH-25JUL25-3000-C,2794.39,sell,1.0,1.0,,,,,,,1749618105.514
1027,ETH-253589465,1749619396673,2,0.072,0.071709,71.53,ETH-25JUL25-3000-C,2790.09,sell,1.0,1.0,,,,,,,1749619396.673
1028,ETH-253591224,1749622212779,2,0.0715,0.071999,71.1,ETH-25JUL25-3000-C,2790.99,sell,1.0,1.0,,,,,,,1749622212.779
1029,ETH-253594039,1749625367187,0,0.0722,0.072572,71.17,ETH-25JUL25-3000-C,2795.61,sell,480.0,480.0,2.0,BLOCK-204549,,,,,1749625367.187
1030,ETH-253595380,1749626803363,2,0.072,0.072224,71.14,ETH-25JUL25-3000-C,2794.36,buy,96.0,96.0,,,,,,,1749626803.363
1031,ETH-253595381,1749626803454,3,0.072,0.072224,71.14,ETH-25JUL25-3000-C,2794.36,buy,3.0,3.0,,,,,,,1749626803.454
1032,ETH-253595402,1749626840280,3,0.072,0.072039,71.18,ETH-25JUL25-3000-C,2793.85,buy,1.0,1.0,,,,,,,1749626840.28
1033,ETH-253595405,1749626840393,3,0.072,0.072039,71.18,ETH-25JUL25-3000-C,2793.85,buy,1.0,1.0,,,,,,,1749626840.393
1034,ETH-253595406,1749626840397,3,0.072,0.072039,71.18,ETH-25JUL25-3000-C,2793.85,buy,1.0,1.0,,,,,,,1749626840.397
1035,ETH-253595407,1749626840403,3,0.072,0.072039,71.18,ETH-25JUL25-3000-C,2793.85,buy,1.0,1.0,,,,,,,1749626840.403
1036,ETH-253595409,1749626840410,3,0.072,0.072039,71.18,ETH-25JUL25-3000-C,2793.85,buy,1.0,1.0,,,,,,,1749626840.41
1037,ETH-253595410,1749626840415,3,0.072,0.072039,71.18,ETH-25JUL25-3000-C,2793.85,buy,1.0,1.0,,,,,,,1749626840.415
1038,ETH-253595415,1749626840523,3,0.072,0.072039,71.18,ETH-25JUL25-3000-C,2793.85,buy,2.0,2.0,,,,,,,1749626840.523
1039,ETH-253595416,1749626840528,3,0.072,0.072039,71.18,ETH-25JUL25-3000-C,2793.85,buy,1.0,1.0,,,,,,,1749626840.528
1040,ETH-253595417,1749626840534,3,0.072,0.072039,71.18,ETH-25JUL25-3000-C,2793.85,buy,1.0,1.0,,,,,,,1749626840.534
1041,ETH-253595418,1749626840621,3,0.072,0.072037,71.18,ETH-25JUL25-3000-C,2793.84,buy,1.0,1.0,,,,,,,1749626840.621
1042,ETH-253595419,1749626841095,3,0.072,0.072037,71.18,ETH-25JUL25-3000-C,2793.84,buy,1.0,1.0,,,,,,,1749626841.095
1043,ETH-253595424,1749626841991,3,0.072,0.07203,71.13,ETH-25JUL25-3000-C,2794.36,buy,1.0,1.0,,,,,,,1749626841.991
1044,ETH-253595430,1749626848596,3,0.072,0.072073,71.11,ETH-25JUL25-3000-C,2794.53,buy,1.0,1.0,,,,,,,1749626848.596
1045,ETH-253595431,1749626848600,3,0.072,0.072073,71.11,ETH-25JUL25-3000-C,2794.53,buy,1.0,1.0,,,,,,,1749626848.6
1046,ETH-253595432,1749626849646,3,0.072,0.07207,71.1,ETH-25JUL25-3000-C,2794.66,buy,1.0,1.0,,,,,,,1749626849.646
1047,ETH-253595433,1749626850284,3,0.072,0.07207,71.1,ETH-25JUL25-3000-C,2794.66,buy,1.0,1.0,,,,,,,1749626850.284
1048,ETH-253595434,1749626850301,3,0.072,0.07207,71.1,ETH-25JUL25-3000-C,2794.66,buy,1.0,1.0,,,,,,,1749626850.301
1049,ETH-253595435,1749626850470,3,0.072,0.07207,71.1,ETH-25JUL25-3000-C,2794.66,buy,62.0,62.0,,,,,,,1749626850.47
1050,ETH-253595436,1749626850476,3,0.072,0.07207,71.1,ETH-25JUL25-3000-C,2794.66,buy,23.0,23.0,,,,,,,1749626850.476
1051,ETH-253595437,1749626850476,3,0.072,0.07207,71.1,ETH-25JUL25-3000-C,2794.66,buy,4.0,4.0,,,,,,,1749626850.476
1052,ETH-253595438,1749626850476,3,0.072,0.07207,71.1,ETH-25JUL25-3000-C,2794.66,buy,3.0,3.0,,,,,,,1749626850.476
1054,ETH-253605449,1749631778415,3,0.068,0.068508,70.82,ETH-25JUL25-3000-C,2768.25,sell,153.0,153.0,,,,,,,1749631778.415
1053,ETH-253605448,1749631778415,2,0.068,0.068508,70.82,ETH-25JUL25-3000-C,2768.25,sell,285.0,285.0,,,,,,,1749631778.415
1055,ETH-253605450,1749631778417,3,0.068,0.068508,70.82,ETH-25JUL25-3000-C,2768.25,buy,62.0,62.0,,,,,,,1749631778.417
1056,ETH-253610492,1749634155736,3,0.068,0.067887,70.82,ETH-25JUL25-3000-C,2770.05,sell,1.0,1.0,,,,,,,1749634155.736
1057,ETH-253615350,1749638383699,2,0.0675,0.067668,70.58,ETH-25JUL25-3000-C,2769.31,buy,3.0,3.0,,,,,,,1749638383.699
1058,ETH-253615351,1749638383820,3,0.0675,0.067668,70.58,ETH-25JUL25-3000-C,2769.31,buy,125.0,125.0,,,,,,,1749638383.82
1059,ETH-253615352,1749638383899,3,0.0675,0.067668,70.58,ETH-25JUL25-3000-C,2769.31,buy,1.0,1.0,,,,,,,1749638383.899
1060,ETH-253615353,1749638386011,3,0.0675,0.067658,70.59,ETH-25JUL25-3000-C,2769.29,buy,1.0,1.0,,,,,,,1749638386.011
1061,ETH-253615354,1749638386119,3,0.0675,0.067658,70.59,ETH-25JUL25-3000-C,2769.29,buy,1.0,1.0,,,,,,,1749638386.119
1062,ETH-253615355,1749638386453,3,0.0675,0.067647,70.6,ETH-25JUL25-3000-C,2769.18,buy,1.0,1.0,,,,,,,1749638386.453
1063,ETH-253615356,1749638386456,3,0.0675,0.067647,70.6,ETH-25JUL25-3000-C,2769.18,buy,1.0,1.0,,,,,,,1749638386.456
1064,ETH-253615359,1749638399186,3,0.0675,0.067572,70.58,ETH-25JUL25-3000-C,2769.32,buy,1.0,1.0,,,,,,,1749638399.186
1065,ETH-253615365,1749638399289,3,0.0675,0.067558,70.58,ETH-25JUL25-3000-C,2769.32,buy,2.0,2.0,,,,,,,1749638399.289
1066,ETH-253615366,1749638399298,3,0.0675,0.067558,70.58,ETH-25JUL25-3000-C,2769.32,buy,1.0,1.0,,,,,,,1749638399.298
1067,ETH-253615367,1749638399303,3,0.0675,0.067558,70.58,ETH-25JUL25-3000-C,2769.32,buy,1.0,1.0,,,,,,,1749638399.303
1068,ETH-253615368,1749638399308,3,0.0675,0.067558,70.58,ETH-25JUL25-3000-C,2769.32,buy,1.0,1.0,,,,,,,1749638399.308
1069,ETH-253615374,1749638399342,3,0.0675,0.067558,70.58,ETH-25JUL25-3000-C,2769.32,buy,2.0,2.0,,,,,,,1749638399.342
1070,ETH-253615375,1749638399352,3,0.0675,0.067558,70.58,ETH-25JUL25-3000-C,2769.32,buy,5.0,5.0,,,,,,,1749638399.352
1071,ETH-253615376,1749638399359,3,0.0675,0.067558,70.58,ETH-25JUL25-3000-C,2769.32,buy,1.0,1.0,,,,,,,1749638399.359
1072,ETH-253615481,1749638564363,2,0.067,0.067178,70.44,ETH-25JUL25-3000-C,2767.25,sell,59.0,59.0,,,,,,,1749638564.363
1073,ETH-253615486,1749638564568,3,0.067,0.067182,70.44,ETH-25JUL25-3000-C,2767.24,sell,4.0,4.0,,,,,,,1749638564.568
1074,ETH-253616556,1749639579642,0,0.0675,0.067808,70.45,ETH-25JUL25-3000-C,2771.02,sell,1.0,1.0,,,,,,,1749639579.642
1075,ETH-253617251,1749640614401,1,0.0675,0.067271,71.15,ETH-25JUL25-3000-C,2764.07,buy,1.0,1.0,,,,,,,1749640614.401
1076,ETH-253617419,1749640905539,1,0.0675,0.067578,70.94,ETH-25JUL25-3000-C,2766.25,buy,7.0,7.0,,,,,,,1749640905.539
1077,ETH-253617420,1749640906115,1,0.0675,0.067579,70.95,ETH-25JUL25-3000-C,2766.17,buy,5.0,5.0,,,,,,,1749640906.115
1080,ETH-253620042,1749643453145,1,0.068,0.067943,70.66,ETH-25JUL25-3000-C,2772.62,buy,199.0,199.0,,,,,,,1749643453.145
1079,ETH-253620041,1749643453145,1,0.068,0.067943,70.66,ETH-25JUL25-3000-C,2772.62,buy,3.0,3.0,,,,,,,1749643453.145
1078,ETH-253620040,1749643453145,0,0.068,0.067943,70.66,ETH-25JUL25-3000-C,2772.62,buy,4.0,4.0,,,,,,,1749643453.145
1081,ETH-253620047,1749643453165,1,0.068,0.067943,70.66,ETH-25JUL25-3000-C,2772.62,buy,4.0,4.0,,,,,,,1749643453.165
1082,ETH-253637462,1749645743712,0,0.073,0.073018,70.79,ETH-25JUL25-3000-C,2807.94,sell,50.0,50.0,,,,,,,1749645743.712
1083,ETH-253637463,1749645743791,1,0.073,0.073018,70.79,ETH-25JUL25-3000-C,2807.94,sell,50.0,50.0,,,,,,,1749645743.791
1084,ETH-253637478,1749645748706,0,0.0735,0.072954,71.18,ETH-25JUL25-3000-C,2807.7,buy,60.0,60.0,,,,,,,1749645748.706
1085,ETH-253637479,1749645748709,1,0.0735,0.072954,71.18,ETH-25JUL25-3000-C,2807.7,buy,60.0,60.0,,,,,,,1749645748.709
1086,ETH-253637480,1749645748713,1,0.0735,0.072954,71.18,ETH-25JUL25-3000-C,2807.7,buy,60.0,60.0,,,,,,,1749645748.713
1089,ETH-253637525,1749645750505,1,0.0735,0.073109,71.01,ETH-25JUL25-3000-C,2809.44,buy,3.0,3.0,,,,,,,1749645750.505
1088,ETH-253637524,1749645750505,1,0.0735,0.073109,71.01,ETH-25JUL25-3000-C,2809.44,buy,4.0,4.0,,,,,,,1749645750.505
1087,ETH-253637523,1749645750505,1,0.0735,0.073109,71.01,ETH-25JUL25-3000-C,2809.44,buy,22.0,22.0,,,,,,,1749645750.505
1090,ETH-253644768,1749648219837,0,0.074,0.073783,71.17,ETH-25JUL25-3000-C,2811.44,buy,1.0,1.0,,,,,,,1749648219.837
1092,ETH-253644958,1749648306215,1,0.074,0.073987,71.01,ETH-25JUL25-3000-C,2813.21,buy,199.0,199.0,,,,,,,1749648306.215
1091,ETH-253644957,1749648306215,1,0.074,0.073987,71.01,ETH-25JUL25-3000-C,2813.21,buy,3.0,3.0,,,,,,,1749648306.215
1093,ETH-253644962,1749648306411,1,0.074,0.073987,71.01,ETH-25JUL25-3000-C,2813.21,buy,3.0,3.0,,,,,,,1749648306.411
1094,ETH-253644963,1749648306411,1,0.074,0.073987,71.01,ETH-25JUL25-3000-C,2813.21,buy,4.0,4.0,,,,,,,1749648306.411
1095,ETH-253647191,1749648764574,2,0.071,0.072001,70.36,ETH-25JUL25-3000-C,2797.94,sell,15.0,15.0,,,,,,,1749648764.574
1096,ETH-253652098,1749649602982,0,0.0715,0.070992,71.39,ETH-25JUL25-3000-C,2791.14,buy,2.0,2.0,,,,,,,1749649602.982
1097,ETH-253657184,1749651690627,0,0.076,0.07593,71.0,ETH-25JUL25-3000-C,2828.32,buy,1.0,1.0,,,,,,,1749651690.627
1099,ETH-253657188,1749651691194,1,0.076,0.075928,70.96,ETH-25JUL25-3000-C,2828.72,buy,3.0,3.0,,,,,,,1749651691.194
1098,ETH-253657187,1749651691194,1,0.076,0.075928,70.96,ETH-25JUL25-3000-C,2828.72,buy,3.0,3.0,,,,,,,1749651691.194
1100,ETH-253657189,1749651691194,1,0.076,0.075928,70.96,ETH-25JUL25-3000-C,2828.72,buy,92.0,92.0,,,,,,,1749651691.194
1101,ETH-253657190,1749651691205,1,0.076,0.075928,70.96,ETH-25JUL25-3000-C,2828.72,buy,97.0,97.0,,,,,,,1749651691.205
1102,ETH-253657191,1749651691219,1,0.076,0.075928,70.96,ETH-25JUL25-3000-C,2828.72,buy,10.0,10.0,,,,,,,1749651691.219
1103,ETH-253657193,1749651691328,1,0.076,0.075928,70.96,ETH-25JUL25-3000-C,2828.72,buy,3.0,3.0,,,,,,,1749651691.328
1104,ETH-253658551,1749651857329,0,0.077,0.076671,71.23,ETH-25JUL25-3000-C,2833.05,sell,3.0,3.0,,,,,,,1749651857.329
1105,ETH-253659778,1749651986622,0,0.078,0.07791,71.26,ETH-25JUL25-3000-C,2839.68,sell,12.0,12.0,,,,,,,1749651986.622
1106,ETH-253659779,1749651986635,1,0.078,0.07791,71.26,ETH-25JUL25-3000-C,2839.68,sell,10.0,10.0,,,,,,,1749651986.635
1107,ETH-253659780,1749651986640,1,0.078,0.07791,71.26,ETH-25JUL25-3000-C,2839.68,sell,1.0,1.0,,,,,,,1749651986.64
1108,ETH-253659795,1749651991688,1,0.078,0.07774,71.35,ETH-25JUL25-3000-C,2838.88,sell,4.0,4.0,,,,,,,1749651991.688
1109,ETH-253659797,1749651991981,1,0.078,0.07774,71.35,ETH-25JUL25-3000-C,2838.88,sell,6.0,6.0,,,,,,,1749651991.981
1110,ETH-253659805,1749651992708,1,0.078,0.077723,71.35,ETH-25JUL25-3000-C,2838.87,sell,9.0,9.0,,,,,,,1749651992.708
1111,ETH-253659806,1749651992743,1,0.078,0.077723,71.35,ETH-25JUL25-3000-C,2838.87,sell,1.0,1.0,,,,,,,1749651992.743
1112,ETH-253659807,1749651992837,1,0.078,0.077723,71.35,ETH-25JUL25-3000-C,2838.87,sell,9.0,9.0,,,,,,,1749651992.837
1113,ETH-253659810,1749651993588,1,0.078,0.077732,71.37,ETH-25JUL25-3000-C,2838.69,sell,148.0,148.0,,,,,,,1749651993.588
1115,ETH-253664807,1749652666533,1,0.079,0.078554,71.42,ETH-25JUL25-3000-C,2845.34,buy,1.0,1.0,,,,,,,1749652666.533
1114,ETH-253664806,1749652666533,0,0.079,0.078554,71.42,ETH-25JUL25-3000-C,2845.34,buy,1.0,1.0,,,,,,,1749652666.533
1116,ETH-253667398,1749653250655,2,0.0775,0.078165,70.57,ETH-25JUL25-3000-C,2843.0,sell,1.0,1.0,,,,,,,1749653250.655
1117,ETH-253668279,1749653520722,0,0.078,0.077952,71.14,ETH-25JUL25-3000-C,2840.58,buy,195.0,195.0,,,,,,,1749653520.722
1118,ETH-253668317,1749653525602,1,0.078,0.078092,71.02,ETH-25JUL25-3000-C,2841.7,buy,7.0,7.0,,,,,,,1749653525.602
1120,ETH-253668319,1749653525602,1,0.078,0.078092,71.02,ETH-25JUL25-3000-C,2841.7,buy,4.0,4.0,,,,,,,1749653525.602
1119,ETH-253668318,1749653525602,1,0.078,0.078092,71.02,ETH-25JUL25-3000-C,2841.7,buy,3.0,3.0,,,,,,,1749653525.602
1121,ETH-253678462,1749656144031,0,0.081,0.08112,70.79,ETH-25JUL25-3000-C,2865.57,buy,3.0,3.0,,,,,,,1749656144.031
1123,ETH-253678464,1749656144031,1,0.081,0.08112,70.79,ETH-25JUL25-3000-C,2865.57,buy,168.0,168.0,,,,,,,1749656144.031
1122,ETH-253678463,1749656144031,1,0.081,0.08112,70.79,ETH-25JUL25-3000-C,2865.57,buy,4.0,4.0,,,,,,,1749656144.031
1124,ETH-253678465,1749656144041,1,0.081,0.08112,70.79,ETH-25JUL25-3000-C,2865.57,buy,33.0,33.0,,,,,,,1749656144.041
1125,ETH-253691185,1749659626929,2,0.08,0.080078,70.88,ETH-25JUL25-3000-C,2857.56,buy,131.0,131.0,,,,,,,1749659626.929
1126,ETH-253691186,1749659626935,3,0.08,0.080078,70.88,ETH-25JUL25-3000-C,2857.56,buy,3.0,3.0,,,,,,,1749659626.935
1127,ETH-253691187,1749659626940,3,0.08,0.080078,70.88,ETH-25JUL25-3000-C,2857.56,buy,1.0,1.0,,,,,,,1749659626.94
1128,ETH-253691188,1749659626946,3,0.08,0.080078,70.88,ETH-25JUL25-3000-C,2857.56,buy,1.0,1.0,,,,,,,1749659626.946
1129,ETH-253691189,1749659626950,3,0.08,0.080078,70.88,ETH-25JUL25-3000-C,2857.56,buy,1.0,1.0,,,,,,,1749659626.95
1130,ETH-253691190,1749659626970,3,0.08,0.080078,70.88,ETH-25JUL25-3000-C,2857.56,buy,63.0,63.0,,,,,,,1749659626.97
1132,ETH-253691192,1749659626980,3,0.08,0.080078,70.88,ETH-25JUL25-3000-C,2857.56,buy,4.0,4.0,,,,,,,1749659626.98
1131,ETH-253691191,1749659626980,3,0.08,0.080078,70.88,ETH-25JUL25-3000-C,2857.56,buy,1.0,1.0,,,,,,,1749659626.98
1133,ETH-253691193,1749659626980,3,0.08,0.080078,70.88,ETH-25JUL25-3000-C,2857.56,buy,3.0,3.0,,,,,,,1749659626.98
1134,ETH-253713051,1749665259265,2,0.0745,0.074311,71.23,ETH-25JUL25-3000-C,2816.88,sell,250.0,250.0,4.0,BLOCK-204683,ETH-ICOND-25JUL25-2000_2600_3000_4000,,,,1749665259.265
1136,ETH-253722147,1749667949755,1,0.0765,0.076494,71.09,ETH-25JUL25-3000-C,2833.0,buy,132.0,132.0,,,,,,,1749667949.755
1135,ETH-253722146,1749667949755,0,0.0765,0.076494,71.09,ETH-25JUL25-3000-C,2833.0,buy,4.0,4.0,,,,,,,1749667949.755
1137,ETH-253722148,1749667949766,1,0.0765,0.076494,71.09,ETH-25JUL25-3000-C,2833.0,buy,1.0,1.0,,,,,,,1749667949.766
1138,ETH-253722149,1749667949782,1,0.0765,0.076494,71.09,ETH-25JUL25-3000-C,2833.0,buy,1.0,1.0,,,,,,,1749667949.782
1139,ETH-253722150,1749667949794,1,0.0765,0.076494,71.09,ETH-25JUL25-3000-C,2833.0,buy,1.0,1.0,,,,,,,1749667949.794
1141,ETH-253722172,1749667986164,1,0.0765,0.076431,71.06,ETH-25JUL25-3000-C,2833.38,buy,3.0,3.0,,,,,,,1749667986.164
1140,ETH-253722171,1749667986164,1,0.0765,0.076431,71.06,ETH-25JUL25-3000-C,2833.38,buy,67.0,67.0,,,,,,,1749667986.164
1142,ETH-253722663,1749668248137,2,0.0755,0.075461,71.04,ETH-25JUL25-3000-C,2825.99,buy,1.0,1.0,,,,,,,1749668248.137
1143,ETH-253722672,1749668254075,3,0.0755,0.075521,71.04,ETH-25JUL25-3000-C,2825.91,buy,1.0,1.0,,,,,,,1749668254.075
1144,ETH-253722806,1749668351463,3,0.0755,0.075608,70.99,ETH-25JUL25-3000-C,2826.41,buy,1.0,1.0,,,,,,,1749668351.463
1145,ETH-253723385,1749668487095,2,0.0745,0.074389,71.19,ETH-25JUL25-3000-C,2817.49,buy,1.0,1.0,,,,,,,1749668487.095
1146,ETH-253728245,1749671646070,2,0.073,0.073503,70.68,ETH-25JUL25-3000-C,2812.65,sell,1.0,1.0,,,,,,,1749671646.07
1147,ETH-253728927,1749672155041,3,0.073,0.072859,71.16,ETH-25JUL25-3000-C,2807.89,sell,1.0,1.0,,,,,,,1749672155.041
1148,ETH-253732297,1749674066273,0,0.0745,0.074792,70.63,ETH-25JUL25-3000-C,2823.84,buy,202.0,202.0,,,,,,,1749674066.273
1149,ETH-253732298,1749674066273,1,0.0745,0.074792,70.63,ETH-25JUL25-3000-C,2823.84,buy,3.0,3.0,,,,,,,1749674066.273
1150,ETH-253732299,1749674066273,1,0.0745,0.074792,70.63,ETH-25JUL25-3000-C,2823.84,buy,4.0,4.0,,,,,,,1749674066.273
1151,ETH-253737151,1749677286542,1,0.0745,0.074294,70.82,ETH-25JUL25-3000-C,2821.64,buy,1.0,1.0,,,,,,,1749677286.542
1152,ETH-253737452,1749677343024,0,0.075,0.074266,71.22,ETH-25JUL25-3000-C,2821.15,buy,1.0,1.0,,,,,,,1749677343.024
1153,ETH-253738573,1749677500162,2,0.0735,0.073399,70.9,ETH-25JUL25-3000-C,2812.82,sell,1.0,1.0,,,,,,,1749677500.162
1157,ETH-253738971,1749677563569,3,0.071,0.072192,69.88,ETH-25JUL25-3000-C,2805.25,sell,198.0,198.0,,,,,,,1749677563.569
1154,ETH-253738968,1749677563569,2,0.072,0.072192,70.61,ETH-25JUL25-3000-C,2805.25,sell,1.0,1.0,,,,,,,1749677563.569
1155,ETH-253738969,1749677563569,3,0.072,0.072192,70.61,ETH-25JUL25-3000-C,2805.25,sell,1.0,1.0,,,,,,,1749677563.569
1156,ETH-253738970,1749677563569,2,0.071,0.072192,69.88,ETH-25JUL25-3000-C,2805.25,sell,1.0,1.0,,,,,,,1749677563.569
1158,ETH-253738972,1749677563665,3,0.071,0.072202,69.91,ETH-25JUL25-3000-C,2805.03,sell,3.0,3.0,,,,,,,1749677563.665
1159,ETH-253738974,1749677563755,3,0.071,0.072202,69.91,ETH-25JUL25-3000-C,2805.03,sell,4.0,4.0,,,,,,,1749677563.755
1160,ETH-253739002,1749677569356,0,0.0715,0.07207,70.4,ETH-25JUL25-3000-C,2803.85,sell,5.0,5.0,,,,,,,1749677569.356
1161,ETH-253741000,1749677753197,2,0.0705,0.070854,70.3,ETH-25JUL25-3000-C,2798.4,sell,1.0,1.0,,,,,,,1749677753.197
1162,ETH-253741002,1749677753239,3,0.0705,0.070854,70.3,ETH-25JUL25-3000-C,2798.4,sell,1.0,1.0,,,,,,,1749677753.239
1163,ETH-253741404,1749677815155,2,0.0695,0.069826,70.09,ETH-25JUL25-3000-C,2793.55,sell,1.0,1.0,,,,,,,1749677815.155
1164,ETH-253741405,1749677815155,3,0.0695,0.069826,70.09,ETH-25JUL25-3000-C,2793.55,sell,1.0,1.0,,,,,,,1749677815.155
1165,ETH-253741993,1749677896619,2,0.0685,0.06907,69.86,ETH-25JUL25-3000-C,2788.78,sell,15.0,15.0,,,,,,,1749677896.619
1166,ETH-253742039,1749677897166,3,0.0685,0.06907,69.89,ETH-25JUL25-3000-C,2788.46,sell,1.0,1.0,,,,,,,1749677897.166
1167,ETH-253746980,1749679054941,2,0.0665,0.066405,69.33,ETH-25JUL25-3000-C,2779.57,sell,1.0,1.0,,,,,,,1749679054.941
1171,ETH-253748115,1749679221292,1,0.067,0.067011,69.18,ETH-25JUL25-3000-C,2784.73,buy,4.0,4.0,,,,,,,1749679221.292
1168,ETH-253748112,1749679221292,0,0.067,0.067011,69.18,ETH-25JUL25-3000-C,2784.73,buy,3.0,3.0,,,,,,,1749679221.292
1170,ETH-253748114,1749679221292,1,0.067,0.067011,69.18,ETH-25JUL25-3000-C,2784.73,buy,91.0,91.0,,,,,,,1749679221.292
1169,ETH-253748113,1749679221292,1,0.067,0.067011,69.18,ETH-25JUL25-3000-C,2784.73,buy,112.0,112.0,,,,,,,1749679221.292
1172,ETH-253753748,1749680543655,2,0.064,0.063818,69.62,ETH-25JUL25-3000-C,2757.65,sell,200.0,200.0,,,,,,,1749680543.655
1173,ETH-253754522,1749680607482,2,0.0635,0.06371,69.43,ETH-25JUL25-3000-C,2755.79,sell,1.0,1.0,,,,,,,1749680607.482
1174,ETH-253760015,1749682603321,0,0.064,0.064327,69.29,ETH-25JUL25-3000-C,2760.89,buy,126.0,126.0,,,,,,,1749682603.321
1175,ETH-253760016,1749682603324,1,0.064,0.064327,69.29,ETH-25JUL25-3000-C,2760.89,buy,1.0,1.0,,,,,,,1749682603.324
1176,ETH-253760017,1749682604887,1,0.064,0.064316,69.29,ETH-25JUL25-3000-C,2760.87,buy,1.0,1.0,,,,,,,1749682604.887
1177,ETH-253760018,1749682605263,1,0.064,0.064316,69.29,ETH-25JUL25-3000-C,2760.87,buy,2.0,2.0,,,,,,,1749682605.263
1178,ETH-253760019,1749682605910,1,0.064,0.06429,69.29,ETH-25JUL25-3000-C,2760.84,buy,2.0,2.0,,,,,,,1749682605.91
1179,ETH-253760020,1749682606062,1,0.064,0.06429,69.29,ETH-25JUL25-3000-C,2760.84,buy,1.0,1.0,,,,,,,1749682606.062
1180,ETH-253760021,1749682606260,1,0.064,0.06429,69.29,ETH-25JUL25-3000-C,2760.84,buy,1.0,1.0,,,,,,,1749682606.26
1181,ETH-253760690,1749682954886,1,0.064,0.064119,69.04,ETH-25JUL25-3000-C,2763.58,buy,2.0,2.0,,,,,,,1749682954.886
1183,ETH-253760704,1749682963561,3,0.0635,0.06406,68.65,ETH-25JUL25-3000-C,2763.81,sell,59.0,59.0,,,,,,,1749682963.561
1182,ETH-253760703,1749682963561,2,0.0635,0.06406,68.65,ETH-25JUL25-3000-C,2763.81,sell,8.0,8.0,,,,,,,1749682963.561
1184,ETH-253760705,1749682963664,3,0.0635,0.06406,68.65,ETH-25JUL25-3000-C,2763.81,sell,4.0,4.0,,,,,,,1749682963.664
1185,ETH-253760706,1749682963763,3,0.0635,0.06406,68.65,ETH-25JUL25-3000-C,2763.81,sell,3.0,3.0,,,,,,,1749682963.763
1186,ETH-253762754,1749685422484,0,0.066,0.066249,69.04,ETH-25JUL25-3000-C,2778.32,buy,3.0,3.0,,,,,,,1749685422.484
1187,ETH-253762755,1749685423816,1,0.066,0.066243,69.04,ETH-25JUL25-3000-C,2778.3,buy,128.0,128.0,,,,,,,1749685423.816
1188,ETH-253762756,1749685423823,1,0.066,0.066243,69.04,ETH-25JUL25-3000-C,2778.3,buy,75.0,75.0,,,,,,,1749685423.823
1189,ETH-253762757,1749685423823,1,0.066,0.066243,69.04,ETH-25JUL25-3000-C,2778.3,buy,4.0,4.0,,,,,,,1749685423.823
1190,ETH-253767436,1749690223381,2,0.065,0.065214,69.06,ETH-25JUL25-3000-C,2771.23,buy,4.0,4.0,,,,,,,1749690223.381
1191,ETH-253767437,1749690223512,3,0.065,0.06524,69.05,ETH-25JUL25-3000-C,2771.38,buy,3.0,3.0,,,,,,,1749690223.512
1192,ETH-253767613,1749690436330,3,0.065,0.065201,68.9,ETH-25JUL25-3000-C,2772.83,buy,197.0,197.0,,,,,,,1749690436.33
1193,ETH-253767615,1749690436554,3,0.065,0.065201,68.9,ETH-25JUL25-3000-C,2772.83,buy,6.0,6.0,,,,,,,1749690436.554
1194,ETH-253771228,1749693967540,0,0.066,0.066015,68.57,ETH-25JUL25-3000-C,2784.1,buy,3.0,3.0,,,,,,,1749693967.54
1195,ETH-253771229,1749693967540,1,0.066,0.066015,68.57,ETH-25JUL25-3000-C,2784.1,buy,203.0,203.0,,,,,,,1749693967.54
1196,ETH-253771230,1749693967540,1,0.066,0.066015,68.57,ETH-25JUL25-3000-C,2784.1,buy,4.0,4.0,,,,,,,1749693967.54
1197,ETH-253775918,1749699257533,2,0.062,0.062647,68.36,ETH-25JUL25-3000-C,2756.36,sell,25.0,25.0,,,,,,,1749699257.533
1198,ETH-253776554,1749699822765,0,0.0635,0.063954,68.44,ETH-25JUL25-3000-C,2767.24,buy,3.0,3.0,,,,,,,1749699822.765
1199,ETH-253776555,1749699822906,1,0.0635,0.063954,68.44,ETH-25JUL25-3000-C,2767.24,buy,1.0,1.0,,,,,,,1749699822.906
1201,ETH-253776557,1749699824101,1,0.0635,0.063954,68.41,ETH-25JUL25-3000-C,2767.59,buy,3.0,3.0,,,,,,,1749699824.101
1200,ETH-253776556,1749699824101,1,0.0635,0.063954,68.41,ETH-25JUL25-3000-C,2767.59,buy,3.0,3.0,,,,,,,1749699824.101
1202,ETH-253776571,1749699829218,1,0.0635,0.06406,68.3,ETH-25JUL25-3000-C,2768.63,buy,200.0,200.0,,,,,,,1749699829.218
1204,ETH-253777318,1749700235186,1,0.065,0.064425,69.11,ETH-25JUL25-3000-C,2771.53,buy,1.0,1.0,,,,,,,1749700235.186
1203,ETH-253777317,1749700235186,0,0.065,0.064425,69.11,ETH-25JUL25-3000-C,2771.53,buy,1.0,1.0,,,,,,,1749700235.186
1205,ETH-253777319,1749700235188,1,0.065,0.064425,69.11,ETH-25JUL25-3000-C,2771.53,sell,8.0,8.0,,,,,,,1749700235.188
1206,ETH-253778948,1749702118510,2,0.0625,0.062497,69.05,ETH-25JUL25-3000-C,2753.47,sell,50.0,50.0,,,,,,,1749702118.51
1208,ETH-253780688,1749704022938,1,0.063,0.063222,68.65,ETH-25JUL25-3000-C,2761.47,buy,1.0,1.0,,,,,,,1749704022.938
1207,ETH-253780687,1749704022938,0,0.063,0.063222,68.65,ETH-25JUL25-3000-C,2761.47,buy,4.0,4.0,,,,,,,1749704022.938
1209,ETH-253780691,1749704023874,1,0.063,0.06322,68.64,ETH-25JUL25-3000-C,2761.59,buy,1.0,1.0,,,,,,,1749704023.874
1210,ETH-253780917,1749704361361,1,0.063,0.062998,68.53,ETH-25JUL25-3000-C,2762.78,buy,119.0,119.0,,,,,,,1749704361.361
1211,ETH-253780919,1749704361370,1,0.063,0.062998,68.53,ETH-25JUL25-3000-C,2762.78,buy,1.0,1.0,,,,,,,1749704361.37
1212,ETH-253780921,1749704361378,1,0.063,0.062998,68.53,ETH-25JUL25-3000-C,2762.78,buy,2.0,2.0,,,,,,,1749704361.378
1213,ETH-253780922,1749704361389,1,0.063,0.062998,68.53,ETH-25JUL25-3000-C,2762.78,buy,1.0,1.0,,,,,,,1749704361.389
1214,ETH-253781085,1749704563302,2,0.062,0.062545,68.07,ETH-25JUL25-3000-C,2760.01,sell,78.0,78.0,,,,,,,1749704563.302
1215,ETH-253781087,1749704563518,3,0.062,0.062545,68.07,ETH-25JUL25-3000-C,2760.01,sell,3.0,3.0,,,,,,,1749704563.518
1216,ETH-253785788,1749710726819,0,0.065,0.06451,69.08,ETH-25JUL25-3000-C,2772.74,buy,2.0,2.0,,,,,,,1749710726.819
1217,ETH-253786230,1749711151501,2,0.064,0.064003,68.59,ETH-25JUL25-3000-C,2769.98,buy,201.0,201.0,,,,,,,1749711151.501
1219,ETH-253786232,1749711151501,3,0.064,0.064003,68.59,ETH-25JUL25-3000-C,2769.98,buy,4.0,4.0,,,,,,,1749711151.501
1218,ETH-253786231,1749711151501,3,0.064,0.064003,68.59,ETH-25JUL25-3000-C,2769.98,buy,3.0,3.0,,,,,,,1749711151.501
1220,ETH-253789894,1749714034437,2,0.0605,0.06131,68.19,ETH-25JUL25-3000-C,2748.75,sell,54.0,54.0,,,,,,,1749714034.437
1221,ETH-253796943,1749715644479,2,0.0595,0.059382,68.73,ETH-25JUL25-3000-C,2736.49,buy,2.0,2.0,,,,,,,1749715644.479
1222,ETH-253800710,1749718604256,0,0.062,0.06223,68.41,ETH-25JUL25-3000-C,2759.5,buy,3.0,3.0,,,,,,,1749718604.256
1223,ETH-253800893,1749718962392,1,0.062,0.062036,68.4,ETH-25JUL25-3000-C,2759.57,buy,203.0,203.0,,,,,,,1749718962.392
1224,ETH-253800894,1749718962392,1,0.062,0.062036,68.4,ETH-25JUL25-3000-C,2759.57,buy,4.0,4.0,,,,,,,1749718962.392
1225,ETH-253805661,1749724086533,2,0.0595,0.059255,68.71,ETH-25JUL25-3000-C,2736.9,sell,50.0,50.0,,,,,,,1749724086.533
1226,ETH-253809181,1749726601597,0,0.06,0.059981,68.16,ETH-25JUL25-3000-C,2747.06,buy,4.0,4.0,,,,,,,1749726601.597
1228,ETH-253809183,1749726601597,1,0.06,0.059981,68.16,ETH-25JUL25-3000-C,2747.06,buy,26.0,26.0,,,,,,,1749726601.597
1227,ETH-253809182,1749726601597,1,0.06,0.059981,68.16,ETH-25JUL25-3000-C,2747.06,buy,3.0,3.0,,,,,,,1749726601.597
1229,ETH-253809186,1749726606742,1,0.06,0.060161,68.01,ETH-25JUL25-3000-C,2748.62,buy,178.0,178.0,,,,,,,1749726606.742
1231,ETH-253810969,1749727782533,3,0.058,0.058485,67.97,ETH-25JUL25-3000-C,2733.28,sell,25.0,25.0,,,,,,,1749727782.533
1232,ETH-253810970,1749727782533,3,0.058,0.058485,67.97,ETH-25JUL25-3000-C,2733.28,sell,181.0,181.0,,,,,,,1749727782.533
1230,ETH-253810968,1749727782533,2,0.058,0.058485,67.97,ETH-25JUL25-3000-C,2733.28,sell,5.0,5.0,,,,,,,1749727782.533
1233,ETH-253815506,1749729230909,3,0.058,0.058454,68.12,ETH-25JUL25-3000-C,2731.95,sell,50.0,50.0,,,,,,,1749729230.909
1234,ETH-253817354,1749730171598,2,0.057,0.057292,68.3,ETH-25JUL25-3000-C,2722.49,sell,2.0,2.0,,,,,,,1749730171.598
1235,ETH-253822368,1749731503257,0,0.0585,0.058591,68.24,ETH-25JUL25-3000-C,2735.03,buy,100.0,100.0,,,,,,,1749731503.257
1236,ETH-253823598,1749731779137,0,0.0595,0.059162,68.62,ETH-25JUL25-3000-C,2739.07,buy,1.0,1.0,,,,,,,1749731779.137
1237,ETH-253828083,1749734204356,2,0.059,0.059239,67.91,ETH-25JUL25-3000-C,2742.85,buy,30.0,30.0,,,,,,,1749734204.356
1238,ETH-253828084,1749734205633,3,0.059,0.059227,67.9,ETH-25JUL25-3000-C,2742.94,buy,136.0,136.0,,,,,,,1749734205.633
1239,ETH-253828085,1749734205638,3,0.059,0.059227,67.9,ETH-25JUL25-3000-C,2742.94,buy,1.0,1.0,,,,,,,1749734205.638
1240,ETH-253828086,1749734205642,3,0.059,0.059227,67.9,ETH-25JUL25-3000-C,2742.94,buy,1.0,1.0,,,,,,,1749734205.642
1241,ETH-253828087,1749734205650,3,0.059,0.059227,67.9,ETH-25JUL25-3000-C,2742.94,buy,1.0,1.0,,,,,,,1749734205.65
1242,ETH-253828088,1749734205654,3,0.059,0.059227,67.9,ETH-25JUL25-3000-C,2742.94,buy,1.0,1.0,,,,,,,1749734205.654
1243,ETH-253828089,1749734205659,3,0.059,0.059227,67.9,ETH-25JUL25-3000-C,2742.94,buy,1.0,1.0,,,,,,,1749734205.659
1244,ETH-253828094,1749734205711,3,0.059,0.059227,67.9,ETH-25JUL25-3000-C,2742.94,buy,1.0,1.0,,,,,,,1749734205.711
1245,ETH-253828098,1749734205718,3,0.059,0.059227,67.9,ETH-25JUL25-3000-C,2742.94,buy,1.0,1.0,,,,,,,1749734205.718
1246,ETH-253828099,1749734205723,3,0.059,0.059227,67.9,ETH-25JUL25-3000-C,2742.94,buy,1.0,1.0,,,,,,,1749734205.723
1247,ETH-253828100,1749734205728,3,0.059,0.059227,67.9,ETH-25JUL25-3000-C,2742.94,buy,1.0,1.0,,,,,,,1749734205.728
1248,ETH-253828101,1749734205734,3,0.059,0.059227,67.9,ETH-25JUL25-3000-C,2742.94,buy,1.0,1.0,,,,,,,1749734205.734
1249,ETH-253828166,1749734246951,3,0.059,0.059013,67.9,ETH-25JUL25-3000-C,2742.83,buy,1.0,1.0,,,,,,,1749734246.951
1250,ETH-253828174,1749734259401,3,0.059,0.058984,67.84,ETH-25JUL25-3000-C,2743.46,buy,1.0,1.0,,,,,,,1749734259.401
1251,ETH-253828175,1749734259407,3,0.059,0.058984,67.84,ETH-25JUL25-3000-C,2743.46,buy,2.0,2.0,,,,,,,1749734259.407
1252,ETH-253828177,1749734259551,3,0.059,0.058984,67.84,ETH-25JUL25-3000-C,2743.46,buy,3.0,3.0,,,,,,,1749734259.551
1253,ETH-253828178,1749734259557,3,0.059,0.058984,67.84,ETH-25JUL25-3000-C,2743.46,buy,1.0,1.0,,,,,,,1749734259.557
1254,ETH-253828179,1749734259558,3,0.059,0.058984,67.84,ETH-25JUL25-3000-C,2743.46,buy,20.0,20.0,,,,,,,1749734259.558
1256,ETH-253828181,1749734259558,3,0.059,0.058984,67.84,ETH-25JUL25-3000-C,2743.46,buy,3.0,3.0,,,,,,,1749734259.558
1255,ETH-253828180,1749734259558,3,0.059,0.058984,67.84,ETH-25JUL25-3000-C,2743.46,buy,4.0,4.0,,,,,,,1749734259.558
1257,ETH-253832393,1749735505295,0,0.06,0.059914,68.11,ETH-25JUL25-3000-C,2748.57,buy,1.0,1.0,,,,,,,1749735505.295
1260,ETH-253833006,1749735671883,1,0.061,0.060625,68.37,ETH-25JUL25-3000-C,2753.44,buy,4.0,4.0,,,,,,,1749735671.883
1261,ETH-253833007,1749735671883,1,0.061,0.060625,68.37,ETH-25JUL25-3000-C,2753.44,buy,8.0,8.0,,,,,,,1749735671.883
1258,ETH-253833004,1749735671883,0,0.061,0.060625,68.37,ETH-25JUL25-3000-C,2753.44,buy,3.0,3.0,,,,,,,1749735671.883
1259,ETH-253833005,1749735671883,1,0.061,0.060625,68.37,ETH-25JUL25-3000-C,2753.44,buy,204.0,204.0,,,,,,,1749735671.883
1262,ETH-253833008,1749735671890,1,0.061,0.060625,68.37,ETH-25JUL25-3000-C,2753.44,sell,3.0,3.0,,,,,,,1749735671.89
1264,ETH-253833186,1749735765886,1,0.061,0.060505,68.49,ETH-25JUL25-3000-C,2752.39,buy,1.0,1.0,,,,,,,1749735765.886
1263,ETH-253833185,1749735765886,1,0.061,0.060505,68.49,ETH-25JUL25-3000-C,2752.39,buy,6.0,6.0,,,,,,,1749735765.886
1265,ETH-253833187,1749735765889,1,0.061,0.060505,68.49,ETH-25JUL25-3000-C,2752.39,sell,215.0,215.0,,,,,,,1749735765.889
1266,ETH-253833197,1749735770016,1,0.061,0.060437,68.54,ETH-25JUL25-3000-C,2751.95,buy,10.0,10.0,,,,,,,1749735770.016
1267,ETH-253833198,1749735770028,1,0.061,0.060437,68.54,ETH-25JUL25-3000-C,2751.95,sell,20.0,20.0,,,,,,,1749735770.028
1268,ETH-253833200,1749735770800,1,0.061,0.060422,68.55,ETH-25JUL25-3000-C,2751.82,sell,20.0,20.0,,,,,,,1749735770.8
1269,ETH-253833201,1749735770834,1,0.061,0.060422,68.55,ETH-25JUL25-3000-C,2751.82,sell,1.0,1.0,,,,,,,1749735770.834
1270,ETH-253836805,1749738403515,0,0.0615,0.06167,68.12,ETH-25JUL25-3000-C,2760.12,buy,2.0,2.0,,,,,,,1749738403.515
1271,ETH-253836806,1749738403517,1,0.0615,0.06167,68.12,ETH-25JUL25-3000-C,2760.12,buy,1.0,1.0,,,,,,,1749738403.517
1272,ETH-253836807,1749738403598,1,0.0615,0.06167,68.12,ETH-25JUL25-3000-C,2760.12,buy,3.0,3.0,,,,,,,1749738403.598
1273,ETH-253836829,1749738419398,1,0.0615,0.061507,68.1,ETH-25JUL25-3000-C,2760.31,buy,1.0,1.0,,,,,,,1749738419.398
1274,ETH-253836830,1749738419398,1,0.0615,0.061507,68.1,ETH-25JUL25-3000-C,2760.31,buy,135.0,135.0,,,,,,,1749738419.398
1275,ETH-253836831,1749738419409,1,0.0615,0.061507,68.1,ETH-25JUL25-3000-C,2760.31,buy,1.0,1.0,,,,,,,1749738419.409
1276,ETH-253836832,1749738419421,1,0.0615,0.061507,68.1,ETH-25JUL25-3000-C,2760.31,buy,1.0,1.0,,,,,,,1749738419.421
1277,ETH-253836833,1749738419549,1,0.0615,0.061507,68.1,ETH-25JUL25-3000-C,2760.31,buy,1.0,1.0,,,,,,,1749738419.549
1278,ETH-253836835,1749738419597,1,0.0615,0.061507,68.1,ETH-25JUL25-3000-C,2760.31,buy,2.0,2.0,,,,,,,1749738419.597
1279,ETH-253836836,1749738419600,1,0.0615,0.061507,68.1,ETH-25JUL25-3000-C,2760.31,buy,60.0,60.0,,,,,,,1749738419.6
1280,ETH-253836837,1749738419604,1,0.0615,0.061507,68.1,ETH-25JUL25-3000-C,2760.31,buy,1.0,1.0,,,,,,,1749738419.604
1281,ETH-253836838,1749738419611,1,0.0615,0.061507,68.1,ETH-25JUL25-3000-C,2760.31,buy,1.0,1.0,,,,,,,1749738419.611
1282,ETH-253836839,1749738419615,1,0.0615,0.061507,68.1,ETH-25JUL25-3000-C,2760.31,buy,1.0,1.0,,,,,,,1749738419.615
1283,ETH-253839418,1749740577463,0,0.063,0.063142,68.21,ETH-25JUL25-3000-C,2770.08,buy,1.0,1.0,,,,,,,1749740577.463
1284,ETH-253840888,1749741764452,2,0.061,0.061641,67.63,ETH-25JUL25-3000-C,2761.07,sell,203.0,203.0,,,,,,,1749741764.452
1285,ETH-253840889,1749741764559,3,0.061,0.061641,67.63,ETH-25JUL25-3000-C,2761.13,sell,3.0,3.0,,,,,,,1749741764.559
1286,ETH-253840890,1749741764659,3,0.061,0.061641,67.63,ETH-25JUL25-3000-C,2761.13,sell,4.0,4.0,,,,,,,1749741764.659
1287,ETH-253850159,1749745423296,2,0.0585,0.058538,68.31,ETH-25JUL25-3000-C,2735.31,buy,3.0,3.0,,,,,,,1749745423.296
1288,ETH-253850234,1749745523675,3,0.0585,0.058556,68.01,ETH-25JUL25-3000-C,2738.46,buy,1.0,1.0,,,,,,,1749745523.675
1289,ETH-253850235,1749745523675,3,0.0585,0.058556,68.01,ETH-25JUL25-3000-C,2738.46,buy,59.0,59.0,,,,,,,1749745523.675
1290,ETH-253850236,1749745523688,3,0.0585,0.058556,68.01,ETH-25JUL25-3000-C,2738.46,buy,60.0,60.0,,,,,,,1749745523.688
1291,ETH-253850237,1749745523689,3,0.0585,0.058556,68.01,ETH-25JUL25-3000-C,2738.46,buy,85.0,85.0,,,,,,,1749745523.689
1292,ETH-253850238,1749745523689,3,0.0585,0.058556,68.01,ETH-25JUL25-3000-C,2738.46,buy,3.0,3.0,,,,,,,1749745523.689
1293,ETH-253854364,1749748617016,0,0.06,0.059933,67.81,ETH-25JUL25-3000-C,2752.5,buy,4.0,4.0,,,,,,,1749748617.016
1294,ETH-253854365,1749748617016,1,0.06,0.059933,67.81,ETH-25JUL25-3000-C,2752.5,buy,151.0,151.0,,,,,,,1749748617.016
1295,ETH-253854370,1749748617041,1,0.06,0.059933,67.81,ETH-25JUL25-3000-C,2752.5,buy,53.0,53.0,,,,,,,1749748617.041
1296,ETH-253854371,1749748617041,1,0.06,0.059933,67.81,ETH-25JUL25-3000-C,2752.5,buy,3.0,3.0,,,,,,,1749748617.041
1297,ETH-253856227,1749749622394,0,0.0615,0.061617,67.75,ETH-25JUL25-3000-C,2765.09,buy,2.0,2.0,,,,,,,1749749622.394
1298,ETH-253856228,1749749622396,1,0.0615,0.061617,67.75,ETH-25JUL25-3000-C,2765.09,buy,1.0,1.0,,,,,,,1749749622.396
1299,ETH-253856229,1749749622524,1,0.0615,0.061617,67.75,ETH-25JUL25-3000-C,2765.09,buy,3.0,3.0,,,,,,,1749749622.524
1300,ETH-253856245,1749749642771,1,0.0615,0.061565,67.69,ETH-25JUL25-3000-C,2765.77,buy,1.0,1.0,,,,,,,1749749642.771
1301,ETH-253856246,1749749642771,1,0.0615,0.061565,67.69,ETH-25JUL25-3000-C,2765.77,buy,204.0,204.0,,,,,,,1749749642.771
1302,ETH-253857685,1749751002916,2,0.061,0.061198,67.7,ETH-25JUL25-3000-C,2761.83,buy,3.0,3.0,,,,,,,1749751002.916
1303,ETH-253857686,1749751002996,3,0.061,0.061198,67.7,ETH-25JUL25-3000-C,2761.83,buy,4.0,4.0,,,,,,,1749751002.996
1304,ETH-253857687,1749751003075,3,0.061,0.061198,67.7,ETH-25JUL25-3000-C,2761.83,buy,30.0,30.0,,,,,,,1749751003.075
1305,ETH-253857810,1749751113044,3,0.061,0.061036,67.7,ETH-25JUL25-3000-C,2761.64,buy,141.0,141.0,,,,,,,1749751113.044
1306,ETH-253857811,1749751113253,3,0.061,0.061036,67.7,ETH-25JUL25-3000-C,2761.64,buy,1.0,1.0,,,,,,,1749751113.253
1307,ETH-253857813,1749751113689,3,0.061,0.061046,67.68,ETH-25JUL25-3000-C,2761.81,buy,1.0,1.0,,,,,,,1749751113.689
1308,ETH-253857814,1749751113695,3,0.061,0.061046,67.68,ETH-25JUL25-3000-C,2761.81,buy,1.0,1.0,,,,,,,1749751113.695
1309,ETH-253857815,1749751113699,3,0.061,0.061046,67.68,ETH-25JUL25-3000-C,2761.81,buy,1.0,1.0,,,,,,,1749751113.699
1310,ETH-253857816,1749751113702,3,0.061,0.061046,67.68,ETH-25JUL25-3000-C,2761.81,buy,1.0,1.0,,,,,,,1749751113.702
1311,ETH-253857817,1749751113707,3,0.061,0.061046,67.68,ETH-25JUL25-3000-C,2761.81,buy,1.0,1.0,,,,,,,1749751113.707
1312,ETH-253857818,1749751114017,3,0.061,0.061046,67.68,ETH-25JUL25-3000-C,2761.81,buy,27.0,27.0,,,,,,,1749751114.017
1313,ETH-253869942,1749757526232,2,0.055,0.055239,67.61,ETH-25JUL25-3000-C,2716.3,sell,1.0,1.0,,,,,,,1749757526.232
1314,ETH-253878986,1749758857631,2,0.0535,0.053605,67.71,ETH-25JUL25-3000-C,2703.03,buy,1.0,1.0,,,,,,,1749758857.631
1315,ETH-253883245,1749759650737,2,0.052,0.051974,67.87,ETH-25JUL25-3000-C,2689.45,sell,1.0,1.0,,,,,,,1749759650.737
1316,ETH-253885875,1749760686171,2,0.0505,0.050836,67.83,ETH-25JUL25-3000-C,2677.05,sell,15.0,15.0,,,,,,,1749760686.171
1317,ETH-253887505,1749760833330,2,0.0495,0.049778,67.91,ETH-25JUL25-3000-C,2667.75,sell,2.0,2.0,,,,,,,1749760833.33
1318,ETH-253899733,1749761669568,2,0.0455,0.04525,68.47,ETH-25JUL25-3000-C,2626.85,sell,4.0,4.0,,,,,,,1749761669.568
1319,ETH-253900434,1749761703966,2,0.045,0.044937,68.41,ETH-25JUL25-3000-C,2622.96,buy,9.0,9.0,,,,,,,1749761703.966
1320,ETH-253900435,1749761703976,3,0.045,0.044937,68.41,ETH-25JUL25-3000-C,2622.96,buy,1.0,1.0,,,,,,,1749761703.976
1321,ETH-253970060,1749774784673,2,0.038,0.037516,70.0,ETH-25JUL25-3000-C,2537.95,sell,5.0,5.0,,,,,,,1749774784.673
1322,ETH-254025122,1749777479373,2,0.037,0.036344,73.12,ETH-25JUL25-3000-C,2491.11,buy,1.0,1.0,,,,,,,1749777479.373
1325,ETH-254027858,1749777776714,3,0.037,0.036839,73.1,ETH-25JUL25-3000-C,2491.18,sell,200.0,200.0,,,,,,,1749777776.714
1323,ETH-254027856,1749777776714,3,0.037,0.036839,73.1,ETH-25JUL25-3000-C,2491.18,sell,4.0,4.0,,,,,,,1749777776.714
1324,ETH-254027857,1749777776714,3,0.037,0.036839,73.1,ETH-25JUL25-3000-C,2491.18,sell,3.0,3.0,,,,,,,1749777776.714
1327,ETH-254045316,1749780107848,3,0.037,0.037317,72.86,ETH-25JUL25-3000-C,2494.2,sell,4.0,4.0,,,,,,,1749780107.848
1326,ETH-254045315,1749780107848,3,0.037,0.037317,72.86,ETH-25JUL25-3000-C,2494.2,sell,200.0,200.0,,,,,,,1749780107.848
1328,ETH-254045317,1749780107848,3,0.037,0.037317,72.86,ETH-25JUL25-3000-C,2494.2,sell,3.0,3.0,,,,,,,1749780107.848
1329,ETH-254052381,1749781377113,2,0.0353,0.035769,72.45,ETH-25JUL25-3000-C,2481.04,sell,50.0,50.0,,,ETH-STRG-25JUL25-2300_3000,ETH-254052380,,,1749781377.113
1330,ETH-254056518,1749782334417,0,0.0355,0.03573,72.48,ETH-25JUL25-3000-C,2483.21,sell,10.0,10.0,,,,,,,1749782334.417
1331,ETH-254060816,1749782625741,2,0.0335,0.033734,72.61,ETH-25JUL25-3000-C,2459.92,sell,10.0,10.0,,,,,,,1749782625.741
1332,ETH-254065469,1749782769542,3,0.0335,0.033516,72.77,ETH-25JUL25-3000-C,2457.49,buy,2.0,2.0,,,,,,,1749782769.542
1333,ETH-254074688,1749784422611,0,0.037,0.03707,72.46,ETH-25JUL25-3000-C,2499.44,sell,200.0,200.0,,,,,,,1749784422.611
1335,ETH-254074735,1749784447229,1,0.037,0.036828,72.65,ETH-25JUL25-3000-C,2497.15,sell,3.0,3.0,,,,,,,1749784447.229
1334,ETH-254074734,1749784447229,1,0.037,0.036828,72.65,ETH-25JUL25-3000-C,2497.15,sell,4.0,4.0,,,,,,,1749784447.229
1336,ETH-254075965,1749784739127,0,0.0375,0.037497,72.49,ETH-25JUL25-3000-C,2503.79,sell,2.0,2.0,,,,,,,1749784739.127
1337,ETH-254076511,1749785023229,2,0.037,0.036842,72.52,ETH-25JUL25-3000-C,2498.54,sell,4.0,4.0,,,,,,,1749785023.229
1338,ETH-254076512,1749785023243,3,0.037,0.036842,72.52,ETH-25JUL25-3000-C,2498.54,sell,201.0,201.0,,,,,,,1749785023.243
1339,ETH-254076546,1749785043335,3,0.037,0.03678,72.63,ETH-25JUL25-3000-C,2497.08,sell,3.0,3.0,,,,,,,1749785043.335
1340,ETH-254084584,1749787423699,0,0.0375,0.037238,72.26,ETH-25JUL25-3000-C,2507.25,sell,3.0,3.0,,,,,,,1749787423.699
1341,ETH-254084585,1749787423829,1,0.0375,0.037238,72.26,ETH-25JUL25-3000-C,2507.25,sell,201.0,201.0,,,,,,,1749787423.829
1342,ETH-254084586,1749787424076,1,0.0375,0.037238,72.26,ETH-25JUL25-3000-C,2507.25,sell,4.0,4.0,,,,,,,1749787424.076
1343,ETH-254085200,1749787772412,2,0.0365,0.036719,71.82,ETH-25JUL25-3000-C,2502.01,buy,50.0,50.0,,,,,,,1749787772.412
1344,ETH-254087951,1749789948745,0,0.038,0.037944,72.01,ETH-25JUL25-3000-C,2515.5,sell,4.0,4.0,,,,,,,1749789948.745
1346,ETH-254087953,1749789948745,1,0.038,0.037944,72.01,ETH-25JUL25-3000-C,2515.5,sell,201.0,201.0,,,,,,,1749789948.745
1345,ETH-254087952,1749789948745,1,0.038,0.037944,72.01,ETH-25JUL25-3000-C,2515.5,sell,3.0,3.0,,,,,,,1749789948.745
1348,ETH-254088392,1749790506590,1,0.038,0.037587,72.22,ETH-25JUL25-3000-C,2513.29,buy,2.0,2.0,,,,,,,1749790506.59
1347,ETH-254088391,1749790506590,1,0.038,0.037587,72.22,ETH-25JUL25-3000-C,2513.29,buy,1.0,1.0,,,,,,,1749790506.59
1349,ETH-254091067,1749792764072,1,0.038,0.037861,71.92,ETH-25JUL25-3000-C,2516.51,buy,3.0,3.0,,,,,,,1749792764.072
1352,ETH-254091071,1749792764182,1,0.038,0.037861,71.92,ETH-25JUL25-3000-C,2516.51,buy,50.0,50.0,,,,,,,1749792764.182
1353,ETH-254091072,1749792764182,0,0.0385,0.037861,72.36,ETH-25JUL25-3000-C,2516.51,buy,142.0,142.0,,,,,,,1749792764.182
1350,ETH-254091069,1749792764182,1,0.038,0.037861,71.92,ETH-25JUL25-3000-C,2516.51,buy,8.0,8.0,,,,,,,1749792764.182
1351,ETH-254091070,1749792764182,1,0.038,0.037861,71.92,ETH-25JUL25-3000-C,2516.51,buy,1.0,1.0,,,,,,,1749792764.182
1354,ETH-254091073,1749792764298,1,0.0385,0.037861,72.36,ETH-25JUL25-3000-C,2516.51,buy,4.0,4.0,,,,,,,1749792764.298
1355,ETH-254097555,1749797373690,2,0.0375,0.037832,71.67,ETH-25JUL25-3000-C,2514.43,buy,2.0,2.0,,,,,,,1749797373.69
1357,ETH-254098789,1749797626003,1,0.0385,0.038641,71.7,ETH-25JUL25-3000-C,2524.66,sell,21.0,21.0,,,,,,,1749797626.003
1356,ETH-254098788,1749797626003,0,0.0385,0.038641,71.7,ETH-25JUL25-3000-C,2524.66,sell,4.0,4.0,,,,,,,1749797626.003
1358,ETH-254099826,1749797826360,1,0.0385,0.038468,71.97,ETH-25JUL25-3000-C,2521.65,sell,180.0,180.0,,,,,,,1749797826.36
1359,ETH-254099827,1749797826360,1,0.0385,0.038468,71.97,ETH-25JUL25-3000-C,2521.65,sell,3.0,3.0,,,,,,,1749797826.36
1360,ETH-254102821,1749798842862,1,0.0385,0.038503,71.9,ETH-25JUL25-3000-C,2522.77,sell,3.0,3.0,,,,,,,1749798842.862
1361,ETH-254102822,1749798842862,1,0.0385,0.038503,71.9,ETH-25JUL25-3000-C,2522.77,sell,33.0,33.0,,,,,,,1749798842.862
1362,ETH-254102823,1749798842872,1,0.0385,0.038503,71.9,ETH-25JUL25-3000-C,2522.77,sell,1.0,1.0,,,,,,,1749798842.872
1363,ETH-254102824,1749798842880,1,0.0385,0.038503,71.9,ETH-25JUL25-3000-C,2522.77,sell,5.0,5.0,,,,,,,1749798842.88
1364,ETH-254102832,1749798842893,1,0.0385,0.038503,71.9,ETH-25JUL25-3000-C,2522.77,sell,10.0,10.0,,,,,,,1749798842.893
1365,ETH-254102836,1749798843864,1,0.0385,0.038502,71.9,ETH-25JUL25-3000-C,2522.74,sell,152.0,152.0,,,,,,,1749798843.864
1366,ETH-254102837,1749798843864,1,0.0385,0.038502,71.9,ETH-25JUL25-3000-C,2522.74,sell,4.0,4.0,,,,,,,1749798843.864
1368,ETH-254107545,1749800079288,1,0.0395,0.039427,71.88,ETH-25JUL25-3000-C,2532.96,sell,4.0,4.0,,,,,,,1749800079.288
1369,ETH-254107546,1749800079288,1,0.0395,0.039427,71.88,ETH-25JUL25-3000-C,2532.96,sell,3.0,3.0,,,,,,,1749800079.288
1367,ETH-254107544,1749800079288,0,0.0395,0.039427,71.88,ETH-25JUL25-3000-C,2532.96,sell,202.0,202.0,,,,,,,1749800079.288
1370,ETH-254117591,1749802422729,0,0.04,0.039711,71.65,ETH-25JUL25-3000-C,2540.32,sell,3.0,3.0,,,,,,,1749802422.729
1371,ETH-254117592,1749802422860,1,0.04,0.039711,71.65,ETH-25JUL25-3000-C,2540.32,sell,1.0,1.0,,,,,,,1749802422.86
1372,ETH-254117593,1749802422899,1,0.04,0.039711,71.65,ETH-25JUL25-3000-C,2540.32,sell,146.0,146.0,,,,,,,1749802422.899
1373,ETH-254117594,1749802422954,1,0.04,0.039711,71.65,ETH-25JUL25-3000-C,2540.32,sell,1.0,1.0,,,,,,,1749802422.954
1374,ETH-254117595,1749802422959,1,0.04,0.039711,71.65,ETH-25JUL25-3000-C,2540.32,sell,1.0,1.0,,,,,,,1749802422.959
1375,ETH-254117596,1749802422962,1,0.04,0.039711,71.65,ETH-25JUL25-3000-C,2540.32,sell,1.0,1.0,,,,,,,1749802422.962
1376,ETH-254117597,1749802422966,1,0.04,0.039711,71.65,ETH-25JUL25-3000-C,2540.32,sell,1.0,1.0,,,,,,,1749802422.966
1377,ETH-254117598,1749802423149,1,0.04,0.039711,71.65,ETH-25JUL25-3000-C,2540.32,sell,1.0,1.0,,,,,,,1749802423.149
1379,ETH-254117618,1749802432851,1,0.04,0.039831,71.65,ETH-25JUL25-3000-C,2540.39,sell,4.0,4.0,,,,,,,1749802432.851
1378,ETH-254117617,1749802432851,1,0.04,0.039831,71.65,ETH-25JUL25-3000-C,2540.39,sell,50.0,50.0,,,,,,,1749802432.851
1380,ETH-254123566,1749805442129,2,0.038,0.037269,71.96,ETH-25JUL25-3000-C,2518.52,buy,1.0,1.0,,,,,,,1749805442.129
1382,ETH-254133603,1749809104423,3,0.037,0.037,71.47,ETH-25JUL25-3000-C,2514.26,sell,142.0,142.0,,,,,,,1749809104.423
1381,ETH-254133602,1749809104423,2,0.037,0.037,71.47,ETH-25JUL25-3000-C,2514.26,sell,3.0,3.0,,,,,,,1749809104.423
1384,ETH-254133605,1749809104434,3,0.037,0.037,71.47,ETH-25JUL25-3000-C,2514.26,sell,4.0,4.0,,,,,,,1749809104.434
1383,ETH-254133604,1749809104434,3,0.037,0.037,71.47,ETH-25JUL25-3000-C,2514.26,sell,60.0,60.0,,,,,,,1749809104.434
1385,ETH-254139033,1749812806895,0,0.0385,0.038377,71.15,ETH-25JUL25-3000-C,2533.82,sell,4.0,4.0,,,,,,,1749812806.895
1386,ETH-254139034,1749812806991,1,0.0385,0.038377,71.15,ETH-25JUL25-3000-C,2533.82,sell,202.0,202.0,,,,,,,1749812806.991
1387,ETH-254139035,1749812807114,1,0.0385,0.038377,71.15,ETH-25JUL25-3000-C,2533.82,sell,3.0,3.0,,,,,,,1749812807.114
1389,ETH-254144976,1749816485099,1,0.0395,0.039643,70.6,ETH-25JUL25-3000-C,2550.55,sell,105.0,105.0,,,,,,,1749816485.099
1388,ETH-254144975,1749816485099,0,0.0395,0.039643,70.6,ETH-25JUL25-3000-C,2550.55,sell,4.0,4.0,,,,,,,1749816485.099
1390,ETH-254144977,1749816485113,1,0.0395,0.039643,70.6,ETH-25JUL25-3000-C,2550.55,sell,97.0,97.0,,,,,,,1749816485.113
1391,ETH-254144978,1749816485113,1,0.0395,0.039643,70.6,ETH-25JUL25-3000-C,2550.55,sell,3.0,3.0,,,,,,,1749816485.113
1392,ETH-254147405,1749817604662,0,0.04,0.039809,70.84,ETH-25JUL25-3000-C,2553.0,sell,202.0,202.0,,,,,,,1749817604.662
1394,ETH-254147430,1749817622235,1,0.04,0.039861,70.81,ETH-25JUL25-3000-C,2553.34,sell,4.0,4.0,,,,,,,1749817622.235
