trade_seq,trade_id,timestamp,tick_direction,price,mark_price,iv,instrument_name,index_price,direction,contracts,amount,block_trade_leg_count,block_trade_id,block_rfq_id,combo_trade_id,combo_id,unix_sec
197,ETH-252314921,1748692452991,0,0.0575,0.057916,66.67,ETH-25JUL25-2300-P,2520.43,buy,1.0,1.0,,,,,,1748692452.991
198,ETH-252354911,1748725946336,2,0.055,0.054204,68.12,ETH-25JUL25-2300-P,2549.13,buy,6.0,6.0,,,,,,1748725946.336
199,ETH-252378000,1748756711247,0,0.058,0.058291,67.35,ETH-25JUL25-2300-P,2518.31,buy,1.0,1.0,,,,,,1748756711.247
201,ETH-252473962,1748833613540,1,0.059,0.059434,67.12,ETH-25JUL25-2300-P,2504.69,sell,5.0,5.0,,,,,,1748833613.54
200,ETH-252473961,1748833613540,0,0.059,0.059434,67.12,ETH-25JUL25-2300-P,2504.69,sell,1.0,1.0,,,,,,1748833613.54
202,ETH-252516582,1748864781638,0,0.0615,0.061404,66.41,ETH-25JUL25-2300-P,2480.79,sell,1.0,1.0,,,,,,1748864781.638
203,ETH-252555082,1748881013614,2,0.0525,0.052936,66.01,ETH-25JUL25-2300-P,2539.53,sell,9.0,9.0,,,,,,1748881013.614
204,ETH-252680323,1748966796092,2,0.042,0.041978,65.92,ETH-25JUL25-2300-P,2617.84,buy,1.0,1.0,,,,,,1748966796.092
205,ETH-252700057,1748985116598,0,0.0425,0.042303,65.85,ETH-25JUL25-2300-P,2611.31,buy,1.0,1.0,,,,,,1748985116.598
206,ETH-252702888,1748987767787,0,0.0445,0.043816,66.12,ETH-25JUL25-2300-P,2597.31,buy,2.0,2.0,,,,,,1748987767.787
207,ETH-252703415,1748987772899,0,0.0455,0.045009,65.78,ETH-25JUL25-2300-P,2586.02,buy,1.0,1.0,,,,,,1748987772.899
208,ETH-252721575,1749006739720,2,0.0405,0.040511,65.48,ETH-25JUL25-2300-P,2624.8,buy,12.0,12.0,,,,,,1749006739.72
209,ETH-252722491,1749007123583,2,0.0395,0.039598,65.43,ETH-25JUL25-2300-P,2633.53,sell,10.0,10.0,,,,,,1749007123.583
211,ETH-252724714,1749009386101,1,0.04,0.039745,65.63,ETH-25JUL25-2300-P,2631.0,buy,10.0,10.0,,,,,,1749009386.101
210,ETH-252724713,1749009386101,0,0.04,0.039745,65.63,ETH-25JUL25-2300-P,2631.0,buy,1.0,1.0,,,,,,1749009386.101
212,ETH-252833050,1749110324227,1,0.04,0.040876,63.93,ETH-25JUL25-2300-P,2604.75,sell,1.0,1.0,,,,,,1749110324.227
213,ETH-252833051,1749110325713,1,0.04,0.040866,63.94,ETH-25JUL25-2300-P,2604.84,sell,1.0,1.0,,,,,,1749110325.713
214,ETH-252833052,1749110326973,1,0.04,0.040866,63.94,ETH-25JUL25-2300-P,2604.84,sell,1.0,1.0,,,,,,1749110326.973
215,ETH-252833053,1749110328205,1,0.04,0.040855,63.94,ETH-25JUL25-2300-P,2604.84,sell,1.0,1.0,,,,,,1749110328.205
216,ETH-252833054,1749110329431,1,0.04,0.040855,63.94,ETH-25JUL25-2300-P,2604.92,sell,1.0,1.0,,,,,,1749110329.431
217,ETH-252833055,1749110330787,1,0.04,0.040855,63.95,ETH-25JUL25-2300-P,2604.98,sell,1.0,1.0,,,,,,1749110330.787
218,ETH-252833056,1749110332018,1,0.04,0.040847,63.95,ETH-25JUL25-2300-P,2604.98,sell,1.0,1.0,,,,,,1749110332.018
219,ETH-252835212,1749112504266,2,0.0395,0.039619,64.04,ETH-25JUL25-2300-P,2609.55,buy,32.0,32.0,,,,,,1749112504.266
220,ETH-252836816,1749113458749,0,0.04,0.039804,64.31,ETH-25JUL25-2300-P,2607.91,sell,1.0,1.0,,,,,,1749113458.749
221,ETH-252837000,1749113817696,1,0.04,0.039971,64.17,ETH-25JUL25-2300-P,2606.6,buy,1.0,1.0,,,,,,1749113817.696
222,ETH-252879061,1749133163761,0,0.0455,0.045389,65.22,ETH-25JUL25-2300-P,2569.25,buy,1.0,1.0,,,,,,1749133163.761
223,ETH-252892803,1749135451358,2,0.0435,0.043178,65.57,ETH-25JUL25-2300-P,2588.95,buy,800.0,800.0,3.0,BLOCK-203315,5539.0,,,1749135451.358
224,ETH-252923050,1749151069845,0,0.052,0.051966,65.32,ETH-25JUL25-2300-P,2520.83,buy,1.0,1.0,,,,,,1749151069.845
225,ETH-252980179,1749157006690,0,0.071,0.070964,66.04,ETH-25JUL25-2300-P,2406.35,sell,10.0,10.0,,,,,,1749157006.69
226,ETH-252989301,1749158065920,2,0.07,0.070015,66.1,ETH-25JUL25-2300-P,2412.88,buy,1.0,1.0,,,,,,1749158065.92
227,ETH-252995044,1749159723930,2,0.065,0.06597,65.49,ETH-25JUL25-2300-P,2437.12,sell,1.0,1.0,,,,,,1749159723.93
228,ETH-253020290,1749169335707,0,0.075,0.073667,67.43,ETH-25JUL25-2300-P,2395.6,buy,1.0,1.0,,,,,,1749169335.707
229,ETH-253026381,1749171612131,2,0.068,0.067958,66.46,ETH-25JUL25-2300-P,2426.41,buy,10.0,10.0,,,,,,1749171612.131
230,ETH-253026665,1749171935724,0,0.0685,0.068606,66.29,ETH-25JUL25-2300-P,2422.25,buy,9.0,9.0,,,,,,1749171935.724
231,ETH-253026701,1749171941877,1,0.0685,0.068428,66.45,ETH-25JUL25-2300-P,2423.35,buy,8.0,8.0,,,,,,1749171941.877
232,ETH-253030444,1749175552703,2,0.068,0.067989,66.22,ETH-25JUL25-2300-P,2424.41,buy,6.0,6.0,,,,,,1749175552.703
233,ETH-253032016,1749176565505,0,0.0705,0.070339,66.3,ETH-25JUL25-2300-P,2410.86,buy,5.0,5.0,,,,,,1749176565.505
234,ETH-253032105,1749176639603,0,0.071,0.070668,66.37,ETH-25JUL25-2300-P,2408.77,buy,9.0,9.0,,,,,,1749176639.603
235,ETH-253032644,1749176809498,2,0.0705,0.070298,66.32,ETH-25JUL25-2300-P,2410.82,buy,6.0,6.0,,,,,,1749176809.498
236,ETH-253036545,1749179153101,2,0.067,0.06681,66.42,ETH-25JUL25-2300-P,2431.25,buy,13.0,13.0,,,,,,1749179153.101
237,ETH-253040190,1749181654311,2,0.0635,0.06337,66.35,ETH-25JUL25-2300-P,2451.79,sell,1.0,1.0,,,,,,1749181654.311
238,ETH-253045124,1749185243797,2,0.062,0.062108,66.07,ETH-25JUL25-2300-P,2458.72,sell,1.0,1.0,,,,,,1749185243.797
239,ETH-253058064,1749194053092,2,0.0615,0.061239,66.22,ETH-25JUL25-2300-P,2462.73,buy,1.0,1.0,,,,,,1749194053.092
240,ETH-253058879,1749194681066,2,0.0609,0.061062,65.94,ETH-25JUL25-2300-P,2463.75,sell,500.0,500.0,4.0,BLOCK-203618,,,ETH-ICOND-25JUL25-1800_2300_3000_4000,1749194681.066
241,ETH-253059597,1749194970791,0,0.061,0.06096,66.08,ETH-25JUL25-2300-P,2464.59,buy,6.0,6.0,,,,,,1749194970.791
242,ETH-253060598,1749195244347,0,0.062,0.061601,66.2,ETH-25JUL25-2300-P,2459.28,buy,2.0,2.0,,,,,,1749195244.347
243,ETH-253061889,1749195743020,0,0.0625,0.062245,66.24,ETH-25JUL25-2300-P,2456.79,buy,16.0,16.0,,,,,,1749195743.02
244,ETH-253070658,1749199433547,2,0.06,0.060284,65.31,ETH-25JUL25-2300-P,2462.99,sell,5.0,5.0,,,,,,1749199433.547
245,ETH-253070659,1749199433592,3,0.06,0.060284,65.31,ETH-25JUL25-2300-P,2462.99,sell,4.0,4.0,,,,,,1749199433.592
246,ETH-253072144,1749200746679,3,0.06,0.059947,65.39,ETH-25JUL25-2300-P,2463.98,buy,1.0,1.0,,,,,,1749200746.679
247,ETH-253075952,1749203158027,2,0.058,0.057994,65.2,ETH-25JUL25-2300-P,2474.52,buy,7.0,7.0,,,,,,1749203158.027
248,ETH-253083199,1749209696647,0,0.0585,0.058264,65.56,ETH-25JUL25-2300-P,2474.91,sell,1.0,1.0,,,,,,1749209696.647
249,ETH-253102479,1749220188666,2,0.0535,0.053514,65.72,ETH-25JUL25-2300-P,2510.01,buy,1.0,1.0,,,,,,1749220188.666
250,ETH-253113294,1749227749107,2,0.053,0.052789,65.67,ETH-25JUL25-2300-P,2512.24,buy,1.0,1.0,,,,,,1749227749.107
251,ETH-253116149,1749229408276,0,0.055,0.055001,65.49,ETH-25JUL25-2300-P,2496.75,buy,9.0,9.0,,,,,,1749229408.276
252,ETH-253135673,1749259775722,0,0.057,0.057279,64.49,ETH-25JUL25-2300-P,2473.06,buy,1.0,1.0,,,,,,1749259775.722
253,ETH-253149223,1749286047650,2,0.0545,0.054521,64.47,ETH-25JUL25-2300-P,2487.62,buy,1.0,1.0,,,,,,1749286047.65
254,ETH-253155497,1749294551797,2,0.053,0.052799,64.22,ETH-25JUL25-2300-P,2495.88,sell,1.0,1.0,,,,,,1749294551.797
255,ETH-253156711,1749296310225,2,0.0525,0.05208,64.63,ETH-25JUL25-2300-P,2502.15,sell,1.0,1.0,,,,,,1749296310.225
256,ETH-253181766,1749335545982,2,0.0505,0.050523,65.96,ETH-25JUL25-2300-P,2525.08,sell,1.0,1.0,,,,,,1749335545.982
257,ETH-253185603,1749337916132,2,0.049,0.049696,65.55,ETH-25JUL25-2300-P,2532.36,sell,3.0,3.0,,,,,,1749337916.132
258,ETH-253191274,1749351702130,0,0.052,0.052278,65.66,ETH-25JUL25-2300-P,2511.16,buy,1.0,1.0,,,,,,1749351702.13
259,ETH-253196567,1749369704342,2,0.051,0.051083,65.62,ETH-25JUL25-2300-P,2516.47,sell,1.0,1.0,,,,,,1749369704.342
260,ETH-253257697,1749462408400,2,0.049,0.049102,64.96,ETH-25JUL25-2300-P,2519.04,sell,5.0,5.0,,,,,,1749462408.4
261,ETH-253257937,1749462434038,3,0.049,0.049224,64.91,ETH-25JUL25-2300-P,2518.77,sell,5.0,5.0,,,,,,1749462434.038
262,ETH-253270063,1749468431280,2,0.046,0.04643,64.86,ETH-25JUL25-2300-P,2540.77,sell,11.0,11.0,,,,,,1749468431.28
263,ETH-253273243,1749470220988,3,0.046,0.046412,64.88,ETH-25JUL25-2300-P,2540.96,sell,11.0,11.0,,,,,,1749470220.988
264,ETH-253426393,1749553773334,2,0.0319,0.032026,67.9,ETH-25JUL25-2300-P,2690.71,sell,250.0,250.0,2.0,BLOCK-204315,,,ETH-PDIAG-25JUL25_13JUN25-2300_2550,1749553773.334
265,ETH-253426727,1749553896192,2,0.031,0.031295,67.76,ETH-25JUL25-2300-P,2698.63,sell,24.0,24.0,,,,,,1749553896.192
266,ETH-253431426,1749554466812,2,0.028,0.028055,68.91,ETH-25JUL25-2300-P,2748.04,sell,10.0,10.0,,,,,,1749554466.812
267,ETH-253438359,1749555749908,2,0.026,0.026089,69.9,ETH-25JUL25-2300-P,2785.68,sell,10.0,10.0,,,,,,1749555749.908
268,ETH-253469425,1749565561613,0,0.031,0.03075,72.06,ETH-25JUL25-2300-P,2746.44,sell,1.0,1.0,,,,,,1749565561.613
269,ETH-253470565,1749565999291,0,0.0315,0.031849,71.5,ETH-25JUL25-2300-P,2734.25,buy,5.0,5.0,,,,,,1749565999.291
270,ETH-253470566,1749565999309,1,0.0315,0.031849,71.5,ETH-25JUL25-2300-P,2734.25,buy,1.0,1.0,,,,,,1749565999.309
271,ETH-253470567,1749565999535,1,0.0315,0.031849,71.5,ETH-25JUL25-2300-P,2734.25,buy,4.0,4.0,,,,,,1749565999.535
272,ETH-253470568,1749565999549,1,0.0315,0.031849,71.5,ETH-25JUL25-2300-P,2734.25,buy,2.0,2.0,,,,,,1749565999.549
273,ETH-253481197,1749569603388,0,0.034,0.033857,71.49,ETH-25JUL25-2300-P,2705.29,buy,5.0,5.0,,,,,,1749569603.388
274,ETH-253555178,1749596166269,2,0.0275,0.027503,73.7,ETH-25JUL25-2300-P,2804.87,sell,3.0,3.0,,,,,,1749596166.269
275,ETH-253555179,1749596166477,3,0.0275,0.027505,73.74,ETH-25JUL25-2300-P,2805.35,sell,1.0,1.0,,,,,,1749596166.477
276,ETH-253555180,1749596166477,3,0.0275,0.027505,73.74,ETH-25JUL25-2300-P,2805.35,sell,5.0,5.0,,,,,,1749596166.477
277,ETH-253555183,1749596167068,3,0.0275,0.027505,73.74,ETH-25JUL25-2300-P,2805.35,sell,5.0,5.0,,,,,,1749596167.068
278,ETH-253555186,1749596167245,3,0.0275,0.027505,73.74,ETH-25JUL25-2300-P,2805.35,sell,6.0,6.0,,,,,,1749596167.245
279,ETH-253555187,1749596167981,3,0.0275,0.027506,73.8,ETH-25JUL25-2300-P,2806.05,sell,4.0,4.0,,,,,,1749596167.981
280,ETH-253555189,1749596169612,3,0.0275,0.027429,73.85,ETH-25JUL25-2300-P,2806.68,sell,1.0,1.0,,,,,,1749596169.612
281,ETH-253555194,1749596169767,3,0.0275,0.027429,73.85,ETH-25JUL25-2300-P,2806.68,sell,180.0,180.0,,,,,,1749596169.767
282,ETH-253555195,1749596169767,3,0.0275,0.027429,73.85,ETH-25JUL25-2300-P,2806.68,sell,3.0,3.0,,,,,,1749596169.767
283,ETH-253558061,1749598519488,2,0.027,0.027439,72.8,ETH-25JUL25-2300-P,2801.2,sell,50.0,50.0,,,,,,1749598519.488
284,ETH-253588013,1749617297867,2,0.0265,0.026837,71.93,ETH-25JUL25-2300-P,2796.82,sell,1.0,1.0,,,,,,1749617297.867
285,ETH-253620952,1749643495795,0,0.027,0.027352,70.71,ETH-25JUL25-2300-P,2774.1,sell,2.0,2.0,,,,,,1749643495.795
286,ETH-253620959,1749643495961,1,0.027,0.027352,70.71,ETH-25JUL25-2300-P,2774.1,sell,1.0,1.0,,,,,,1749643495.961
287,ETH-253645302,1749648446491,2,0.025,0.025045,72.13,ETH-25JUL25-2300-P,2817.68,sell,1.0,1.0,,,,,,1749648446.491
288,ETH-253652523,1749649736478,0,0.0265,0.026652,71.78,ETH-25JUL25-2300-P,2792.15,sell,1.0,1.0,,,,,,1749649736.478
289,ETH-253652579,1749649747736,1,0.0265,0.026417,72.09,ETH-25JUL25-2300-P,2795.94,sell,3.0,3.0,,,,,,1749649747.736
290,ETH-253652589,1749649752361,1,0.0265,0.026368,72.17,ETH-25JUL25-2300-P,2796.87,sell,202.0,202.0,,,,,,1749649752.361
291,ETH-253652590,1749649752361,1,0.0265,0.026368,72.17,ETH-25JUL25-2300-P,2796.87,sell,3.0,3.0,,,,,,1749649752.361
292,ETH-253673178,1749655017564,2,0.024,0.024215,72.71,ETH-25JUL25-2300-P,2838.7,sell,19.0,19.0,,,,,,1749655017.564
293,ETH-253673179,1749655018259,3,0.024,0.024215,72.71,ETH-25JUL25-2300-P,2838.7,buy,4.0,4.0,,,,,,1749655018.259
294,ETH-253673180,1749655018302,3,0.024,0.024215,72.71,ETH-25JUL25-2300-P,2838.7,buy,5.0,5.0,,,,,,1749655018.302
295,ETH-253673181,1749655018317,3,0.024,0.024215,72.71,ETH-25JUL25-2300-P,2838.7,buy,97.0,97.0,,,,,,1749655018.317
296,ETH-253688363,1749658443093,2,0.0235,0.023474,73.48,ETH-25JUL25-2300-P,2855.5,sell,3.0,3.0,,,,,,1749658443.093
297,ETH-253688364,1749658443093,3,0.0235,0.023474,73.48,ETH-25JUL25-2300-P,2855.5,sell,128.0,128.0,,,,,,1749658443.093
298,ETH-253688365,1749658443102,3,0.0235,0.023474,73.48,ETH-25JUL25-2300-P,2855.5,sell,1.0,1.0,,,,,,1749658443.102
299,ETH-253688366,1749658443685,3,0.0235,0.023472,73.5,ETH-25JUL25-2300-P,2855.82,sell,3.0,3.0,,,,,,1749658443.685
300,ETH-253688369,1749658447676,3,0.0235,0.023449,73.53,ETH-25JUL25-2300-P,2856.2,sell,2.0,2.0,,,,,,1749658447.676
301,ETH-253688370,1749658447791,3,0.0235,0.023449,73.53,ETH-25JUL25-2300-P,2856.2,sell,1.0,1.0,,,,,,1749658447.791
302,ETH-253688375,1749658447875,3,0.0235,0.023449,73.53,ETH-25JUL25-2300-P,2856.2,sell,1.0,1.0,,,,,,1749658447.875
303,ETH-253688376,1749658447880,3,0.0235,0.023449,73.53,ETH-25JUL25-2300-P,2856.2,sell,1.0,1.0,,,,,,1749658447.88
304,ETH-253688377,1749658447886,3,0.0235,0.023449,73.53,ETH-25JUL25-2300-P,2856.2,sell,1.0,1.0,,,,,,1749658447.886
305,ETH-253688378,1749658447892,3,0.0235,0.023449,73.53,ETH-25JUL25-2300-P,2856.2,sell,1.0,1.0,,,,,,1749658447.892
306,ETH-253688379,1749658447900,3,0.0235,0.023449,73.53,ETH-25JUL25-2300-P,2856.2,sell,1.0,1.0,,,,,,1749658447.9
307,ETH-253688380,1749658447947,3,0.0235,0.023449,73.53,ETH-25JUL25-2300-P,2856.2,sell,1.0,1.0,,,,,,1749658447.947
308,ETH-253688392,1749658452019,3,0.0235,0.023437,73.58,ETH-25JUL25-2300-P,2856.75,sell,1.0,1.0,,,,,,1749658452.019
309,ETH-253688393,1749658452071,3,0.0235,0.023437,73.58,ETH-25JUL25-2300-P,2856.75,sell,3.0,3.0,,,,,,1749658452.071
310,ETH-253688399,1749658453365,3,0.0235,0.023442,73.63,ETH-25JUL25-2300-P,2857.49,sell,1.0,1.0,,,,,,1749658453.365
311,ETH-253688400,1749658453370,3,0.0235,0.023442,73.63,ETH-25JUL25-2300-P,2857.49,sell,1.0,1.0,,,,,,1749658453.37
312,ETH-253688401,1749658453375,3,0.0235,0.023442,73.63,ETH-25JUL25-2300-P,2857.49,sell,1.0,1.0,,,,,,1749658453.375
313,ETH-253688404,1749658458074,3,0.0235,0.023405,73.67,ETH-25JUL25-2300-P,2858.03,sell,1.0,1.0,,,,,,1749658458.074
314,ETH-253688412,1749658458179,3,0.0235,0.023405,73.68,ETH-25JUL25-2300-P,2858.16,sell,1.0,1.0,,,,,,1749658458.179
315,ETH-253688413,1749658458186,3,0.0235,0.023405,73.68,ETH-25JUL25-2300-P,2858.16,sell,1.0,1.0,,,,,,1749658458.186
316,ETH-253688414,1749658458196,3,0.0235,0.023405,73.68,ETH-25JUL25-2300-P,2858.16,sell,1.0,1.0,,,,,,1749658458.196
317,ETH-253688415,1749658458257,3,0.0235,0.023405,73.68,ETH-25JUL25-2300-P,2858.16,sell,1.0,1.0,,,,,,1749658458.257
318,ETH-253688418,1749658458299,3,0.0235,0.023405,73.68,ETH-25JUL25-2300-P,2858.16,sell,1.0,1.0,,,,,,1749658458.299
319,ETH-253688426,1749658458316,3,0.0235,0.023405,73.68,ETH-25JUL25-2300-P,2858.16,sell,1.0,1.0,,,,,,1749658458.316
320,ETH-253688432,1749658458327,3,0.0235,0.023405,73.68,ETH-25JUL25-2300-P,2858.16,sell,1.0,1.0,,,,,,1749658458.327
321,ETH-253688436,1749658458337,3,0.0235,0.023405,73.68,ETH-25JUL25-2300-P,2858.16,sell,1.0,1.0,,,,,,1749658458.337
322,ETH-253688437,1749658458346,3,0.0235,0.023405,73.68,ETH-25JUL25-2300-P,2858.16,sell,2.0,2.0,,,,,,1749658458.346
323,ETH-253688438,1749658458358,3,0.0235,0.023405,73.68,ETH-25JUL25-2300-P,2858.16,sell,42.0,42.0,,,,,,1749658458.358
324,ETH-253688439,1749658458358,3,0.0235,0.023405,73.68,ETH-25JUL25-2300-P,2858.16,sell,2.0,2.0,,,,,,1749658458.358
325,ETH-253688440,1749658458361,3,0.0235,0.023405,73.68,ETH-25JUL25-2300-P,2858.16,sell,1.0,1.0,,,,,,1749658458.361
326,ETH-253688441,1749658458371,3,0.0235,0.023405,73.68,ETH-25JUL25-2300-P,2858.16,sell,1.0,1.0,,,,,,1749658458.371
327,ETH-253700512,1749662534373,3,0.0235,0.023524,73.41,ETH-25JUL25-2300-P,2854.89,sell,132.0,132.0,,,,,,1749662534.373
328,ETH-253700513,1749662534392,3,0.0235,0.023524,73.44,ETH-25JUL25-2300-P,2855.16,sell,1.0,1.0,,,,,,1749662534.392
329,ETH-253700514,1749662534469,3,0.0235,0.023524,73.44,ETH-25JUL25-2300-P,2855.16,sell,1.0,1.0,,,,,,1749662534.469
330,ETH-253700515,1749662534483,3,0.0235,0.023524,73.44,ETH-25JUL25-2300-P,2855.16,sell,1.0,1.0,,,,,,1749662534.483
331,ETH-253700519,1749662537845,3,0.0235,0.023495,73.5,ETH-25JUL25-2300-P,2855.88,sell,1.0,1.0,,,,,,1749662537.845
332,ETH-253700545,1749662540831,3,0.0235,0.023477,73.5,ETH-25JUL25-2300-P,2855.97,sell,1.0,1.0,,,,,,1749662540.831
333,ETH-253700551,1749662540849,3,0.0235,0.023477,73.5,ETH-25JUL25-2300-P,2855.97,sell,2.0,2.0,,,,,,1749662540.849
334,ETH-253700552,1749662540872,3,0.0235,0.023477,73.5,ETH-25JUL25-2300-P,2855.97,sell,1.0,1.0,,,,,,1749662540.872
335,ETH-253700555,1749662540894,3,0.0235,0.023477,73.5,ETH-25JUL25-2300-P,2855.97,sell,1.0,1.0,,,,,,1749662540.894
336,ETH-253700558,1749662540911,3,0.0235,0.023477,73.5,ETH-25JUL25-2300-P,2855.97,sell,1.0,1.0,,,,,,1749662540.911
337,ETH-253700560,1749662540919,3,0.0235,0.023477,73.5,ETH-25JUL25-2300-P,2855.97,sell,1.0,1.0,,,,,,1749662540.919
338,ETH-253700563,1749662540931,3,0.0235,0.023477,73.5,ETH-25JUL25-2300-P,2855.97,sell,1.0,1.0,,,,,,1749662540.931
339,ETH-253700566,1749662540948,3,0.0235,0.023477,73.5,ETH-25JUL25-2300-P,2855.97,sell,2.0,2.0,,,,,,1749662540.948
340,ETH-253700574,1749662542628,3,0.0235,0.023482,73.53,ETH-25JUL25-2300-P,2856.27,sell,2.0,2.0,,,,,,1749662542.628
341,ETH-253700575,1749662542633,3,0.0235,0.023482,73.53,ETH-25JUL25-2300-P,2856.27,sell,1.0,1.0,,,,,,1749662542.633
342,ETH-253700576,1749662542638,3,0.0235,0.023482,73.53,ETH-25JUL25-2300-P,2856.27,sell,1.0,1.0,,,,,,1749662542.638
343,ETH-253700579,1749662543276,3,0.0235,0.023482,73.53,ETH-25JUL25-2300-P,2856.27,sell,3.0,3.0,,,,,,1749662543.276
344,ETH-253700580,1749662543281,3,0.0235,0.023482,73.53,ETH-25JUL25-2300-P,2856.27,sell,1.0,1.0,,,,,,1749662543.281
345,ETH-253700643,1749662563631,0,0.024,0.023468,74.27,ETH-25JUL25-2300-P,2857.99,buy,47.0,47.0,,,,,,1749662563.631
346,ETH-253700644,1749662563722,1,0.024,0.023468,74.27,ETH-25JUL25-2300-P,2857.99,buy,4.0,4.0,,,,,,1749662563.722
347,ETH-253700645,1749662563813,1,0.024,0.023468,74.27,ETH-25JUL25-2300-P,2857.99,buy,3.0,3.0,,,,,,1749662563.813
348,ETH-253705333,1749663443342,2,0.023,0.023373,73.13,ETH-25JUL25-2300-P,2859.25,sell,63.0,63.0,,,,,,1749663443.342
349,ETH-253705334,1749663443342,3,0.023,0.023373,73.13,ETH-25JUL25-2300-P,2859.25,sell,12.0,12.0,,,,,,1749663443.342
351,ETH-253710199,1749664791484,1,0.025,0.02521,73.03,ETH-25JUL25-2300-P,2827.85,sell,131.0,131.0,,,,,,1749664791.484
350,ETH-253710198,1749664791484,0,0.025,0.02521,73.03,ETH-25JUL25-2300-P,2827.85,sell,4.0,4.0,,,,,,1749664791.484
352,ETH-253710250,1749664793615,1,0.025,0.025182,73.1,ETH-25JUL25-2300-P,2828.63,sell,1.0,1.0,,,,,,1749664793.615
353,ETH-253710252,1749664793649,1,0.025,0.025182,73.1,ETH-25JUL25-2300-P,2828.63,sell,1.0,1.0,,,,,,1749664793.649
354,ETH-253710253,1749664793659,1,0.025,0.025182,73.1,ETH-25JUL25-2300-P,2828.63,sell,2.0,2.0,,,,,,1749664793.659
355,ETH-253710274,1749664793812,1,0.025,0.025168,73.11,ETH-25JUL25-2300-P,2828.82,sell,2.0,2.0,,,,,,1749664793.812
357,ETH-253710282,1749664793834,1,0.025,0.025168,73.11,ETH-25JUL25-2300-P,2828.82,sell,3.0,3.0,,,,,,1749664793.834
356,ETH-253710281,1749664793834,1,0.025,0.025168,73.11,ETH-25JUL25-2300-P,2828.82,sell,64.0,64.0,,,,,,1749664793.834
359,ETH-253717041,1749666081624,1,0.026,0.0259,72.96,ETH-25JUL25-2300-P,2812.67,sell,129.0,129.0,,,,,,1749666081.624
358,ETH-253717040,1749666081624,0,0.026,0.0259,72.96,ETH-25JUL25-2300-P,2812.67,sell,4.0,4.0,,,,,,1749666081.624
360,ETH-253717042,1749666081858,1,0.026,0.0259,72.96,ETH-25JUL25-2300-P,2812.67,sell,1.0,1.0,,,,,,1749666081.858
361,ETH-253717140,1749666099188,1,0.026,0.025844,73.19,ETH-25JUL25-2300-P,2815.53,sell,40.0,40.0,,,,,,1749666099.188
362,ETH-253717145,1749666099547,1,0.026,0.025844,73.19,ETH-25JUL25-2300-P,2815.53,sell,32.0,32.0,,,,,,1749666099.547
363,ETH-253717146,1749666099547,1,0.026,0.025844,73.19,ETH-25JUL25-2300-P,2815.53,sell,3.0,3.0,,,,,,1749666099.547
366,ETH-253720692,1749667138134,3,0.0255,0.025482,73.27,ETH-25JUL25-2300-P,2823.72,sell,3.0,3.0,,,,,,1749667138.134
364,ETH-253720690,1749667138134,2,0.0255,0.025482,73.27,ETH-25JUL25-2300-P,2823.72,sell,4.0,4.0,,,,,,1749667138.134
365,ETH-253720691,1749667138134,3,0.0255,0.025482,73.27,ETH-25JUL25-2300-P,2823.72,sell,202.0,202.0,,,,,,1749667138.134
367,ETH-253723809,1749668695903,3,0.0255,0.025534,72.77,ETH-25JUL25-2300-P,2816.77,sell,3.0,3.0,,,,,,1749668695.903
368,ETH-253723810,1749668695903,3,0.0255,0.025534,72.77,ETH-25JUL25-2300-P,2816.77,sell,129.0,129.0,,,,,,1749668695.903
369,ETH-253723814,1749668697568,3,0.0255,0.025537,72.79,ETH-25JUL25-2300-P,2817.01,sell,1.0,1.0,,,,,,1749668697.568
370,ETH-253723815,1749668697572,3,0.0255,0.025537,72.79,ETH-25JUL25-2300-P,2817.01,sell,1.0,1.0,,,,,,1749668697.572
372,ETH-253724253,1749668850928,1,0.026,0.025952,72.92,ETH-25JUL25-2300-P,2811.34,sell,4.0,4.0,,,,,,1749668850.928
371,ETH-253724252,1749668850928,0,0.026,0.025952,72.92,ETH-25JUL25-2300-P,2811.34,sell,71.0,71.0,,,,,,1749668850.928
373,ETH-253728227,1749671622353,1,0.026,0.025804,72.94,ETH-25JUL25-2300-P,2812.07,sell,3.0,3.0,,,,,,1749671622.353
374,ETH-253728228,1749671622434,1,0.026,0.025804,72.94,ETH-25JUL25-2300-P,2812.07,sell,4.0,4.0,,,,,,1749671622.434
375,ETH-253728229,1749671623404,1,0.026,0.025792,72.95,ETH-25JUL25-2300-P,2812.11,sell,39.0,39.0,,,,,,1749671623.404
376,ETH-253728230,1749671623417,1,0.026,0.025792,72.95,ETH-25JUL25-2300-P,2812.11,sell,1.0,1.0,,,,,,1749671623.417
377,ETH-253728231,1749671625280,1,0.026,0.025805,72.97,ETH-25JUL25-2300-P,2812.32,sell,162.0,162.0,,,,,,1749671625.28
378,ETH-253731164,1749672849098,1,0.026,0.026014,72.77,ETH-25JUL25-2300-P,2810.1,sell,4.0,4.0,,,,,,1749672849.098
379,ETH-253731165,1749672849098,1,0.026,0.026014,72.77,ETH-25JUL25-2300-P,2810.1,sell,119.0,119.0,,,,,,1749672849.098
380,ETH-253731166,1749672849145,1,0.026,0.026014,72.77,ETH-25JUL25-2300-P,2810.1,sell,83.0,83.0,,,,,,1749672849.145
381,ETH-253731167,1749672849145,1,0.026,0.026014,72.77,ETH-25JUL25-2300-P,2810.1,sell,3.0,3.0,,,,,,1749672849.145
382,ETH-253745863,1749678711842,2,0.0255,0.025129,71.78,ETH-25JUL25-2300-P,2804.33,buy,1.0,1.0,,,,,,1749678711.842
383,ETH-253752080,1749680022761,0,0.027,0.02692,71.42,ETH-25JUL25-2300-P,2779.53,sell,4.0,4.0,,,,,,1749680022.761
384,ETH-253752102,1749680052645,1,0.027,0.027002,71.54,ETH-25JUL25-2300-P,2780.97,sell,110.0,110.0,,,,,,1749680052.645
385,ETH-253752103,1749680052657,1,0.027,0.027002,71.54,ETH-25JUL25-2300-P,2780.97,sell,3.0,3.0,,,,,,1749680052.657
386,ETH-253752104,1749680052664,1,0.027,0.027002,71.54,ETH-25JUL25-2300-P,2780.97,sell,1.0,1.0,,,,,,1749680052.664
387,ETH-253752115,1749680053597,1,0.027,0.026965,71.57,ETH-25JUL25-2300-P,2781.31,sell,3.0,3.0,,,,,,1749680053.597
388,ETH-253752116,1749680053601,1,0.027,0.026965,71.57,ETH-25JUL25-2300-P,2781.31,sell,1.0,1.0,,,,,,1749680053.601
389,ETH-253752117,1749680055413,1,0.027,0.026933,71.59,ETH-25JUL25-2300-P,2781.58,sell,10.0,10.0,,,,,,1749680055.413
390,ETH-253752118,1749680055677,1,0.027,0.026933,71.59,ETH-25JUL25-2300-P,2781.58,sell,8.0,8.0,,,,,,1749680055.677
392,ETH-253754042,1749680563796,0,0.029,0.02854,71.89,ETH-25JUL25-2300-P,2759.13,buy,66.0,66.0,,,,,,1749680563.796
391,ETH-253754041,1749680563796,0,0.0285,0.02854,71.35,ETH-25JUL25-2300-P,2759.13,buy,1.0,1.0,,,,,,1749680563.796
393,ETH-253754043,1749680563888,1,0.029,0.02854,71.89,ETH-25JUL25-2300-P,2759.13,buy,3.0,3.0,,,,,,1749680563.888
394,ETH-253779576,1749702975349,2,0.0275,0.027482,70.17,ETH-25JUL25-2300-P,2755.19,sell,50.0,50.0,,,,,,1749702975.349
395,ETH-253807084,1749725853209,0,0.0279,0.028081,69.53,ETH-25JUL25-2300-P,2741.43,sell,500.0,500.0,2.0,BLOCK-204822,,,ETH-PS-25JUL25-2300_1800,1749725853.209
396,ETH-253841848,1749742075514,2,0.0275,0.027638,69.82,ETH-25JUL25-2300-P,2747.46,buy,1.0,1.0,,,,,,1749742075.514
397,ETH-253843289,1749743225073,0,0.028,0.027905,70.09,ETH-25JUL25-2300-P,2744.07,buy,1.0,1.0,,,,,,1749743225.073
398,ETH-253903745,1749761988927,0,0.036,0.035625,68.94,ETH-25JUL25-2300-P,2643.18,buy,1.0,1.0,,,,,,1749761988.927
399,ETH-253906599,1749762272235,2,0.0355,0.035528,68.49,ETH-25JUL25-2300-P,2643.25,sell,22.0,22.0,,,,,,1749762272.235
400,ETH-253906601,1749762272246,3,0.0355,0.035528,68.49,ETH-25JUL25-2300-P,2643.25,sell,28.0,28.0,,,,,,1749762272.246
401,ETH-253908051,1749762405787,3,0.0355,0.035456,68.73,ETH-25JUL25-2300-P,2645.6,buy,1.0,1.0,,,,,,1749762405.787
402,ETH-253908052,1749762405807,3,0.0355,0.035456,68.73,ETH-25JUL25-2300-P,2645.6,buy,2.0,2.0,,,,,,1749762405.807
403,ETH-253908053,1749762405807,3,0.0355,0.035456,68.73,ETH-25JUL25-2300-P,2645.6,buy,4.0,4.0,,,,,,1749762405.807
404,ETH-253908057,1749762405834,3,0.0355,0.035456,68.73,ETH-25JUL25-2300-P,2645.6,buy,9.0,9.0,,,,,,1749762405.834
405,ETH-253908058,1749762405837,3,0.0355,0.035456,68.73,ETH-25JUL25-2300-P,2645.6,buy,60.0,60.0,,,,,,1749762405.837
406,ETH-253908059,1749762405853,3,0.0355,0.035456,68.73,ETH-25JUL25-2300-P,2645.6,buy,60.0,60.0,,,,,,1749762405.853
407,ETH-253908060,1749762406741,3,0.0355,0.035467,68.72,ETH-25JUL25-2300-P,2645.48,buy,4.0,4.0,,,,,,1749762406.741
408,ETH-253908061,1749762406800,3,0.0355,0.035467,68.72,ETH-25JUL25-2300-P,2645.48,buy,4.0,4.0,,,,,,1749762406.8
409,ETH-253908062,1749762406850,3,0.0355,0.035467,68.72,ETH-25JUL25-2300-P,2645.48,buy,5.0,5.0,,,,,,1749762406.85
410,ETH-253908063,1749762406899,3,0.0355,0.035467,68.72,ETH-25JUL25-2300-P,2645.48,buy,1.0,1.0,,,,,,1749762406.899
411,ETH-253908064,1749762406922,3,0.0355,0.035467,68.72,ETH-25JUL25-2300-P,2645.48,buy,1.0,1.0,,,,,,1749762406.922
412,ETH-253908068,1749762406966,3,0.0355,0.035467,68.72,ETH-25JUL25-2300-P,2645.48,buy,60.0,60.0,,,,,,1749762406.966
413,ETH-253912127,1749763656264,2,0.034,0.03437,68.65,ETH-25JUL25-2300-P,2658.77,sell,50.0,50.0,,,,,,1749763656.264
414,ETH-253912128,1749763656264,3,0.034,0.03437,68.65,ETH-25JUL25-2300-P,2658.77,sell,63.0,63.0,,,,,,1749763656.264
415,ETH-253912329,1749763735600,0,0.0345,0.034356,69.23,ETH-25JUL25-2300-P,2659.55,buy,1.0,1.0,,,,,,1749763735.6
417,ETH-253962384,1749774187023,1,0.044,0.043494,68.79,ETH-25JUL25-2300-P,2568.86,buy,203.0,203.0,,,,,,1749774187.023
416,ETH-253962383,1749774187023,0,0.044,0.043494,68.79,ETH-25JUL25-2300-P,2568.86,buy,3.0,3.0,,,,,,1749774187.023
418,ETH-253962385,1749774187023,1,0.044,0.043494,68.79,ETH-25JUL25-2300-P,2568.86,buy,4.0,4.0,,,,,,1749774187.023
419,ETH-253986505,1749775428303,0,0.048,0.047917,69.15,ETH-25JUL25-2300-P,2540.43,buy,202.0,202.0,,,,,,1749775428.303
421,ETH-253986507,1749775428303,1,0.048,0.047917,69.15,ETH-25JUL25-2300-P,2540.43,buy,3.0,3.0,,,,,,1749775428.303
420,ETH-253986506,1749775428303,1,0.048,0.047917,69.15,ETH-25JUL25-2300-P,2540.43,buy,4.0,4.0,,,,,,1749775428.303
422,ETH-253992983,1749775972552,0,0.053,0.05197,70.28,ETH-25JUL25-2300-P,2513.79,buy,1.0,1.0,,,,,,1749775972.552
423,ETH-253999109,1749776639595,0,0.0535,0.053101,70.28,ETH-25JUL25-2300-P,2510.15,buy,1.0,1.0,,,,,,1749776639.595
424,ETH-254021299,1749777305959,0,0.0593,0.058775,71.19,ETH-25JUL25-2300-P,2479.47,buy,125.0,125.0,2.0,BLOCK-204992,6161.0,,ETH-PDIAG-25JUL25_27JUN25-2300_2400,1749777305.959
425,ETH-254022330,1749777343404,2,0.058,0.057883,70.66,ETH-25JUL25-2300-P,2483.41,buy,4.0,4.0,,,,,,1749777343.404
426,ETH-254049265,1749780821109,2,0.0565,0.05674,70.87,ETH-25JUL25-2300-P,2494.0,buy,30.0,30.0,,,,,,1749780821.109
427,ETH-254049297,1749780830028,3,0.0565,0.056711,70.82,ETH-25JUL25-2300-P,2493.72,buy,45.0,45.0,,,,,,1749780830.028
428,ETH-254052382,1749781377113,0,0.0582,0.058627,70.64,ETH-25JUL25-2300-P,2481.04,sell,50.0,50.0,,,,ETH-254052380,ETH-STRG-25JUL25-2300_3000,1749781377.113
429,ETH-254079903,1749786212839,2,0.0545,0.054779,70.52,ETH-25JUL25-2300-P,2504.24,buy,50.0,50.0,,,,,,1749786212.839
430,ETH-254089130,1749790917644,2,0.054,0.054348,70.38,ETH-25JUL25-2300-P,2506.06,buy,5.0,5.0,,,,,,1749790917.644
431,ETH-254097798,1749797398707,2,0.052,0.052585,70.22,ETH-25JUL25-2300-P,2517.58,sell,7.0,7.0,,,,,,1749797398.707
432,ETH-254119798,1749803772206,2,0.05,0.050055,70.06,ETH-25JUL25-2300-P,2530.61,buy,4.0,4.0,,,,,,1749803772.206
433,ETH-254119799,1749803772206,3,0.05,0.050055,70.06,ETH-25JUL25-2300-P,2530.61,buy,3.0,3.0,,,,,,1749803772.206
434,ETH-254119800,1749803772206,3,0.05,0.050055,70.06,ETH-25JUL25-2300-P,2530.61,buy,122.0,122.0,,,,,,1749803772.206
435,ETH-254119802,1749803772231,3,0.05,0.050055,70.06,ETH-25JUL25-2300-P,2530.61,buy,1.0,1.0,,,,,,1749803772.231
436,ETH-254119806,1749803774407,3,0.05,0.050141,69.98,ETH-25JUL25-2300-P,2529.97,buy,1.0,1.0,,,,,,1749803774.407
437,ETH-254119808,1749803774415,3,0.05,0.050141,69.98,ETH-25JUL25-2300-P,2529.97,buy,78.0,78.0,,,,,,1749803774.415
438,ETH-254121856,1749804419394,0,0.052,0.05194,70.31,ETH-25JUL25-2300-P,2518.68,sell,50.0,50.0,,,,,,1749804419.394
439,ETH-254126392,1749806540858,1,0.052,0.052082,70.04,ETH-25JUL25-2300-P,2516.37,sell,1.0,1.0,,,,,,1749806540.858
440,ETH-254137532,1749811696138,2,0.05,0.050259,69.81,ETH-25JUL25-2300-P,2528.31,buy,1.0,1.0,,,,,,1749811696.138
441,ETH-254151190,1749820034415,2,0.0485,0.048479,69.62,ETH-25JUL25-2300-P,2537.51,buy,3.0,3.0,,,,,,1749820034.415
442,ETH-254151191,1749820034415,3,0.0485,0.048479,69.62,ETH-25JUL25-2300-P,2537.51,buy,4.0,4.0,,,,,,1749820034.415
443,ETH-254151192,1749820034415,3,0.0485,0.048479,69.62,ETH-25JUL25-2300-P,2537.51,buy,53.0,53.0,,,,,,1749820034.415
444,ETH-254151193,1749820034420,3,0.0485,0.048479,69.62,ETH-25JUL25-2300-P,2537.51,buy,60.0,60.0,,,,,,1749820034.42
445,ETH-254151194,1749820034422,3,0.0485,0.048479,69.62,ETH-25JUL25-2300-P,2537.51,buy,60.0,60.0,,,,,,1749820034.422
446,ETH-254151219,1749820036092,3,0.0485,0.048624,69.58,ETH-25JUL25-2300-P,2537.17,buy,29.0,29.0,,,,,,1749820036.092
449,ETH-254157925,1749823432102,3,0.047,0.047168,69.53,ETH-25JUL25-2300-P,2547.79,buy,4.0,4.0,,,,,,1749823432.102
448,ETH-254157924,1749823432102,3,0.047,0.047168,69.53,ETH-25JUL25-2300-P,2547.79,buy,3.0,3.0,,,,,,1749823432.102
447,ETH-254157923,1749823432102,2,0.047,0.047168,69.53,ETH-25JUL25-2300-P,2547.79,buy,202.0,202.0,,,,,,1749823432.102
451,ETH-254184338,1749833195630,3,0.0465,0.046601,70.01,ETH-25JUL25-2300-P,2554.25,buy,202.0,202.0,,,,,,1749833195.63
452,ETH-254184339,1749833195630,3,0.0465,0.046601,70.01,ETH-25JUL25-2300-P,2554.25,buy,3.0,3.0,,,,,,1749833195.63
450,ETH-254184337,1749833195630,2,0.0465,0.046601,70.01,ETH-25JUL25-2300-P,2554.25,buy,4.0,4.0,,,,,,1749833195.63
454,ETH-254189766,1749835564585,1,0.0475,0.047383,69.94,ETH-25JUL25-2300-P,2545.74,buy,4.0,4.0,,,,,,1749835564.585
453,ETH-254189765,1749835564585,0,0.0475,0.047383,69.94,ETH-25JUL25-2300-P,2545.74,buy,3.0,3.0,,,,,,1749835564.585
455,ETH-254189767,1749835564585,1,0.0475,0.047383,69.94,ETH-25JUL25-2300-P,2545.74,buy,164.0,164.0,,,,,,1749835564.585
456,ETH-254189787,1749835578428,1,0.0475,0.04747,69.91,ETH-25JUL25-2300-P,2545.54,buy,38.0,38.0,,,,,,1749835578.428
457,ETH-254190833,1749835825308,0,0.049,0.048446,70.53,ETH-25JUL25-2300-P,2539.98,buy,1.0,1.0,,,,,,1749835825.308
458,ETH-254191028,1749835950851,2,0.0485,0.04821,70.32,ETH-25JUL25-2300-P,2542.19,sell,1.0,1.0,,,,,,1749835950.851
459,ETH-254207528,1749841968028,0,0.051,0.050649,71.44,ETH-25JUL25-2300-P,2533.07,buy,1.0,1.0,,,,,,1749841968.028
461,ETH-254227077,1749860461057,3,0.046,0.046053,71.13,ETH-25JUL25-2300-P,2565.94,buy,32.0,32.0,,,,,,1749860461.057
460,ETH-254227076,1749860461057,2,0.046,0.046053,71.13,ETH-25JUL25-2300-P,2565.94,buy,3.0,3.0,,,,,,1749860461.057
463,ETH-254227761,1749860564087,2,0.0445,0.045008,70.6,ETH-25JUL25-2300-P,2573.01,sell,63.0,63.0,,,,,,1749860564.087
462,ETH-254227760,1749860564087,2,0.045,0.045008,71.05,ETH-25JUL25-2300-P,2573.01,sell,107.0,107.0,,,,,,1749860564.087
464,ETH-254227762,1749860564172,3,0.0445,0.045008,70.6,ETH-25JUL25-2300-P,2573.01,sell,4.0,4.0,,,,,,1749860564.172
465,ETH-254229210,1749861402921,0,0.0455,0.04571,70.87,ETH-25JUL25-2300-P,2567.54,buy,4.0,4.0,,,,,,1749861402.921
466,ETH-254229212,1749861403045,1,0.0455,0.04571,70.87,ETH-25JUL25-2300-P,2567.54,buy,3.0,3.0,,,,,,1749861403.045
467,ETH-254229214,1749861403142,1,0.0455,0.04571,70.87,ETH-25JUL25-2300-P,2567.54,buy,202.0,202.0,,,,,,1749861403.142
469,ETH-254233720,1749863805933,1,0.047,0.047269,70.73,ETH-25JUL25-2300-P,2554.6,buy,102.0,102.0,,,,,,1749863805.933
468,ETH-254233719,1749863805933,0,0.047,0.047269,70.73,ETH-25JUL25-2300-P,2554.6,buy,4.0,4.0,,,,,,1749863805.933
470,ETH-254233721,1749863805963,1,0.047,0.047269,70.73,ETH-25JUL25-2300-P,2554.6,buy,3.0,3.0,,,,,,1749863805.963
471,ETH-254233722,1749863805995,1,0.047,0.047269,70.73,ETH-25JUL25-2300-P,2554.6,buy,10.0,10.0,,,,,,1749863805.995
472,ETH-254233723,1749863806003,1,0.047,0.047269,70.73,ETH-25JUL25-2300-P,2554.6,buy,1.0,1.0,,,,,,1749863806.003
473,ETH-254233724,1749863806022,1,0.047,0.047269,70.73,ETH-25JUL25-2300-P,2554.6,buy,1.0,1.0,,,,,,1749863806.022
474,ETH-254233725,1749863806043,1,0.047,0.047269,70.73,ETH-25JUL25-2300-P,2554.6,buy,2.0,2.0,,,,,,1749863806.043
475,ETH-254233736,1749863806059,1,0.047,0.047269,70.73,ETH-25JUL25-2300-P,2554.6,buy,1.0,1.0,,,,,,1749863806.059
476,ETH-254233737,1749863806070,1,0.047,0.047269,70.73,ETH-25JUL25-2300-P,2554.6,buy,1.0,1.0,,,,,,1749863806.07
477,ETH-254233738,1749863818510,1,0.047,0.047184,70.68,ETH-25JUL25-2300-P,2554.14,buy,1.0,1.0,,,,,,1749863818.51
478,ETH-254233746,1749863824475,1,0.047,0.047155,70.67,ETH-25JUL25-2300-P,2554.05,buy,2.0,2.0,,,,,,1749863824.475
479,ETH-254233747,1749863824481,1,0.047,0.047155,70.67,ETH-25JUL25-2300-P,2554.05,buy,1.0,1.0,,,,,,1749863824.481
480,ETH-254233748,1749863824485,1,0.047,0.047155,70.67,ETH-25JUL25-2300-P,2554.05,buy,3.0,3.0,,,,,,1749863824.485
481,ETH-254233749,1749863824490,1,0.047,0.047155,70.67,ETH-25JUL25-2300-P,2554.05,buy,1.0,1.0,,,,,,1749863824.49
482,ETH-254233750,1749863824495,1,0.047,0.047155,70.67,ETH-25JUL25-2300-P,2554.05,buy,1.0,1.0,,,,,,1749863824.495
483,ETH-254233751,1749863824499,1,0.047,0.047155,70.67,ETH-25JUL25-2300-P,2554.05,buy,1.0,1.0,,,,,,1749863824.499
485,ETH-254233753,1749863824511,1,0.047,0.047155,70.67,ETH-25JUL25-2300-P,2554.05,buy,3.0,3.0,,,,,,1749863824.511
484,ETH-254233752,1749863824511,1,0.047,0.047155,70.67,ETH-25JUL25-2300-P,2554.05,buy,71.0,71.0,,,,,,1749863824.511
486,ETH-254234802,1749865293880,2,0.0455,0.046177,70.56,ETH-25JUL25-2300-P,2564.5,sell,1.0,1.0,,,,,,1749865293.88
488,ETH-254236869,1749869040388,1,0.047,0.047275,70.71,ETH-25JUL25-2300-P,2554.32,buy,61.0,61.0,,,,,,1749869040.388
487,ETH-254236868,1749869040388,0,0.047,0.047275,70.71,ETH-25JUL25-2300-P,2554.32,buy,4.0,4.0,,,,,,1749869040.388
489,ETH-254236870,1749869040398,1,0.047,0.047275,70.71,ETH-25JUL25-2300-P,2554.32,buy,10.0,10.0,,,,,,1749869040.398
490,ETH-254236872,1749869053300,1,0.047,0.04714,70.72,ETH-25JUL25-2300-P,2554.48,buy,130.0,130.0,,,,,,1749869053.3
491,ETH-254236873,1749869062384,1,0.047,0.047131,70.73,ETH-25JUL25-2300-P,2554.52,buy,1.0,1.0,,,,,,1749869062.384
492,ETH-254236881,1749869068965,1,0.047,0.047137,70.72,ETH-25JUL25-2300-P,2554.49,buy,3.0,3.0,,,,,,1749869068.965
493,ETH-254242887,1749882763863,0,0.0475,0.048037,70.08,ETH-25JUL25-2300-P,2543.91,sell,4.0,4.0,,,,,,1749882763.863
494,ETH-254242889,1749882764057,1,0.0475,0.048037,70.08,ETH-25JUL25-2300-P,2543.91,sell,3.0,3.0,,,,,,1749882764.057
495,ETH-254242891,1749882764236,1,0.0475,0.048037,70.08,ETH-25JUL25-2300-P,2543.91,sell,100.0,100.0,,,,,,1749882764.236
496,ETH-254242892,1749882764236,1,0.0475,0.048037,70.08,ETH-25JUL25-2300-P,2543.91,sell,22.0,22.0,,,,,,1749882764.236
497,ETH-254242893,1749882764236,1,0.0475,0.048037,70.08,ETH-25JUL25-2300-P,2543.91,sell,80.0,80.0,,,,,,1749882764.236
498,ETH-254245830,1749886263931,0,0.049,0.048441,70.82,ETH-25JUL25-2300-P,2538.04,buy,125.0,125.0,,,,,,1749886263.931
500,ETH-254245901,1749886364113,3,0.0475,0.048145,69.78,ETH-25JUL25-2300-P,2540.26,sell,41.0,41.0,,,,,,1749886364.113
499,ETH-254245900,1749886364113,2,0.0475,0.048145,69.78,ETH-25JUL25-2300-P,2540.26,sell,36.0,36.0,,,,,,1749886364.113
501,ETH-254245902,1749886364229,3,0.0475,0.048142,69.77,ETH-25JUL25-2300-P,2540.17,sell,3.0,3.0,,,,,,1749886364.229
502,ETH-254245903,1749886364342,3,0.0475,0.048142,69.77,ETH-25JUL25-2300-P,2540.17,sell,4.0,4.0,,,,,,1749886364.342
504,ETH-254250229,1749889013338,1,0.0495,0.049735,70.3,ETH-25JUL25-2300-P,2529.89,buy,59.0,59.0,,,,,,1749889013.338
503,ETH-254250228,1749889013338,0,0.0495,0.049735,70.3,ETH-25JUL25-2300-P,2529.89,buy,4.0,4.0,,,,,,1749889013.338
505,ETH-254250232,1749889018349,1,0.0495,0.049735,70.28,ETH-25JUL25-2300-P,2529.7,buy,125.0,125.0,,,,,,1749889018.349
506,ETH-254250233,1749889018353,1,0.0495,0.049735,70.28,ETH-25JUL25-2300-P,2529.7,buy,5.0,5.0,,,,,,1749889018.353
507,ETH-254250245,1749889020344,1,0.0495,0.049711,70.27,ETH-25JUL25-2300-P,2529.67,buy,3.0,3.0,,,,,,1749889020.344
508,ETH-254250247,1749889020388,1,0.0495,0.049711,70.27,ETH-25JUL25-2300-P,2529.67,buy,1.0,1.0,,,,,,1749889020.388
509,ETH-254250248,1749889020416,1,0.0495,0.049711,70.27,ETH-25JUL25-2300-P,2529.67,buy,1.0,1.0,,,,,,1749889020.416
510,ETH-254250249,1749889020442,1,0.0495,0.049711,70.27,ETH-25JUL25-2300-P,2529.67,buy,1.0,1.0,,,,,,1749889020.442
511,ETH-254250948,1749889364233,2,0.0485,0.04896,70.02,ETH-25JUL25-2300-P,2534.72,sell,7.0,7.0,,,,,,1749889364.233
512,ETH-254250955,1749889364406,3,0.0485,0.04896,70.02,ETH-25JUL25-2300-P,2534.72,sell,3.0,3.0,,,,,,1749889364.406
513,ETH-254256667,1749895364230,0,0.0495,0.049736,69.79,ETH-25JUL25-2300-P,2525.15,sell,202.0,202.0,,,,,,1749895364.23
514,ETH-254256671,1749895364424,1,0.0495,0.049736,69.79,ETH-25JUL25-2300-P,2525.15,sell,3.0,3.0,,,,,,1749895364.424
515,ETH-254256673,1749895364598,1,0.0495,0.049736,69.79,ETH-25JUL25-2300-P,2525.15,sell,4.0,4.0,,,,,,1749895364.598
518,ETH-254262018,1749903863940,3,0.0485,0.048587,69.71,ETH-25JUL25-2300-P,2530.98,buy,4.0,4.0,,,,,,1749903863.94
516,ETH-254262016,1749903863940,2,0.0485,0.048587,69.71,ETH-25JUL25-2300-P,2530.98,buy,3.0,3.0,,,,,,1749903863.94
517,ETH-254262017,1749903863940,3,0.0485,0.048587,69.71,ETH-25JUL25-2300-P,2530.98,buy,202.0,202.0,,,,,,1749903863.94
521,ETH-254266343,1749909691418,3,0.0475,0.04739,69.57,ETH-25JUL25-2300-P,2535.94,buy,202.0,202.0,,,,,,1749909691.418
520,ETH-254266342,1749909691418,3,0.0475,0.04739,69.57,ETH-25JUL25-2300-P,2535.94,buy,3.0,3.0,,,,,,1749909691.418
519,ETH-254266341,1749909691418,2,0.0475,0.04739,69.57,ETH-25JUL25-2300-P,2535.94,buy,4.0,4.0,,,,,,1749909691.418
522,ETH-254268097,1749912822253,0,0.048,0.048377,69.29,ETH-25JUL25-2300-P,2529.41,buy,4.0,4.0,,,,,,1749912822.253
523,ETH-254268101,1749912825308,1,0.048,0.048367,69.28,ETH-25JUL25-2300-P,2529.34,buy,3.0,3.0,,,,,,1749912825.308
524,ETH-254268102,1749912825308,1,0.048,0.048367,69.28,ETH-25JUL25-2300-P,2529.34,buy,33.0,33.0,,,,,,1749912825.308
525,ETH-254268103,1749912828441,1,0.048,0.048351,69.25,ETH-25JUL25-2300-P,2529.08,buy,36.0,36.0,,,,,,1749912828.441
526,ETH-254268112,1749912866420,1,0.048,0.048,69.28,ETH-25JUL25-2300-P,2529.29,buy,133.0,133.0,,,,,,1749912866.42
527,ETH-254272085,1749915822816,0,0.05,0.050505,68.86,ETH-25JUL25-2300-P,2511.2,buy,4.0,4.0,,,,,,1749915822.816
528,ETH-254272086,1749915822961,1,0.05,0.050505,68.86,ETH-25JUL25-2300-P,2511.2,buy,3.0,3.0,,,,,,1749915822.961
529,ETH-254272087,1749915823083,1,0.05,0.050491,68.86,ETH-25JUL25-2300-P,2511.25,buy,148.0,148.0,,,,,,1749915823.083
530,ETH-254272088,1749915823091,1,0.05,0.050491,68.86,ETH-25JUL25-2300-P,2511.25,buy,1.0,1.0,,,,,,1749915823.091
531,ETH-254272329,1749915923341,1,0.05,0.050135,68.85,ETH-25JUL25-2300-P,2510.98,buy,53.0,53.0,,,,,,1749915923.341
532,ETH-254285165,1749925515579,0,0.0505,0.05038,69.42,ETH-25JUL25-2300-P,2511.53,buy,1.0,1.0,,,,,,1749925515.579
533,ETH-254300642,1749945461204,2,0.048,0.047807,70.08,ETH-25JUL25-2300-P,2533.72,sell,19.0,19.0,,,,,,1749945461.204
534,ETH-254301070,1749946404152,3,0.048,0.04784,70.28,ETH-25JUL25-2300-P,2535.14,sell,8.0,8.0,,,,,,1749946404.152
535,ETH-254301071,1749946404175,3,0.048,0.04784,70.28,ETH-25JUL25-2300-P,2535.14,sell,3.0,3.0,,,,,,1749946404.175
536,ETH-254312384,1749969403487,2,0.0465,0.046787,69.32,ETH-25JUL25-2300-P,2536.45,buy,203.0,203.0,,,,,,1749969403.487
537,ETH-254312385,1749969403610,3,0.0465,0.046787,69.32,ETH-25JUL25-2300-P,2536.45,buy,1.0,1.0,,,,,,1749969403.61
539,ETH-254312401,1749969406746,3,0.0465,0.046774,69.38,ETH-25JUL25-2300-P,2536.89,buy,3.0,3.0,,,,,,1749969406.746
538,ETH-254312400,1749969406746,3,0.0465,0.046774,69.38,ETH-25JUL25-2300-P,2536.89,buy,3.0,3.0,,,,,,1749969406.746
540,ETH-254314489,1749972863515,0,0.048,0.048064,69.49,ETH-25JUL25-2300-P,2526.45,buy,3.0,3.0,,,,,,1749972863.515
541,ETH-254314490,1749972863515,1,0.048,0.048064,69.49,ETH-25JUL25-2300-P,2526.45,buy,4.0,4.0,,,,,,1749972863.515
542,ETH-254314491,1749972863515,1,0.048,0.048064,69.49,ETH-25JUL25-2300-P,2526.45,buy,203.0,203.0,,,,,,1749972863.515
543,ETH-254319298,1749977022276,1,0.048,0.048477,69.19,ETH-25JUL25-2300-P,2524.14,buy,3.0,3.0,,,,,,1749977022.276
544,ETH-254319299,1749977022413,1,0.048,0.048477,69.19,ETH-25JUL25-2300-P,2524.14,buy,4.0,4.0,,,,,,1749977022.413
545,ETH-254319300,1749977022531,1,0.048,0.048477,69.19,ETH-25JUL25-2300-P,2524.14,buy,203.0,203.0,,,,,,1749977022.531
548,ETH-254337423,1750000621628,1,0.0485,0.048488,73.17,ETH-25JUL25-2300-P,2548.95,buy,201.0,201.0,,,,,,1750000621.628
546,ETH-254337421,1750000621628,0,0.0485,0.048488,73.17,ETH-25JUL25-2300-P,2548.95,buy,3.0,3.0,,,,,,1750000621.628
547,ETH-254337422,1750000621628,1,0.0485,0.048488,73.17,ETH-25JUL25-2300-P,2548.95,buy,4.0,4.0,,,,,,1750000621.628
549,ETH-254341126,1750004846394,2,0.048,0.047989,71.22,ETH-25JUL25-2300-P,2537.73,buy,202.0,202.0,,,,,,1750004846.394
550,ETH-254341127,1750004846394,3,0.048,0.047989,71.22,ETH-25JUL25-2300-P,2537.73,buy,4.0,4.0,,,,,,1750004846.394
551,ETH-254341128,1750004846394,3,0.048,0.047989,71.22,ETH-25JUL25-2300-P,2537.73,buy,3.0,3.0,,,,,,1750004846.394
553,ETH-254345821,1750012230397,3,0.0465,0.046495,70.95,ETH-25JUL25-2300-P,2545.83,buy,4.0,4.0,,,,,,1750012230.397
554,ETH-254345822,1750012230397,3,0.0465,0.046495,70.95,ETH-25JUL25-2300-P,2545.83,buy,3.0,3.0,,,,,,1750012230.397
552,ETH-254345820,1750012230397,2,0.0465,0.046495,70.95,ETH-25JUL25-2300-P,2545.83,buy,202.0,202.0,,,,,,1750012230.397
555,ETH-254348738,1750017163483,0,0.047,0.047392,70.29,ETH-25JUL25-2300-P,2536.34,sell,4.0,4.0,,,,,,1750017163.483
556,ETH-254348740,1750017163697,1,0.047,0.047392,70.29,ETH-25JUL25-2300-P,2536.34,sell,3.0,3.0,,,,,,1750017163.697
557,ETH-254348742,1750017163873,1,0.047,0.047392,70.29,ETH-25JUL25-2300-P,2536.34,sell,202.0,202.0,,,,,,1750017163.873
559,ETH-254349934,1750018366817,1,0.049,0.048828,70.79,ETH-25JUL25-2300-P,2525.59,buy,202.0,202.0,,,,,,1750018366.817
560,ETH-254349935,1750018366817,1,0.049,0.048828,70.79,ETH-25JUL25-2300-P,2525.59,buy,3.0,3.0,,,,,,1750018366.817
558,ETH-254349933,1750018366817,0,0.049,0.048828,70.79,ETH-25JUL25-2300-P,2525.59,buy,4.0,4.0,,,,,,1750018366.817
561,ETH-254350342,1750018766300,0,0.0502,0.050051,70.72,ETH-25JUL25-2300-P,2516.57,sell,10.0,10.0,,,,ETH-254350341,ETH-PS-25JUL25-2400_2300,1750018766.3
562,ETH-254362687,1750025012321,0,0.0525,0.051743,73.5,ETH-25JUL25-2300-P,2523.84,buy,1.0,1.0,,,,,,1750025012.321
563,ETH-254366910,1750025312638,2,0.0515,0.051024,74.51,ETH-25JUL25-2300-P,2539.94,buy,1.0,1.0,,,,,,1750025312.638
564,ETH-254368063,1750025612821,3,0.0515,0.05104,74.62,ETH-25JUL25-2300-P,2541.17,buy,1.0,1.0,,,,,,1750025612.821
565,ETH-254370119,1750026475778,2,0.051,0.050866,74.54,ETH-25JUL25-2300-P,2544.23,buy,1.0,1.0,,,,,,1750026475.778
566,ETH-254378441,1750033609429,2,0.049,0.049073,73.34,ETH-25JUL25-2300-P,2547.42,buy,14.0,14.0,,,,,,1750033609.429
567,ETH-254378579,1750033671536,2,0.0485,0.048652,73.28,ETH-25JUL25-2300-P,2550.56,sell,5.0,5.0,,,,,,1750033671.536
568,ETH-254381735,1750036063346,0,0.049,0.049056,72.59,ETH-25JUL25-2300-P,2540.74,buy,13.0,13.0,,,,,,1750036063.346
569,ETH-254381742,1750036065336,1,0.049,0.049064,72.59,ETH-25JUL25-2300-P,2540.76,buy,9.0,9.0,,,,,,1750036065.336
570,ETH-254396252,1750043064023,2,0.0445,0.045133,72.08,ETH-25JUL25-2300-P,2569.03,sell,5.0,5.0,,,,,,1750043064.023
571,ETH-254397923,1750046047087,2,0.044,0.044909,71.7,ETH-25JUL25-2300-P,2569.82,sell,5.0,5.0,,,,,,1750046047.087
572,ETH-254398079,1750046229466,0,0.0445,0.04495,72.1,ETH-25JUL25-2300-P,2569.27,sell,5.0,5.0,,,,,,1750046229.466
573,ETH-254398219,1750046448873,1,0.0445,0.045043,71.92,ETH-25JUL25-2300-P,2567.78,sell,5.0,5.0,,,,,,1750046448.873
574,ETH-254398404,1750046735840,2,0.044,0.044534,71.85,ETH-25JUL25-2300-P,2571.27,sell,5.0,5.0,,,,,,1750046735.84
575,ETH-254398577,1750047076938,3,0.044,0.044741,71.6,ETH-25JUL25-2300-P,2568.97,sell,5.0,5.0,,,,,,1750047076.938
576,ETH-254399169,1750047783129,2,0.0435,0.043778,71.97,ETH-25JUL25-2300-P,2576.39,sell,5.0,5.0,,,,,,1750047783.129
577,ETH-254399876,1750048705043,3,0.0435,0.043885,71.93,ETH-25JUL25-2300-P,2575.63,sell,5.0,5.0,,,,,,1750048705.043
578,ETH-254400173,1750049114833,3,0.0435,0.04389,71.95,ETH-25JUL25-2300-P,2575.74,sell,5.0,5.0,,,,,,1750049114.833
579,ETH-254403359,1750051746183,2,0.041,0.041555,71.92,ETH-25JUL25-2300-P,2596.2,sell,5.0,5.0,,,,,,1750051746.183
580,ETH-254414837,1750057317523,2,0.0385,0.039214,71.97,ETH-25JUL25-2300-P,2619.14,sell,1.0,1.0,,,,,,1750057317.523
581,ETH-254414841,1750057317563,3,0.0385,0.039214,71.97,ETH-25JUL25-2300-P,2619.14,sell,2.0,2.0,,,,,,1750057317.563
582,ETH-254430382,1750070900306,0,0.039,0.038737,72.16,ETH-25JUL25-2300-P,2615.98,buy,23.0,23.0,,,,,,1750070900.306
583,ETH-254433965,1750073409421,0,0.0405,0.040379,71.62,ETH-25JUL25-2300-P,2597.26,buy,30.0,30.0,,,,,,1750073409.421
584,ETH-254438166,1750077806517,2,0.039,0.038475,72.3,ETH-25JUL25-2300-P,2616.34,buy,1.0,1.0,,,,,,1750077806.517
585,ETH-254438167,1750077806517,3,0.039,0.038475,72.3,ETH-25JUL25-2300-P,2616.34,buy,59.0,59.0,,,,,,1750077806.517
586,ETH-254438168,1750077806781,3,0.039,0.038484,72.3,ETH-25JUL25-2300-P,2616.36,buy,55.0,55.0,,,,,,1750077806.781
587,ETH-254438169,1750077806781,3,0.039,0.038484,72.3,ETH-25JUL25-2300-P,2616.36,buy,5.0,5.0,,,,,,1750077806.781
588,ETH-254438170,1750077807016,3,0.039,0.038484,72.3,ETH-25JUL25-2300-P,2616.36,buy,7.0,7.0,,,,,,1750077807.016
589,ETH-254438171,1750077809075,3,0.039,0.038482,72.3,ETH-25JUL25-2300-P,2616.37,buy,13.0,13.0,,,,,,1750077809.075
590,ETH-254467216,1750094417306,2,0.0355,0.035771,71.74,ETH-25JUL25-2300-P,2641.66,buy,11.0,11.0,,,,,,1750094417.306
591,ETH-254473247,1750100902807,2,0.034,0.034058,71.55,ETH-25JUL25-2300-P,2653.71,sell,1.0,1.0,,,,,,1750100902.807
592,ETH-254500036,1750113610322,0,0.0395,0.039617,71.15,ETH-25JUL25-2300-P,2597.62,buy,2.0,2.0,,,,,,1750113610.322
593,ETH-254530749,1750118433140,0,0.047,0.047535,71.71,ETH-25JUL25-2300-P,2540.01,sell,1.0,1.0,,,,,,1750118433.14
594,ETH-254566563,1750137166516,2,0.041,0.040724,72.55,ETH-25JUL25-2300-P,2593.93,buy,1.0,1.0,,,,,,1750137166.516
595,ETH-254566577,1750137186255,3,0.041,0.040893,72.6,ETH-25JUL25-2300-P,2594.38,sell,49.0,49.0,,,,,,1750137186.255
596,ETH-254618464,1750173014344,0,0.0495,0.04922,71.41,ETH-25JUL25-2300-P,2514.8,buy,1.0,1.0,,,,,,1750173014.344
597,ETH-254630144,1750175457328,0,0.0525,0.052123,71.63,ETH-25JUL25-2300-P,2495.54,buy,1.0,1.0,,,,,,1750175457.328
598,ETH-254641854,1750178688019,0,0.0535,0.052914,71.55,ETH-25JUL25-2300-P,2487.76,buy,1.0,1.0,,,,,,1750178688.019
599,ETH-254645074,1750179176658,0,0.0565,0.056652,71.05,ETH-25JUL25-2300-P,2464.23,sell,1.0,1.0,,,,,,1750179176.658
600,ETH-254655928,1750182483218,2,0.056,0.055897,71.47,ETH-25JUL25-2300-P,2469.54,buy,30.0,30.0,,,,,,1750182483.218
601,ETH-254656016,1750182509996,3,0.056,0.056101,71.25,ETH-25JUL25-2300-P,2467.97,buy,68.0,68.0,,,,,,1750182509.996
602,ETH-254656017,1750182510075,3,0.056,0.056101,71.25,ETH-25JUL25-2300-P,2467.97,buy,7.0,7.0,,,,,,1750182510.075
603,ETH-254661057,1750186410592,2,0.0535,0.053907,70.97,ETH-25JUL25-2300-P,2481.92,sell,50.0,50.0,,,,,,1750186410.592
604,ETH-254661058,1750186410602,3,0.0535,0.053907,70.97,ETH-25JUL25-2300-P,2481.92,sell,5.0,5.0,,,,,,1750186410.602
605,ETH-254667537,1750188401730,2,0.0475,0.047393,71.92,ETH-25JUL25-2300-P,2531.28,buy,1.0,1.0,,,,,,1750188401.73
606,ETH-254679899,1750197810301,0,0.0495,0.049294,71.83,ETH-25JUL25-2300-P,2515.59,buy,1.0,1.0,,,,,,1750197810.301
607,ETH-254680338,1750198678784,1,0.0495,0.049457,71.73,ETH-25JUL25-2300-P,2514.83,buy,1.0,1.0,,,,,,1750198678.784
608,ETH-254683679,1750203241142,2,0.049,0.048987,71.48,ETH-25JUL25-2300-P,2515.73,buy,1.0,1.0,,,,,,1750203241.142
609,ETH-254683712,1750203307300,3,0.049,0.04886,71.58,ETH-25JUL25-2300-P,2516.43,buy,7.0,7.0,,,,,,1750203307.3
610,ETH-254684102,1750204119300,3,0.049,0.048827,71.58,ETH-25JUL25-2300-P,2516.88,buy,1.0,1.0,,,,,,1750204119.3
611,ETH-254699307,1750225471654,2,0.045,0.044879,71.24,ETH-25JUL25-2300-P,2541.55,buy,120.0,120.0,3.0,BLOCK-205801,6490.0,,,1750225471.654
612,ETH-254700807,1750228856210,0,0.046,0.046062,70.86,ETH-25JUL25-2300-P,2530.58,buy,1.0,1.0,,,,,,1750228856.21
618,ETH-254714013,1750242480769,1,0.048,0.047502,71.04,ETH-25JUL25-2300-P,2516.73,buy,239.0,239.0,,,,,,1750242480.769
613,ETH-254714008,1750242480769,0,0.048,0.047502,71.04,ETH-25JUL25-2300-P,2516.73,buy,1.0,1.0,,,,,,1750242480.769
617,ETH-254714012,1750242480769,1,0.048,0.047502,71.04,ETH-25JUL25-2300-P,2516.73,buy,363.0,363.0,,,,,,1750242480.769
614,ETH-254714009,1750242480769,1,0.048,0.047502,71.04,ETH-25JUL25-2300-P,2516.73,buy,60.0,60.0,,,,,,1750242480.769
615,ETH-254714010,1750242480769,1,0.048,0.047502,71.04,ETH-25JUL25-2300-P,2516.73,buy,23.0,23.0,,,,,,1750242480.769
616,ETH-254714011,1750242480769,1,0.048,0.047502,71.04,ETH-25JUL25-2300-P,2516.73,buy,2.0,2.0,,,,,,1750242480.769
619,ETH-254714014,1750242480775,1,0.048,0.047502,71.04,ETH-25JUL25-2300-P,2516.73,sell,240.0,240.0,,,,,,1750242480.775
620,ETH-254714015,1750242480778,1,0.048,0.047502,71.04,ETH-25JUL25-2300-P,2516.73,sell,72.0,72.0,,,,,,1750242480.778
621,ETH-254742438,1750256159943,1,0.048,0.047393,72.74,ETH-25JUL25-2300-P,2528.77,buy,1.0,1.0,,,,,,1750256159.943
622,ETH-254743788,1750256408643,2,0.0475,0.047295,72.54,ETH-25JUL25-2300-P,2530.45,sell,105.0,105.0,,,,,,1750256408.643
623,ETH-254756249,1750260575357,0,0.0495,0.049554,71.93,ETH-25JUL25-2300-P,2510.38,buy,1.0,1.0,,,,,,1750260575.357
624,ETH-254764645,1750267683899,0,0.053,0.052931,71.8,ETH-25JUL25-2300-P,2485.11,buy,17.0,17.0,,,,,,1750267683.899
625,ETH-254814098,1750301393664,2,0.0465,0.04672,70.78,ETH-25JUL25-2300-P,2521.69,buy,2.0,2.0,,,,,,1750301393.664
626,ETH-254839743,1750341990325,2,0.046,0.045996,70.25,ETH-25JUL25-2300-P,2516.93,sell,50.0,50.0,,,,,,1750341990.325
627,ETH-254841421,1750344302936,0,0.047,0.04671,70.08,ETH-25JUL25-2300-P,2508.54,buy,17.0,17.0,,,,,,1750344302.936
628,ETH-254860134,1750368189785,2,0.046,0.046411,69.2,ETH-25JUL25-2300-P,2506.81,sell,16.0,16.0,,,,,,1750368189.785
629,ETH-254888518,1750405865996,2,0.0405,0.041152,68.96,ETH-25JUL25-2300-P,2542.72,sell,5.0,5.0,,,,,,1750405865.996
630,ETH-254892123,1750406705483,2,0.04,0.039836,70.3,ETH-25JUL25-2300-P,2557.91,sell,125.0,125.0,,,,,,1750406705.483
631,ETH-254892140,1750406707650,3,0.04,0.039813,70.37,ETH-25JUL25-2300-P,2558.47,sell,159.0,159.0,,,,,,1750406707.65
632,ETH-254892141,1750406707652,3,0.04,0.039813,70.37,ETH-25JUL25-2300-P,2558.47,sell,216.0,216.0,,,,,,1750406707.652
633,ETH-254900723,1750411230535,2,0.0395,0.040486,68.81,ETH-25JUL25-2300-P,2550.69,sell,20.0,20.0,,,,,,1750411230.535
634,ETH-254900732,1750411237221,3,0.0395,0.040476,68.8,ETH-25JUL25-2300-P,2550.56,sell,16.0,16.0,,,,,,1750411237.221
635,ETH-254900733,1750411237221,3,0.0395,0.040476,68.8,ETH-25JUL25-2300-P,2550.56,sell,22.0,22.0,,,,,,1750411237.221
636,ETH-254900734,1750411237222,3,0.0395,0.040476,68.8,ETH-25JUL25-2300-P,2550.56,sell,7.0,7.0,,,,,,1750411237.222
637,ETH-254900739,1750411238784,0,0.04,0.040498,69.26,ETH-25JUL25-2300-P,2550.41,sell,1.0,1.0,,,,,,1750411238.784
638,ETH-254910498,1750420166105,1,0.04,0.039916,69.62,ETH-25JUL25-2300-P,2553.46,buy,50.0,50.0,,,,,,1750420166.105
639,ETH-254912721,1750423028328,1,0.04,0.039773,69.73,ETH-25JUL25-2300-P,2554.13,buy,1.0,1.0,,,,,,1750423028.328
640,ETH-254913333,1750423651596,1,0.04,0.039813,69.74,ETH-25JUL25-2300-P,2554.28,buy,1.0,1.0,,,,,,1750423651.596
641,ETH-254926137,1750430581834,0,0.0445,0.044604,68.43,ETH-25JUL25-2300-P,2507.89,buy,2.0,2.0,,,,,,1750430581.834
642,ETH-254934056,1750434563721,0,0.045,0.044995,68.16,ETH-25JUL25-2300-P,2501.42,buy,30.0,30.0,,,,,,1750434563.721
643,ETH-254935271,1750435552326,0,0.046,0.045921,67.99,ETH-25JUL25-2300-P,2493.14,buy,250.0,250.0,,,,,,1750435552.326
644,ETH-254935272,1750435552333,1,0.046,0.045921,67.99,ETH-25JUL25-2300-P,2493.14,buy,50.0,50.0,,,,,,1750435552.333
645,ETH-254937597,1750436537510,0,0.048,0.047927,68.05,ETH-25JUL25-2300-P,2479.55,buy,200.0,200.0,,,,,,1750436537.51
646,ETH-254939470,1750438345328,1,0.048,0.047695,68.57,ETH-25JUL25-2300-P,2482.69,buy,8.0,8.0,,,,,,1750438345.328
647,ETH-254948917,1750440306256,0,0.0575,0.057199,68.71,ETH-25JUL25-2300-P,2423.55,buy,11.0,11.0,,,,,,1750440306.256
648,ETH-254950134,1750440500529,0,0.0577,0.057997,68.12,ETH-25JUL25-2300-P,2418.21,sell,800.0,800.0,3.0,BLOCK-206341,6686.0,,,1750440500.529
649,ETH-254951022,1750440656635,0,0.059,0.058833,68.6,ETH-25JUL25-2300-P,2413.6,buy,125.0,125.0,2.0,BLOCK-206342,,,ETH-PS-25JUL25-2300_2100,1750440656.635
650,ETH-254951229,1750440707000,2,0.0589,0.059101,68.51,ETH-25JUL25-2300-P,2413.49,sell,800.0,800.0,3.0,BLOCK-206343,6688.0,,,1750440707.0
651,ETH-254953852,1750441008315,0,0.0611,0.063091,67.3,ETH-25JUL25-2300-P,2394.22,sell,630.0,630.0,3.0,BLOCK-206346,6690.0,,,1750441008.315
652,ETH-254957045,1750441170364,0,0.066,0.065982,69.32,ETH-25JUL25-2300-P,2380.25,buy,1.0,1.0,,,,,,1750441170.364
653,ETH-254959352,1750441497826,2,0.0603,0.060315,69.41,ETH-25JUL25-2300-P,2411.26,sell,950.0,950.0,3.0,BLOCK-206349,6692.0,,,1750441497.826
654,ETH-254960372,1750441668711,2,0.0598,0.05997,69.49,ETH-25JUL25-2300-P,2414.81,sell,900.0,900.0,3.0,BLOCK-206350,6693.0,,,1750441668.711
655,ETH-254960726,1750441758721,0,0.0605,0.060952,69.16,ETH-25JUL25-2300-P,2408.8,sell,15.0,15.0,,,,,,1750441758.721
656,ETH-254960999,1750441797730,2,0.06,0.060353,69.24,ETH-25JUL25-2300-P,2412.01,sell,15.0,15.0,,,,,,1750441797.73
657,ETH-254962281,1750442039551,0,0.061,0.061016,69.39,ETH-25JUL25-2300-P,2407.66,buy,148.0,148.0,,,,,,1750442039.551
658,ETH-254962282,1750442039558,1,0.061,0.061016,69.39,ETH-25JUL25-2300-P,2407.66,buy,86.0,86.0,,,,,,1750442039.558
659,ETH-254963149,1750442215404,0,0.0615,0.061448,69.44,ETH-25JUL25-2300-P,2404.78,buy,216.0,216.0,,,,,,1750442215.404
660,ETH-254963722,1750442276299,2,0.0599,0.05929,70.0,ETH-25JUL25-2300-P,2417.26,sell,670.0,670.0,3.0,BLOCK-206358,6694.0,,,1750442276.299
661,ETH-254964273,1750442357393,2,0.0585,0.05822,69.77,ETH-25JUL25-2300-P,2423.94,sell,1.0,1.0,,,,,,1750442357.393
662,ETH-254967633,1750443371849,2,0.058,0.057436,69.97,ETH-25JUL25-2300-P,2428.18,buy,500.0,500.0,1.0,BLOCK-206363,,,,1750443371.849
663,ETH-254968368,1750443622487,2,0.0575,0.057048,69.81,ETH-25JUL25-2300-P,2430.21,buy,50.0,50.0,,,,,,1750443622.487
665,ETH-254968979,1750443812367,1,0.0585,0.058513,69.52,ETH-25JUL25-2300-P,2422.25,sell,68.0,68.0,,,,,,1750443812.367
664,ETH-254968978,1750443812367,0,0.0585,0.058513,69.52,ETH-25JUL25-2300-P,2422.25,sell,51.0,51.0,,,,,,1750443812.367
666,ETH-254969330,1750443999808,0,0.0595,0.059239,69.76,ETH-25JUL25-2300-P,2418.19,buy,50.0,50.0,,,,,,1750443999.808
667,ETH-254969331,1750443999810,1,0.0595,0.059239,69.76,ETH-25JUL25-2300-P,2418.19,sell,149.0,149.0,,,,,,1750443999.81
668,ETH-254969332,1750443999817,1,0.0595,0.059239,69.76,ETH-25JUL25-2300-P,2418.19,sell,60.0,60.0,,,,,,1750443999.817
669,ETH-254969333,1750443999822,1,0.0595,0.059239,69.76,ETH-25JUL25-2300-P,2418.19,sell,60.0,60.0,,,,,,1750443999.822
670,ETH-254969335,1750444006052,1,0.0595,0.059371,69.67,ETH-25JUL25-2300-P,2417.6,sell,5.0,5.0,,,,,,1750444006.052
671,ETH-254969337,1750444006166,1,0.0595,0.059371,69.67,ETH-25JUL25-2300-P,2417.6,sell,3.0,3.0,,,,,,1750444006.166
672,ETH-254969339,1750444006271,1,0.0595,0.059371,69.67,ETH-25JUL25-2300-P,2417.6,sell,1.0,1.0,,,,,,1750444006.271
673,ETH-254969340,1750444006608,1,0.0595,0.059371,69.67,ETH-25JUL25-2300-P,2417.6,sell,2.0,2.0,,,,,,1750444006.608
674,ETH-254969341,1750444006887,1,0.0595,0.059391,69.69,ETH-25JUL25-2300-P,2417.65,sell,1.0,1.0,,,,,,1750444006.887
675,ETH-254969342,1750444006957,1,0.0595,0.059391,69.69,ETH-25JUL25-2300-P,2417.65,sell,2.0,2.0,,,,,,1750444006.957
676,ETH-254969343,1750444006960,1,0.0595,0.059391,69.69,ETH-25JUL25-2300-P,2417.65,sell,1.0,1.0,,,,,,1750444006.96
677,ETH-254969345,1750444007057,1,0.0595,0.059391,69.69,ETH-25JUL25-2300-P,2417.65,sell,1.0,1.0,,,,,,1750444007.057
678,ETH-254969347,1750444007090,1,0.0595,0.059391,69.69,ETH-25JUL25-2300-P,2417.65,sell,17.0,17.0,,,,,,1750444007.09
679,ETH-254969349,1750444007254,1,0.0595,0.059391,69.69,ETH-25JUL25-2300-P,2417.65,sell,1.0,1.0,,,,,,1750444007.254
680,ETH-254969350,1750444007255,1,0.0595,0.059391,69.69,ETH-25JUL25-2300-P,2417.65,sell,60.0,60.0,,,,,,1750444007.255
681,ETH-254969351,1750444007258,1,0.0595,0.059391,69.69,ETH-25JUL25-2300-P,2417.65,sell,1.0,1.0,,,,,,1750444007.258
682,ETH-254969352,1750444007260,1,0.0595,0.059391,69.69,ETH-25JUL25-2300-P,2417.65,sell,60.0,60.0,,,,,,1750444007.26
683,ETH-254969353,1750444007264,1,0.0595,0.059391,69.69,ETH-25JUL25-2300-P,2417.65,sell,26.0,26.0,,,,,,1750444007.264
684,ETH-254970106,1750444285538,1,0.0595,0.059336,69.78,ETH-25JUL25-2300-P,2418.17,sell,2.0,2.0,,,,,,1750444285.538
685,ETH-254970108,1750444286021,2,0.0592,0.059336,69.52,ETH-25JUL25-2300-P,2418.17,sell,450.0,450.0,3.0,BLOCK-206369,6696.0,,,1750444286.021
686,ETH-254970117,1750444289334,0,0.0595,0.059349,69.78,ETH-25JUL25-2300-P,2418.16,sell,7.0,7.0,,,,,,1750444289.334
687,ETH-254970118,1750444289397,1,0.0595,0.059349,69.78,ETH-25JUL25-2300-P,2418.16,sell,8.0,8.0,,,,,,1750444289.397
688,ETH-254970119,1750444291804,1,0.0595,0.059351,69.85,ETH-25JUL25-2300-P,2418.59,sell,5.0,5.0,,,,,,1750444291.804
689,ETH-254970121,1750444291907,1,0.0595,0.059351,69.85,ETH-25JUL25-2300-P,2418.59,sell,145.0,145.0,,,,,,1750444291.907
690,ETH-254970122,1750444291910,1,0.0595,0.059351,69.85,ETH-25JUL25-2300-P,2418.59,sell,4.0,4.0,,,,,,1750444291.91
691,ETH-254970123,1750444291914,1,0.0595,0.059351,69.85,ETH-25JUL25-2300-P,2418.59,sell,1.0,1.0,,,,,,1750444291.914
692,ETH-254970125,1750444291943,1,0.0595,0.059351,69.85,ETH-25JUL25-2300-P,2418.59,sell,2.0,2.0,,,,,,1750444291.943
693,ETH-254970126,1750444291949,1,0.0595,0.059351,69.85,ETH-25JUL25-2300-P,2418.59,sell,2.0,2.0,,,,,,1750444291.949
694,ETH-254970127,1750444291955,1,0.0595,0.059351,69.85,ETH-25JUL25-2300-P,2418.59,sell,1.0,1.0,,,,,,1750444291.955
695,ETH-254970128,1750444291955,1,0.0595,0.059351,69.85,ETH-25JUL25-2300-P,2418.59,sell,11.0,11.0,,,,,,1750444291.955
696,ETH-254970129,1750444291959,1,0.0595,0.059351,69.85,ETH-25JUL25-2300-P,2418.59,sell,1.0,1.0,,,,,,1750444291.959
697,ETH-254970130,1750444291985,1,0.0595,0.059351,69.85,ETH-25JUL25-2300-P,2418.59,sell,1.0,1.0,,,,,,1750444291.985
698,ETH-254970131,1750444294470,1,0.0595,0.059217,69.96,ETH-25JUL25-2300-P,2419.34,sell,1.0,1.0,,,,,,1750444294.47
699,ETH-254970132,1750444294474,1,0.0595,0.059217,69.96,ETH-25JUL25-2300-P,2419.34,sell,2.0,2.0,,,,,,1750444294.474
700,ETH-254970136,1750444294577,1,0.0595,0.059217,69.96,ETH-25JUL25-2300-P,2419.34,sell,3.0,3.0,,,,,,1750444294.577
701,ETH-254970137,1750444294581,1,0.0595,0.059217,69.96,ETH-25JUL25-2300-P,2419.34,sell,2.0,2.0,,,,,,1750444294.581
702,ETH-254970138,1750444294585,1,0.0595,0.059217,69.96,ETH-25JUL25-2300-P,2419.34,sell,1.0,1.0,,,,,,1750444294.585
703,ETH-254970139,1750444294589,1,0.0595,0.059217,69.96,ETH-25JUL25-2300-P,2419.34,sell,1.0,1.0,,,,,,1750444294.589
704,ETH-254970140,1750444294591,1,0.0595,0.059217,69.96,ETH-25JUL25-2300-P,2419.34,sell,60.0,60.0,,,,,,1750444294.591
705,ETH-254970141,1750444294593,1,0.0595,0.059217,69.96,ETH-25JUL25-2300-P,2419.34,sell,1.0,1.0,,,,,,1750444294.593
707,ETH-254970143,1750444294596,1,0.0595,0.059217,69.96,ETH-25JUL25-2300-P,2419.34,sell,1.0,1.0,,,,,,1750444294.596
706,ETH-254970142,1750444294596,1,0.0595,0.059217,69.96,ETH-25JUL25-2300-P,2419.34,sell,60.0,60.0,,,,,,1750444294.596
708,ETH-254970144,1750444294632,1,0.0595,0.059217,69.96,ETH-25JUL25-2300-P,2419.34,sell,23.0,23.0,,,,,,1750444294.632
709,ETH-254970145,1750444295200,1,0.0595,0.059217,69.96,ETH-25JUL25-2300-P,2419.34,sell,1.0,1.0,,,,,,1750444295.2
710,ETH-254970146,1750444295311,1,0.0595,0.059211,69.97,ETH-25JUL25-2300-P,2419.39,sell,154.0,154.0,,,,,,1750444295.311
711,ETH-254970467,1750444534673,2,0.0585,0.058491,69.81,ETH-25JUL25-2300-P,2424.09,sell,223.0,223.0,,,,,,1750444534.673
712,ETH-254970474,1750444536315,3,0.0585,0.05849,69.82,ETH-25JUL25-2300-P,2424.17,sell,223.0,223.0,,,,,,1750444536.315
713,ETH-254970595,1750444537372,3,0.0585,0.058475,69.84,ETH-25JUL25-2300-P,2424.28,sell,54.0,54.0,,,,,,1750444537.372
714,ETH-254970835,1750444621767,2,0.058,0.057843,69.93,ETH-25JUL25-2300-P,2427.96,sell,222.0,222.0,,,,,,1750444621.767
715,ETH-254970882,1750444631306,3,0.058,0.057723,70.17,ETH-25JUL25-2300-P,2429.47,sell,220.0,220.0,,,,,,1750444631.306
716,ETH-254970965,1750444671573,0,0.0585,0.058265,70.14,ETH-25JUL25-2300-P,2426.33,sell,37.0,37.0,,,,,,1750444671.573
717,ETH-254970969,1750444675919,1,0.0585,0.058312,70.12,ETH-25JUL25-2300-P,2426.26,sell,222.0,222.0,,,,,,1750444675.919
718,ETH-254970973,1750444677409,1,0.0585,0.058339,70.09,ETH-25JUL25-2300-P,2426.09,sell,222.0,222.0,,,,,,1750444677.409
719,ETH-254971160,1750444779317,1,0.0585,0.058478,70.15,ETH-25JUL25-2300-P,2426.51,sell,19.0,19.0,,,,,,1750444779.317
720,ETH-254971161,1750444779317,1,0.0585,0.058478,70.15,ETH-25JUL25-2300-P,2426.51,sell,128.0,128.0,,,,,,1750444779.317
721,ETH-254971162,1750444779321,1,0.0585,0.058478,70.15,ETH-25JUL25-2300-P,2426.51,sell,2.0,2.0,,,,,,1750444779.321
722,ETH-254971163,1750444779325,1,0.0585,0.058478,70.15,ETH-25JUL25-2300-P,2426.51,sell,3.0,3.0,,,,,,1750444779.325
723,ETH-254971300,1750444850671,1,0.0585,0.058664,70.02,ETH-25JUL25-2300-P,2425.6,sell,367.0,367.0,,,,,,1750444850.671
724,ETH-254974972,1750446912746,0,0.062,0.062281,69.21,ETH-25JUL25-2300-P,2400.41,sell,15.0,15.0,,,,,,1750446912.746
725,ETH-255000818,1750477699873,2,0.055,0.055909,67.75,ETH-25JUL25-2300-P,2429.07,sell,1.0,1.0,,,,,,1750477699.873
726,ETH-255009569,1750495590613,2,0.0545,0.055513,67.28,ETH-25JUL25-2300-P,2428.44,sell,1.0,1.0,,,,,,1750495590.613
727,ETH-255033272,1750525741531,0,0.0565,0.056657,68.09,ETH-25JUL25-2300-P,2419.42,buy,10.0,10.0,,,,,,1750525741.531
728,ETH-255033279,1750525759100,0,0.057,0.056624,68.58,ETH-25JUL25-2300-P,2419.86,buy,154.0,154.0,,,,,,1750525759.1
729,ETH-255033280,1750525759100,1,0.057,0.056624,68.58,ETH-25JUL25-2300-P,2419.86,buy,15.0,15.0,,,,,,1750525759.1
730,ETH-255048211,1750539216483,0,0.061,0.061141,69.23,ETH-25JUL25-2300-P,2399.61,sell,1.0,1.0,,,,,,1750539216.483
731,ETH-255051664,1750541096910,0,0.08,0.077308,71.69,ETH-25JUL25-2300-P,2322.5,buy,30.0,30.0,,,,,,1750541096.91
732,ETH-255058483,1750541369244,2,0.0745,0.07484,70.09,ETH-25JUL25-2300-P,2336.62,sell,1.0,1.0,,,,,,1750541369.244
734,ETH-255081572,1750542883745,1,0.088,0.087813,73.85,ETH-25JUL25-2300-P,2296.04,sell,15.0,15.0,,,,,,1750542883.745
733,ETH-255081571,1750542883745,0,0.088,0.087813,73.85,ETH-25JUL25-2300-P,2296.04,sell,20.0,20.0,,,,,,1750542883.745
735,ETH-255081577,1750542883935,0,0.0885,0.087813,74.26,ETH-25JUL25-2300-P,2296.04,sell,20.0,20.0,,,,,,1750542883.935
736,ETH-255081591,1750542886529,1,0.0885,0.087803,74.33,ETH-25JUL25-2300-P,2296.34,sell,20.0,20.0,,,,,,1750542886.529
737,ETH-255081598,1750542888395,1,0.0885,0.087755,74.26,ETH-25JUL25-2300-P,2296.02,sell,20.0,20.0,,,,,,1750542888.395
738,ETH-255082398,1750543031374,0,0.09,0.090164,73.72,ETH-25JUL25-2300-P,2287.35,sell,15.0,15.0,,,,,,1750543031.374
739,ETH-255082603,1750543104116,1,0.09,0.090443,73.39,ETH-25JUL25-2300-P,2285.5,sell,15.0,15.0,,,,,,1750543104.116
740,ETH-255083058,1750543207092,0,0.091,0.090947,73.44,ETH-25JUL25-2300-P,2281.76,sell,15.0,15.0,,,,,,1750543207.092
741,ETH-255083457,1750543286187,2,0.0895,0.089732,73.59,ETH-25JUL25-2300-P,2288.3,sell,15.0,15.0,,,,,,1750543286.187
742,ETH-255084591,1750543677747,2,0.0875,0.087785,73.35,ETH-25JUL25-2300-P,2295.12,sell,15.0,15.0,,,,,,1750543677.747
743,ETH-255087801,1750544833007,2,0.084,0.084774,72.75,ETH-25JUL25-2300-P,2307.2,sell,15.0,15.0,,,,,,1750544833.007
744,ETH-255087804,1750544833011,3,0.084,0.084774,72.75,ETH-25JUL25-2300-P,2307.2,buy,1.0,1.0,,,,,,1750544833.011
745,ETH-255087805,1750544833011,3,0.084,0.084774,72.75,ETH-25JUL25-2300-P,2307.2,buy,24.0,24.0,,,,,,1750544833.011
746,ETH-255087845,1750544835893,0,0.0845,0.08476,73.11,ETH-25JUL25-2300-P,2306.92,buy,40.0,40.0,,,,,,1750544835.893
747,ETH-255089386,1750545540787,0,0.088,0.087857,73.21,ETH-25JUL25-2300-P,2292.61,buy,1.0,1.0,,,,,,1750545540.787
748,ETH-255089659,1750545573463,2,0.0871,0.089843,70.87,ETH-25JUL25-2300-P,2284.7,sell,200.0,200.0,2.0,BLOCK-206443,6725.0,,ETH-PCAL-25JUL25_27JUN25-2300,1750545573.463
749,ETH-255090889,1750545917693,0,0.0895,0.089529,73.16,ETH-25JUL25-2300-P,2285.9,sell,14.0,14.0,,,,,,1750545917.693
750,ETH-255162739,1750569394504,2,0.0835,0.08472,69.73,ETH-25JUL25-2300-P,2292.0,sell,6.0,6.0,,,,,,1750569394.504
751,ETH-255170557,1750576105878,0,0.0845,0.085529,69.24,ETH-25JUL25-2300-P,2285.2,sell,1.0,1.0,,,,,,1750576105.878
752,ETH-255195309,1750591012889,0,0.0875,0.087801,68.42,ETH-25JUL25-2300-P,2269.79,sell,1.0,1.0,,,,,,1750591012.889
753,ETH-255197185,1750591722385,2,0.086,0.085961,68.56,ETH-25JUL25-2300-P,2277.03,buy,10.0,10.0,,,,,,1750591722.385
754,ETH-255200479,1750595159513,3,0.086,0.086006,68.91,ETH-25JUL25-2300-P,2278.29,buy,1.0,1.0,,,,,,1750595159.513
755,ETH-255211961,1750598901151,0,0.118,0.11721,72.01,ETH-25JUL25-2300-P,2176.03,sell,1.0,1.0,,,,,,1750598901.151
756,ETH-255271388,1750619068038,2,0.114,0.113856,70.68,ETH-25JUL25-2300-P,2182.56,buy,2.0,2.0,,,,,,1750619068.038
757,ETH-255277357,1750622970534,0,0.12,0.116256,73.01,ETH-25JUL25-2300-P,2171.94,buy,1.0,1.0,,,,,,1750622970.534
758,ETH-255299001,1750629276256,2,0.114,0.114121,70.41,ETH-25JUL25-2300-P,2181.0,buy,1.0,1.0,,,,,,1750629276.256
759,ETH-255355650,1750669004184,2,0.0895,0.089188,69.18,ETH-25JUL25-2300-P,2261.08,buy,15.0,15.0,,,,,,1750669004.184
760,ETH-255356583,1750669801109,0,0.091,0.090888,68.98,ETH-25JUL25-2300-P,2254.51,buy,1.0,1.0,,,,,,1750669801.109
761,ETH-255376627,1750685993437,2,0.0885,0.088134,69.61,ETH-25JUL25-2300-P,2266.37,buy,166.0,166.0,,,,,,1750685993.437
762,ETH-255376628,1750685993437,3,0.0885,0.088134,69.61,ETH-25JUL25-2300-P,2266.37,buy,7.0,7.0,,,,,,1750685993.437
763,ETH-255386539,1750687210135,2,0.078,0.078744,69.28,ETH-25JUL25-2300-P,2308.57,sell,71.0,71.0,,,,,,1750687210.135
764,ETH-255386620,1750687212045,2,0.0775,0.078011,69.37,ETH-25JUL25-2300-P,2311.14,sell,76.0,76.0,,,,,,1750687212.045
765,ETH-255387870,1750687277399,0,0.08,0.079504,70.0,ETH-25JUL25-2300-P,2303.77,buy,50.0,50.0,,,,,,1750687277.399
766,ETH-255390582,1750687654388,1,0.08,0.080076,69.37,ETH-25JUL25-2300-P,2301.14,buy,9.0,9.0,,,,,,1750687654.388
767,ETH-255394679,1750688550824,0,0.082,0.081193,70.21,ETH-25JUL25-2300-P,2296.68,buy,5.0,5.0,,,,,,1750688550.824
768,ETH-255394838,1750688555445,0,0.0825,0.082763,69.44,ETH-25JUL25-2300-P,2290.83,sell,60.0,60.0,,,,,,1750688555.445
769,ETH-255411516,1750692963149,0,0.0875,0.087358,69.64,ETH-25JUL25-2300-P,2271.08,sell,2.0,2.0,,,,,,1750692963.149
770,ETH-255415031,1750694004540,0,0.092,0.092481,69.39,ETH-25JUL25-2300-P,2252.02,sell,15.0,15.0,,,,,,1750694004.54
771,ETH-255418679,1750695154933,0,0.0975,0.096948,70.14,ETH-25JUL25-2300-P,2234.33,buy,50.0,50.0,,,,,,1750695154.933
772,ETH-255440303,1750698310226,2,0.0965,0.098028,69.69,ETH-25JUL25-2300-P,2234.95,sell,141.0,141.0,,,,,,1750698310.226
773,ETH-255469646,1750707283027,2,0.0803,0.081424,69.24,ETH-25JUL25-2300-P,2298.72,sell,2000.0,2000.0,1.0,BLOCK-206811,,,,1750707283.027
774,ETH-255469809,1750707345208,2,0.0795,0.079832,69.63,ETH-25JUL25-2300-P,2303.49,sell,52.0,52.0,,,,,,1750707345.208
775,ETH-255469854,1750707350166,2,0.079,0.079136,69.93,ETH-25JUL25-2300-P,2307.03,sell,2.0,2.0,,,,,,1750707350.166
776,ETH-255470738,1750707424154,2,0.0755,0.075934,69.8,ETH-25JUL25-2300-P,2321.52,buy,270.0,270.0,,,,,,1750707424.154
777,ETH-255472252,1750708056880,0,0.079,0.078949,69.77,ETH-25JUL25-2300-P,2305.57,buy,14.0,14.0,,,,,,1750708056.88
778,ETH-255474588,1750709193533,2,0.0775,0.0777,69.29,ETH-25JUL25-2300-P,2309.77,buy,8.0,8.0,,,,,,1750709193.533
779,ETH-255477691,1750709897394,2,0.0705,0.070768,69.11,ETH-25JUL25-2300-P,2340.72,sell,1.0,1.0,,,,,,1750709897.394
780,ETH-255482254,1750710321121,2,0.0645,0.064518,69.77,ETH-25JUL25-2300-P,2373.74,sell,1.0,1.0,,,,,,1750710321.121
781,ETH-255496158,1750716207586,0,0.065,0.065939,68.82,ETH-25JUL25-2300-P,2365.38,sell,5.0,5.0,,,,,,1750716207.586
782,ETH-255499243,1750716592276,2,0.0605,0.060876,69.14,ETH-25JUL25-2300-P,2391.06,sell,1.0,1.0,,,,,,1750716592.276
783,ETH-255531526,1750723230214,2,0.0565,0.056066,69.32,ETH-25JUL25-2300-P,2414.73,buy,215.0,215.0,,,,,,1750723230.214
784,ETH-255556949,1750742226625,3,0.0565,0.056111,68.65,ETH-25JUL25-2300-P,2410.05,buy,15.0,15.0,,,,,,1750742226.625
785,ETH-255557107,1750742305105,0,0.057,0.056801,68.53,ETH-25JUL25-2300-P,2406.35,buy,9.0,9.0,,,,,,1750742305.105
786,ETH-255564380,1750746889403,2,0.0535,0.053754,68.28,ETH-25JUL25-2300-P,2424.04,buy,1.0,1.0,,,,,,1750746889.403
787,ETH-255564464,1750746942351,2,0.053,0.053418,68.13,ETH-25JUL25-2300-P,2425.95,sell,1.0,1.0,,,,,,1750746942.351
788,ETH-255565380,1750747503038,0,0.0535,0.053101,68.88,ETH-25JUL25-2300-P,2428.17,buy,15.0,15.0,,,,,,1750747503.038
789,ETH-255566881,1750748141610,1,0.0535,0.053409,68.72,ETH-25JUL25-2300-P,2427.31,buy,1.0,1.0,,,,,,1750748141.61
790,ETH-255570388,1750750296143,0,0.057,0.057056,68.83,ETH-25JUL25-2300-P,2407.31,sell,15.0,15.0,,,,,,1750750296.143
791,ETH-255571084,1750750500332,0,0.0575,0.0576,68.89,ETH-25JUL25-2300-P,2404.41,sell,9.0,9.0,,,,,,1750750500.332
792,ETH-255571092,1750750500393,1,0.0575,0.0576,68.89,ETH-25JUL25-2300-P,2404.41,sell,1.0,1.0,,,,,,1750750500.393
793,ETH-255571094,1750750500414,1,0.0575,0.0576,68.89,ETH-25JUL25-2300-P,2404.41,sell,8.0,8.0,,,,,,1750750500.414
794,ETH-255571870,1750750592356,0,0.058,0.058058,68.87,ETH-25JUL25-2300-P,2401.54,sell,15.0,15.0,,,,,,1750750592.356
795,ETH-255572356,1750750669182,1,0.058,0.058373,68.83,ETH-25JUL25-2300-P,2401.2,sell,6.0,6.0,,,,,,1750750669.182
796,ETH-255632149,1750775832128,2,0.051,0.05098,68.49,ETH-25JUL25-2300-P,2438.41,sell,12.0,12.0,,,,,,1750775832.128
797,ETH-255635684,1750777370753,3,0.051,0.05092,68.77,ETH-25JUL25-2300-P,2439.98,sell,210.0,210.0,,,,,,1750777370.753
798,ETH-255636523,1750777556957,2,0.05,0.049836,68.65,ETH-25JUL25-2300-P,2445.55,buy,1.0,1.0,,,,,,1750777556.957
799,ETH-255649347,1750782880553,3,0.05,0.050387,68.08,ETH-25JUL25-2300-P,2441.56,sell,3.0,3.0,,,,,,1750782880.553
800,ETH-255649780,1750783173050,3,0.05,0.049844,68.49,ETH-25JUL25-2300-P,2443.86,buy,1.0,1.0,,,,,,1750783173.05
801,ETH-255649794,1750783186300,3,0.05,0.049846,68.54,ETH-25JUL25-2300-P,2444.18,buy,1.0,1.0,,,,,,1750783186.3
802,ETH-255651303,1750783427844,2,0.046,0.046793,67.89,ETH-25JUL25-2300-P,2465.18,sell,5.0,5.0,,,,,,1750783427.844
803,ETH-255667722,1750787614480,0,0.0465,0.046326,68.58,ETH-25JUL25-2300-P,2466.72,buy,1.0,1.0,,,,,,1750787614.48
804,ETH-255669432,1750788473283,0,0.0485,0.048305,68.65,ETH-25JUL25-2300-P,2454.27,buy,1.0,1.0,,,,,,1750788473.283
805,ETH-255669616,1750788654843,1,0.0485,0.048159,68.78,ETH-25JUL25-2300-P,2455.41,buy,2.0,2.0,,,,,,1750788654.843
806,ETH-255683934,1750802493569,0,0.049,0.049365,67.71,ETH-25JUL25-2300-P,2443.81,buy,10.0,10.0,,,,,,1750802493.569
807,ETH-255703677,1750827737889,2,0.0485,0.048863,66.73,ETH-25JUL25-2300-P,2436.99,buy,1.0,1.0,,,,,,1750827737.889
808,ETH-255708998,1750835654407,2,0.048,0.04782,67.27,ETH-25JUL25-2300-P,2443.25,buy,2.0,2.0,,,,,,1750835654.407
809,ETH-255708999,1750835655322,3,0.048,0.047825,67.27,ETH-25JUL25-2300-P,2443.27,buy,2.0,2.0,,,,,,1750835655.322
810,ETH-255713204,1750839579149,3,0.048,0.048224,66.64,ETH-25JUL25-2300-P,2439.41,buy,1.0,1.0,,,,,,1750839579.149
811,ETH-255713395,1750839724147,0,0.0485,0.048579,66.74,ETH-25JUL25-2300-P,2436.82,buy,1.0,1.0,,,,,,1750839724.147
812,ETH-255713862,1750840217641,1,0.0485,0.048564,66.47,ETH-25JUL25-2300-P,2434.82,buy,13.0,13.0,,,,,,1750840217.641
813,ETH-255714071,1750840329975,0,0.049,0.049102,66.47,ETH-25JUL25-2300-P,2431.73,buy,14.0,14.0,,,,,,1750840329.975
814,ETH-255714459,1750840930972,1,0.049,0.049086,66.57,ETH-25JUL25-2300-P,2432.09,buy,13.0,13.0,,,,,,1750840930.972
815,ETH-255718302,1750844212875,2,0.048,0.047702,67.03,ETH-25JUL25-2300-P,2441.43,buy,2.0,2.0,,,,,,1750844212.875
816,ETH-255718303,1750844212875,3,0.048,0.047702,67.03,ETH-25JUL25-2300-P,2441.43,buy,1.0,1.0,,,,,,1750844212.875
817,ETH-255720112,1750844405155,0,0.0515,0.050935,67.2,ETH-25JUL25-2300-P,2420.74,buy,15.0,15.0,,,,,,1750844405.155
818,ETH-255730465,1750852262498,2,0.0485,0.049261,65.85,ETH-25JUL25-2300-P,2429.47,sell,1.0,1.0,,,,,,1750852262.498
819,ETH-255763334,1750867234469,0,0.053,0.053232,66.9,ETH-25JUL25-2300-P,2407.65,buy,1.0,1.0,,,,,,1750867234.469
820,ETH-255771759,1750874251310,2,0.051,0.050918,67.43,ETH-25JUL25-2300-P,2422.98,buy,15.0,15.0,,,,,,1750874251.31
821,ETH-255771871,1750874434024,3,0.051,0.050669,67.64,ETH-25JUL25-2300-P,2424.17,buy,1.0,1.0,,,,,,1750874434.024
822,ETH-255772736,1750875670395,0,0.0515,0.051431,67.3,ETH-25JUL25-2300-P,2419.12,buy,15.0,15.0,,,,,,1750875670.395
823,ETH-255773468,1750876499365,1,0.0515,0.051359,67.32,ETH-25JUL25-2300-P,2418.98,buy,10.0,10.0,,,,,,1750876499.365
824,ETH-255796754,1750903233944,2,0.0445,0.044072,67.72,ETH-25JUL25-2300-P,2464.68,buy,1.0,1.0,,,,,,1750903233.944
825,ETH-255801422,1750906438577,2,0.0395,0.039584,67.19,ETH-25JUL25-2300-P,2494.65,sell,5.0,5.0,,,,,,1750906438.577
826,ETH-255829047,1750929179740,0,0.042,0.042109,67.11,ETH-25JUL25-2300-P,2474.87,buy,1.0,1.0,,,,,,1750929179.74
827,ETH-255838081,1750936920110,0,0.046,0.046105,66.91,ETH-25JUL25-2300-P,2445.19,buy,2.0,2.0,,,,,,1750936920.11
828,ETH-255852010,1750946434803,0,0.047,0.047197,66.28,ETH-25JUL25-2300-P,2434.46,buy,1.0,1.0,,,,,,1750946434.803
829,ETH-255858246,1750950037233,2,0.0455,0.045243,66.86,ETH-25JUL25-2300-P,2446.91,sell,1.0,1.0,,,,,,1750950037.233
830,ETH-255859026,1750950687899,2,0.045,0.045473,66.18,ETH-25JUL25-2300-P,2445.67,sell,10.0,10.0,,,,,,1750950687.899
831,ETH-255869612,1750956570419,0,0.048,0.048477,65.73,ETH-25JUL25-2300-P,2424.11,sell,42.0,42.0,,,,,,1750956570.419
832,ETH-255870035,1750957234289,2,0.0475,0.047831,65.88,ETH-25JUL25-2300-P,2427.96,sell,1.0,1.0,,,,,,1750957234.289
833,ETH-255870365,1750957438338,3,0.0475,0.047126,66.59,ETH-25JUL25-2300-P,2432.34,sell,1.0,1.0,,,,,,1750957438.338
834,ETH-255879869,1750968169231,2,0.047,0.046925,66.35,ETH-25JUL25-2300-P,2433.57,sell,1.0,1.0,,,,,,1750968169.231
835,ETH-255886976,1750973630798,0,0.0495,0.04892,66.47,ETH-25JUL25-2300-P,2419.03,buy,1.0,1.0,,,,,,1750973630.798
836,ETH-255892069,1750975234052,1,0.0495,0.049866,65.59,ETH-25JUL25-2300-P,2413.67,buy,1.0,1.0,,,,,,1750975234.052
837,ETH-255904233,1750986573554,0,0.053,0.05209,67.05,ETH-25JUL25-2300-P,2401.12,buy,5.0,5.0,,,,,,1750986573.554
838,ETH-255907689,1750986830816,2,0.0495,0.049423,66.13,ETH-25JUL25-2300-P,2415.02,sell,9.0,9.0,,,,,,1750986830.816
839,ETH-255912605,1750989633720,2,0.048,0.047665,66.56,ETH-25JUL25-2300-P,2427.17,buy,1.0,1.0,,,,,,1750989633.72
840,ETH-255927272,1751005056373,2,0.0442,0.044298,65.94,ETH-25JUL25-2300-P,2446.3,sell,500.0,500.0,4.0,BLOCK-207624,7240.0,,ETH-ICOND-25JUL25-1800_2300_2600_3000,1751005056.373
841,ETH-255947337,1751012412718,0,0.045,0.044923,65.83,ETH-25JUL25-2300-P,2440.56,sell,1.0,1.0,,,,,,1751012412.718
842,ETH-255947386,1751012472381,1,0.045,0.044945,65.99,ETH-25JUL25-2300-P,2441.49,sell,54.0,54.0,,,,,,1751012472.381
843,ETH-255952885,1751014388652,2,0.041,0.041759,64.55,ETH-25JUL25-2300-P,2457.74,sell,1.0,1.0,,,,,,1751014388.652
844,ETH-255954105,1751014949777,0,0.042,0.042949,64.21,ETH-25JUL25-2300-P,2448.64,sell,1.0,1.0,,,,,,1751014949.777
845,ETH-255955730,1751015710741,1,0.042,0.042699,64.17,ETH-25JUL25-2300-P,2447.43,sell,2.0,2.0,,,,,,1751015710.741
846,ETH-255961810,1751019988764,2,0.0415,0.04189,64.11,ETH-25JUL25-2300-P,2449.81,sell,5.0,5.0,,,,,,1751019988.764
847,ETH-255962544,1751020971949,3,0.0415,0.04192,64.04,ETH-25JUL25-2300-P,2449.66,sell,12.0,12.0,,,,,,1751020971.949
848,ETH-255962545,1751020971949,3,0.0415,0.04192,64.04,ETH-25JUL25-2300-P,2449.66,sell,34.0,34.0,,,,,,1751020971.949
849,ETH-255973419,1751030816741,0,0.045,0.044698,64.36,ETH-25JUL25-2300-P,2428.43,buy,1.0,1.0,,,,,,1751030816.741
850,ETH-255973420,1751030816744,1,0.045,0.044698,64.36,ETH-25JUL25-2300-P,2428.43,sell,2.0,2.0,,,,,,1751030816.744
851,ETH-255978764,1751034545359,0,0.0455,0.045966,63.52,ETH-25JUL25-2300-P,2419.57,sell,4.0,4.0,,,,,,1751034545.359
852,ETH-255981720,1751038339206,2,0.043,0.043563,63.16,ETH-25JUL25-2300-P,2432.53,sell,1.0,1.0,,,,,,1751038339.206
853,ETH-255981803,1751038474021,3,0.043,0.043792,62.89,ETH-25JUL25-2300-P,2431.09,sell,2.0,2.0,,,,,,1751038474.021
854,ETH-255982491,1751039348786,2,0.0425,0.042938,63.2,ETH-25JUL25-2300-P,2436.37,sell,2.0,2.0,,,,,,1751039348.786
855,ETH-255982492,1751039348793,3,0.0425,0.042938,63.2,ETH-25JUL25-2300-P,2436.37,sell,6.0,6.0,,,,,,1751039348.793
856,ETH-255982493,1751039348793,3,0.0425,0.042938,63.2,ETH-25JUL25-2300-P,2436.37,sell,10.0,10.0,,,,,,1751039348.793
857,ETH-255982494,1751039348793,3,0.0425,0.042938,63.2,ETH-25JUL25-2300-P,2436.37,sell,8.0,8.0,,,,,,1751039348.793
858,ETH-255985101,1751043026894,3,0.0425,0.042849,63.11,ETH-25JUL25-2300-P,2435.53,sell,1.0,1.0,,,,,,1751043026.894
859,ETH-255987433,1751045467352,0,0.0455,0.045806,63.02,ETH-25JUL25-2300-P,2415.5,sell,31.0,31.0,,,,,,1751045467.352
860,ETH-255987434,1751045467364,1,0.0455,0.045806,63.02,ETH-25JUL25-2300-P,2415.5,sell,24.0,24.0,,,,,,1751045467.364
861,ETH-255992612,1751049372088,0,0.0485,0.04846,63.43,ETH-25JUL25-2300-P,2399.91,sell,1.0,1.0,,,,,,1751049372.088
862,ETH-256000781,1751060500630,2,0.0445,0.044987,63.31,ETH-25JUL25-2300-P,2423.24,sell,2.0,2.0,,,,,,1751060500.63
863,ETH-256005173,1751073296151,0,0.045,0.045115,62.84,ETH-25JUL25-2300-P,2415.7,buy,10.0,10.0,,,,,,1751073296.151
864,ETH-256007242,1751077604478,2,0.0445,0.043754,63.4,ETH-25JUL25-2300-P,2421.41,buy,1.0,1.0,,,,,,1751077604.478
865,ETH-256010756,1751087448587,2,0.0415,0.042203,61.53,ETH-25JUL25-2300-P,2428.04,sell,1.0,1.0,,,,,,1751087448.587
866,ETH-256013039,1751094415909,0,0.0425,0.042339,62.3,ETH-25JUL25-2300-P,2426.36,sell,1.0,1.0,,,,,,1751094415.909
867,ETH-256013476,1751095944622,2,0.0416,0.041713,61.91,ETH-25JUL25-2300-P,2429.3,sell,250.0,250.0,4.0,BLOCK-207756,,,ETH-ICOND-25JUL25-1800_2300_2600_3000,1751095944.622
868,ETH-256014784,1751097396599,2,0.0415,0.041089,62.45,ETH-25JUL25-2300-P,2433.43,buy,1.0,1.0,,,,,,1751097396.599
869,ETH-256016384,1751098358208,0,0.0416,0.042523,61.09,ETH-25JUL25-2300-P,2424.41,sell,528.0,528.0,1.0,BLOCK-207757,7318.0,,,1751098358.208
870,ETH-256018935,1751103019841,2,0.04,0.040971,59.77,ETH-25JUL25-2300-P,2424.99,sell,3.0,3.0,,,,,,1751103019.841
871,ETH-256023836,1751120818238,0,0.042,0.041164,62.36,ETH-25JUL25-2300-P,2427.23,buy,1.0,1.0,,,,,,1751120818.238
872,ETH-256053108,1751195877009,2,0.0365,0.037007,62.31,ETH-25JUL25-2300-P,2456.68,sell,3.0,3.0,,,,,,1751195877.009
873,ETH-256054775,1751198819173,0,0.037,0.036941,62.91,ETH-25JUL25-2300-P,2457.67,buy,50.0,50.0,,,,,,1751198819.173
874,ETH-256067621,1751224311967,0,0.0385,0.039048,61.87,ETH-25JUL25-2300-P,2436.86,sell,5.0,5.0,,,,,,1751224311.967
875,ETH-256085506,1751238308413,2,0.03,0.029572,64.72,ETH-25JUL25-2300-P,2519.86,sell,1.0,1.0,,,,,,1751238308.413
876,ETH-256105744,1751256838547,0,0.0305,0.030802,63.53,ETH-25JUL25-2300-P,2504.55,sell,1.0,1.0,,,,,,1751256838.547
877,ETH-256113309,1751266190015,0,0.0345,0.034378,63.63,ETH-25JUL25-2300-P,2472.9,buy,1.0,1.0,,,,,,1751266190.015
878,ETH-256119786,1751270042964,2,0.0328,0.03301,63.17,ETH-25JUL25-2300-P,2481.78,sell,500.0,500.0,2.0,BLOCK-207839,7405.0,,ETH-STRG-25JUL25-2300_2600,1751270042.964
879,ETH-256120573,1751270691892,2,0.0325,0.032687,63.13,ETH-25JUL25-2300-P,2484.08,buy,131.0,131.0,2.0,BLOCK-207846,,,ETH-STRG-25JUL25-2300_2600,1751270691.892
880,ETH-256122174,1751273060763,0,0.0339,0.034288,62.69,ETH-25JUL25-2300-P,2470.33,buy,250.0,250.0,2.0,BLOCK-207849,,,ETH-STRG-25JUL25-2300_2600,1751273060.763
881,ETH-256124854,1751276590889,0,0.035,0.034825,63.29,ETH-25JUL25-2300-P,2466.13,buy,1.0,1.0,,,,,,1751276590.889
882,ETH-256171790,1751311654962,2,0.028,0.028029,62.92,ETH-25JUL25-2300-P,2516.35,sell,5.0,5.0,,,,,,1751311654.962
883,ETH-256172966,1751312580708,0,0.029,0.02887,63.13,ETH-25JUL25-2300-P,2509.64,sell,2.0,2.0,,,,,,1751312580.708
884,ETH-256172967,1751312580708,1,0.029,0.02887,63.13,ETH-25JUL25-2300-P,2509.64,sell,1.0,1.0,,,,,,1751312580.708
885,ETH-256194972,1751339817426,0,0.03,0.029946,61.7,ETH-25JUL25-2300-P,2487.04,buy,1.0,1.0,,,,,,1751339817.426
886,ETH-256197550,1751345199872,0,0.0315,0.031213,61.78,ETH-25JUL25-2300-P,2475.43,buy,1.0,1.0,,,,,,1751345199.872
887,ETH-256201104,1751348061754,0,0.033,0.033524,60.94,ETH-25JUL25-2300-P,2458.28,sell,1.0,1.0,,,,,,1751348061.754
888,ETH-256201318,1751348222260,0,0.0335,0.034223,60.72,ETH-25JUL25-2300-P,2453.15,sell,1.0,1.0,,,,,,1751348222.26
889,ETH-256201705,1751348612920,2,0.033,0.033689,60.73,ETH-25JUL25-2300-P,2456.48,sell,1.0,1.0,,,,,,1751348612.92
890,ETH-256201966,1751348880315,3,0.033,0.033368,61.1,ETH-25JUL25-2300-P,2458.62,sell,1.0,1.0,,,,,,1751348880.315
891,ETH-256202353,1751349152075,3,0.033,0.032963,61.52,ETH-25JUL25-2300-P,2461.69,buy,1.0,1.0,,,,,,1751349152.075
892,ETH-256202396,1751349198538,2,0.0325,0.033107,60.78,ETH-25JUL25-2300-P,2460.77,sell,1.0,1.0,,,,,,1751349198.538
893,ETH-256202728,1751349544974,0,0.033,0.033001,61.42,ETH-25JUL25-2300-P,2461.27,buy,1.0,1.0,,,,,,1751349544.974
894,ETH-256202819,1751349600841,1,0.033,0.032877,61.55,ETH-25JUL25-2300-P,2462.11,buy,1.0,1.0,,,,,,1751349600.841
895,ETH-256203518,1751351094955,1,0.033,0.033027,61.3,ETH-25JUL25-2300-P,2460.1,buy,1.0,1.0,,,,,,1751351094.955
896,ETH-256203605,1751351235639,1,0.033,0.032897,61.44,ETH-25JUL25-2300-P,2460.92,buy,1.0,1.0,,,,,,1751351235.639
897,ETH-256203612,1751351252490,1,0.033,0.032999,61.33,ETH-25JUL25-2300-P,2460.27,buy,1.0,1.0,,,,,,1751351252.49
898,ETH-256203737,1751351493903,2,0.0325,0.032936,60.82,ETH-25JUL25-2300-P,2460.48,sell,1.0,1.0,,,,,,1751351493.903
899,ETH-256203740,1751351499474,0,0.033,0.032955,61.35,ETH-25JUL25-2300-P,2460.27,buy,1.0,1.0,,,,,,1751351499.474
900,ETH-256203744,1751351516648,1,0.033,0.033036,61.27,ETH-25JUL25-2300-P,2459.76,buy,1.0,1.0,,,,,,1751351516.648
901,ETH-256203751,1751351546199,1,0.033,0.033003,61.31,ETH-25JUL25-2300-P,2460.06,buy,1.0,1.0,,,,,,1751351546.199
902,ETH-256203761,1751351563058,1,0.033,0.033065,61.26,ETH-25JUL25-2300-P,2459.84,buy,1.0,1.0,,,,,,1751351563.058
903,ETH-256203779,1751351598407,2,0.0325,0.032989,60.76,ETH-25JUL25-2300-P,2460.34,sell,1.0,1.0,,,,,,1751351598.407
904,ETH-256203782,1751351639274,3,0.0325,0.032953,60.8,ETH-25JUL25-2300-P,2460.68,sell,1.0,1.0,,,,,,1751351639.274
905,ETH-256203865,1751351885581,3,0.0325,0.032888,60.95,ETH-25JUL25-2300-P,2461.47,sell,1.0,1.0,,,,,,1751351885.581
906,ETH-256203887,1751351971440,3,0.0325,0.033003,60.8,ETH-25JUL25-2300-P,2460.71,sell,1.0,1.0,,,,,,1751351971.44
907,ETH-256203916,1751352182978,0,0.033,0.032892,61.51,ETH-25JUL25-2300-P,2461.43,buy,10.0,10.0,,,,,,1751352182.978
908,ETH-256208095,1751356095239,2,0.0325,0.032507,61.34,ETH-25JUL25-2300-P,2464.75,buy,1.0,1.0,,,,,,1751356095.239
909,ETH-256216214,1751366341615,0,0.0335,0.033455,60.66,ETH-25JUL25-2300-P,2452.05,buy,1.0,1.0,,,,,,1751366341.615
910,ETH-256218452,1751369708691,2,0.0325,0.032438,60.02,ETH-25JUL25-2300-P,2455.41,buy,1.0,1.0,,,,,,1751369708.691
911,ETH-256218626,1751369847721,0,0.033,0.033006,59.94,ETH-25JUL25-2300-P,2451.22,buy,8.0,8.0,,,,,,1751369847.721
913,ETH-256218673,1751369998193,1,0.033,0.033023,59.91,ETH-25JUL25-2300-P,2450.89,buy,2.0,2.0,,,,,,1751369998.193
912,ETH-256218672,1751369998193,1,0.033,0.033023,59.91,ETH-25JUL25-2300-P,2450.89,buy,1.0,1.0,,,,,,1751369998.193
914,ETH-256219701,1751370889022,0,0.0335,0.033452,59.95,ETH-25JUL25-2300-P,2446.95,buy,1.0,1.0,,,,,,1751370889.022
915,ETH-256222849,1751374043270,0,0.0345,0.034502,60.05,ETH-25JUL25-2300-P,2440.46,buy,1.0,1.0,,,,,,1751374043.27
916,ETH-256222864,1751374053677,1,0.0345,0.034492,60.02,ETH-25JUL25-2300-P,2440.24,buy,1.0,1.0,,,,,,1751374053.677
917,ETH-256223819,1751374712041,0,0.035,0.034751,60.33,ETH-25JUL25-2300-P,2438.5,buy,1.0,1.0,,,,,,1751374712.041
918,ETH-256224077,1751374933319,1,0.035,0.034783,60.28,ETH-25JUL25-2300-P,2438.32,buy,7.0,7.0,,,,,,1751374933.319
919,ETH-256226631,1751377414509,0,0.0358,0.035591,60.42,ETH-25JUL25-2300-P,2433.51,buy,500.0,500.0,2.0,BLOCK-208015,,,ETH-PS-25JUL25-2300_2000,1751377414.509
920,ETH-256237003,1751382032483,0,0.038,0.037685,60.64,ETH-25JUL25-2300-P,2419.51,buy,1.0,1.0,,,,,,1751382032.483
921,ETH-256238854,1751382964628,2,0.0379,0.037406,60.72,ETH-25JUL25-2300-P,2420.33,buy,250.0,250.0,1.0,BLOCK-208030,,,,1751382964.628
922,ETH-256246638,1751392749892,2,0.0355,0.035604,60.24,ETH-25JUL25-2300-P,2432.11,sell,1.0,1.0,,,,,,1751392749.892
923,ETH-256250037,1751396325030,0,0.04,0.038772,61.43,ETH-25JUL25-2300-P,2410.3,buy,1.0,1.0,,,,,,1751396325.03
924,ETH-256250093,1751396325682,2,0.0389,0.038772,60.25,ETH-25JUL25-2300-P,2410.3,buy,250.0,250.0,2.0,BLOCK-208045,,,ETH-PS-25JUL25-2300_2000,1751396325.682
925,ETH-256250128,1751396325943,0,0.0393,0.038924,60.08,ETH-25JUL25-2300-P,2406.94,buy,250.0,250.0,1.0,BLOCK-208046,,,,1751396325.943
926,ETH-256257731,1751400670402,2,0.039,0.039516,59.55,ETH-25JUL25-2300-P,2404.86,sell,1.0,1.0,,,,,,1751400670.402
927,ETH-256257866,1751400722572,0,0.0399,0.039609,60.02,ETH-25JUL25-2300-P,2402.07,buy,250.0,250.0,1.0,BLOCK-208049,,,,1751400722.572
928,ETH-256268694,1751411493234,0,0.0415,0.041019,60.33,ETH-25JUL25-2300-P,2393.8,buy,1.0,1.0,,,,,,1751411493.234
929,ETH-256268827,1751411494289,0,0.0416,0.041153,60.13,ETH-25JUL25-2300-P,2392.15,buy,250.0,250.0,1.0,BLOCK-208055,,,,1751411494.289
930,ETH-256275513,1751419060939,0,0.0428,0.041724,59.91,ETH-25JUL25-2300-P,2383.66,buy,250.0,250.0,1.0,BLOCK-208062,,,,1751419060.939
931,ETH-256275613,1751419061441,0,0.0435,0.041724,60.64,ETH-25JUL25-2300-P,2383.66,sell,30.0,30.0,,,,,,1751419061.441
932,ETH-256286587,1751427824259,2,0.035,0.035139,59.53,ETH-25JUL25-2300-P,2428.28,sell,7.0,7.0,,,,,,1751427824.259
934,ETH-256286702,1751428042246,3,0.035,0.035133,59.56,ETH-25JUL25-2300-P,2428.19,sell,4.0,4.0,,,,,,1751428042.246
933,ETH-256286701,1751428042246,3,0.035,0.035133,59.56,ETH-25JUL25-2300-P,2428.19,sell,3.0,3.0,,,,,,1751428042.246
935,ETH-256286852,1751428149196,2,0.0345,0.034617,59.53,ETH-25JUL25-2300-P,2431.25,sell,1.0,1.0,,,,,,1751428149.196
936,ETH-256287006,1751428345335,0,0.035,0.035053,59.58,ETH-25JUL25-2300-P,2428.39,sell,5.0,5.0,,,,,,1751428345.335
937,ETH-256289955,1751433333395,2,0.0325,0.032287,59.43,ETH-25JUL25-2300-P,2444.04,sell,10.0,10.0,,,,,,1751433333.395
938,ETH-256289956,1751433333395,3,0.0325,0.032287,59.43,ETH-25JUL25-2300-P,2444.04,sell,1.0,1.0,,,,,,1751433333.395
939,ETH-256289974,1751433333628,3,0.0325,0.032287,59.43,ETH-25JUL25-2300-P,2444.04,sell,9.0,9.0,,,,,,1751433333.628
940,ETH-256295623,1751440499524,3,0.0325,0.032299,59.64,ETH-25JUL25-2300-P,2445.5,buy,11.0,11.0,,,,,,1751440499.524
941,ETH-256304358,1751451289497,2,0.0315,0.031406,58.99,ETH-25JUL25-2300-P,2447.95,sell,1.0,1.0,,,,,,1751451289.497
942,ETH-256305834,1751454312145,2,0.0305,0.030501,59.2,ETH-25JUL25-2300-P,2455.67,sell,7.0,7.0,,,,,,1751454312.145
944,ETH-256305845,1751454313161,3,0.0305,0.030477,59.22,ETH-25JUL25-2300-P,2455.8,sell,10.0,10.0,,,,,,1751454313.161
943,ETH-256305844,1751454313161,3,0.0305,0.030477,59.22,ETH-25JUL25-2300-P,2455.8,sell,3.0,3.0,,,,,,1751454313.161
945,ETH-256321373,1751468433640,2,0.0285,0.028235,59.7,ETH-25JUL25-2300-P,2473.17,sell,1.0,1.0,,,,,,1751468433.64
946,ETH-256322543,1751469034657,3,0.0285,0.027984,60.15,ETH-25JUL25-2300-P,2476.09,buy,2.0,2.0,,,,,,1751469034.657
947,ETH-256322755,1751469040437,2,0.028,0.027717,59.88,ETH-25JUL25-2300-P,2478.21,sell,10.0,10.0,,,,,,1751469040.437
948,ETH-256324692,1751469110044,2,0.026,0.025988,59.83,ETH-25JUL25-2300-P,2494.13,sell,10.0,10.0,,,,,,1751469110.044
949,ETH-256324693,1751469110044,3,0.026,0.025988,59.83,ETH-25JUL25-2300-P,2494.13,sell,10.0,10.0,,,,,,1751469110.044
950,ETH-256331505,1751471592961,3,0.026,0.025984,60.29,ETH-25JUL25-2300-P,2497.29,sell,1.0,1.0,,,,,,1751471592.961
951,ETH-256336446,1751472531374,2,0.0235,0.023548,60.91,ETH-25JUL25-2300-P,2523.18,sell,10.0,10.0,,,,,,1751472531.374
952,ETH-256342706,1751473439638,2,0.0225,0.02205,62.14,ETH-25JUL25-2300-P,2542.1,buy,1.0,1.0,,,,,,1751473439.638
953,ETH-256349696,1751475444301,2,0.021,0.021259,62.04,ETH-25JUL25-2300-P,2556.77,sell,60.0,60.0,,,,,,1751475444.301
954,ETH-256349697,1751475444310,3,0.021,0.021259,62.04,ETH-25JUL25-2300-P,2556.77,sell,60.0,60.0,,,,,,1751475444.31
955,ETH-256349698,1751475444312,3,0.021,0.021259,62.04,ETH-25JUL25-2300-P,2556.77,sell,5.0,5.0,,,,,,1751475444.312
956,ETH-256354378,1751476621310,2,0.02,0.01998,62.63,ETH-25JUL25-2300-P,2572.4,sell,2.0,2.0,,,,,,1751476621.31
957,ETH-256354955,1751476675904,3,0.02,0.020221,62.33,ETH-25JUL25-2300-P,2570.19,sell,2.0,2.0,,,,,,1751476675.904
958,ETH-256362840,1751478396929,0,0.0225,0.022118,64.47,ETH-25JUL25-2300-P,2560.08,buy,100.0,100.0,,,,,,1751478396.929
959,ETH-256369508,1751482388201,2,0.02,0.020155,64.04,ETH-25JUL25-2300-P,2582.57,buy,100.0,100.0,,,,,,1751482388.201
960,ETH-256370082,1751482820438,0,0.0201,0.02015,64.18,ETH-25JUL25-2300-P,2582.43,sell,150.0,150.0,3.0,BLOCK-208300,,,,1751482820.438
961,ETH-256370701,1751483279261,0,0.021,0.020711,64.66,ETH-25JUL25-2300-P,2576.27,buy,1.0,1.0,,,,,,1751483279.261
962,ETH-256371620,1751484121069,2,0.0205,0.020445,64.39,ETH-25JUL25-2300-P,2579.57,sell,5.0,5.0,,,,,,1751484121.069
963,ETH-256377023,1751486423753,2,0.02,0.0193,66.46,ETH-25JUL25-2300-P,2601.4,sell,1.0,1.0,,,,,,1751486423.753
964,ETH-256377024,1751486423755,3,0.02,0.0193,66.46,ETH-25JUL25-2300-P,2601.4,sell,30.0,30.0,,,,,,1751486423.755
965,ETH-256377515,1751486554852,2,0.0199,0.019984,65.82,ETH-25JUL25-2300-P,2597.52,sell,150.0,150.0,3.0,BLOCK-208307,,,,1751486554.852
966,ETH-256377954,1751486640454,0,0.0205,0.019989,67.23,ETH-25JUL25-2300-P,2601.71,sell,1.0,1.0,,,,,,1751486640.454
967,ETH-256377964,1751486640535,1,0.0205,0.019989,67.23,ETH-25JUL25-2300-P,2601.71,sell,209.0,209.0,,,,,,1751486640.535
968,ETH-256377969,1751486640655,1,0.0205,0.019989,67.23,ETH-25JUL25-2300-P,2601.71,sell,153.0,153.0,,,,,,1751486640.655
969,ETH-256377976,1751486641188,1,0.0205,0.019982,67.28,ETH-25JUL25-2300-P,2602.2,sell,185.0,185.0,,,,,,1751486641.188
970,ETH-256378624,1751486703904,0,0.021,0.020642,67.68,ETH-25JUL25-2300-P,2600.23,sell,196.0,196.0,,,,,,1751486703.904
971,ETH-256378636,1751486704798,1,0.021,0.020683,67.66,ETH-25JUL25-2300-P,2600.02,sell,5.0,5.0,,,,,,1751486704.798
972,ETH-256379064,1751486758750,0,0.0215,0.0212,68.14,ETH-25JUL25-2300-P,2598.4,sell,102.0,102.0,,,,,,1751486758.75
973,ETH-256379178,1751486764519,1,0.0215,0.021295,68.07,ETH-25JUL25-2300-P,2597.93,sell,79.0,79.0,,,,,,1751486764.519
974,ETH-256383191,1751488714061,2,0.021,0.020706,67.67,ETH-25JUL25-2300-P,2600.0,sell,145.0,145.0,,,,,,1751488714.061
975,ETH-256383192,1751488714159,3,0.021,0.020706,67.67,ETH-25JUL25-2300-P,2600.0,sell,30.0,30.0,,,,,,1751488714.159
976,ETH-256383193,1751488714160,3,0.021,0.020706,67.67,ETH-25JUL25-2300-P,2600.0,sell,28.0,28.0,,,,,,1751488714.16
977,ETH-256383194,1751488714171,3,0.021,0.020706,67.67,ETH-25JUL25-2300-P,2600.0,sell,1.0,1.0,,,,,,1751488714.171
978,ETH-256383195,1751488714286,3,0.021,0.020706,67.67,ETH-25JUL25-2300-P,2600.0,sell,1.0,1.0,,,,,,1751488714.286
979,ETH-256383196,1751488714337,3,0.021,0.020706,67.67,ETH-25JUL25-2300-P,2600.0,sell,2.0,2.0,,,,,,1751488714.337
980,ETH-256383197,1751488714399,3,0.021,0.020706,67.67,ETH-25JUL25-2300-P,2600.0,sell,1.0,1.0,,,,,,1751488714.399
981,ETH-256383198,1751488714454,3,0.021,0.020706,67.67,ETH-25JUL25-2300-P,2600.0,sell,2.0,2.0,,,,,,1751488714.454
982,ETH-256383199,1751488714461,3,0.021,0.020706,67.67,ETH-25JUL25-2300-P,2600.0,sell,1.0,1.0,,,,,,1751488714.461
983,ETH-256383200,1751488714485,3,0.021,0.020706,67.67,ETH-25JUL25-2300-P,2600.0,sell,2.0,2.0,,,,,,1751488714.485
984,ETH-256383201,1751488714493,3,0.021,0.020706,67.67,ETH-25JUL25-2300-P,2600.0,sell,1.0,1.0,,,,,,1751488714.493
985,ETH-256383202,1751488714498,3,0.021,0.020706,67.67,ETH-25JUL25-2300-P,2600.0,sell,1.0,1.0,,,,,,1751488714.498
986,ETH-256383203,1751488714503,3,0.021,0.020706,67.67,ETH-25JUL25-2300-P,2600.0,sell,1.0,1.0,,,,,,1751488714.503
987,ETH-256383214,1751488715753,3,0.021,0.020707,67.66,ETH-25JUL25-2300-P,2599.93,sell,3.0,3.0,,,,,,1751488715.753
988,ETH-256383215,1751488715757,3,0.021,0.020707,67.66,ETH-25JUL25-2300-P,2599.93,sell,2.0,2.0,,,,,,1751488715.757
989,ETH-256383216,1751488715917,3,0.021,0.020707,67.66,ETH-25JUL25-2300-P,2599.93,sell,1.0,1.0,,,,,,1751488715.917
990,ETH-256383217,1751488715922,3,0.021,0.020707,67.66,ETH-25JUL25-2300-P,2599.93,sell,1.0,1.0,,,,,,1751488715.922
991,ETH-256383218,1751488715928,3,0.021,0.020707,67.66,ETH-25JUL25-2300-P,2599.93,sell,1.0,1.0,,,,,,1751488715.928
992,ETH-256383219,1751488715961,3,0.021,0.020707,67.66,ETH-25JUL25-2300-P,2599.93,sell,1.0,1.0,,,,,,1751488715.961
993,ETH-256383220,1751488715966,3,0.021,0.020707,67.66,ETH-25JUL25-2300-P,2599.93,sell,1.0,1.0,,,,,,1751488715.966
994,ETH-256383221,1751488715975,3,0.021,0.020707,67.66,ETH-25JUL25-2300-P,2599.93,sell,1.0,1.0,,,,,,1751488715.975
995,ETH-256383231,1751488716154,3,0.021,0.020725,67.69,ETH-25JUL25-2300-P,2600.16,sell,2.0,2.0,,,,,,1751488716.154
996,ETH-256383232,1751488716160,3,0.021,0.020725,67.69,ETH-25JUL25-2300-P,2600.16,sell,1.0,1.0,,,,,,1751488716.16
997,ETH-256383233,1751488716164,3,0.021,0.020725,67.69,ETH-25JUL25-2300-P,2600.16,sell,1.0,1.0,,,,,,1751488716.164
998,ETH-256383235,1751488717191,3,0.021,0.020741,67.72,ETH-25JUL25-2300-P,2600.37,sell,1.0,1.0,,,,,,1751488717.191
999,ETH-256383237,1751488717540,3,0.021,0.020741,67.72,ETH-25JUL25-2300-P,2600.37,sell,1.0,1.0,,,,,,1751488717.54
1000,ETH-256383800,1751488950059,0,0.0215,0.021,68.91,ETH-25JUL25-2300-P,2604.09,sell,83.0,83.0,,,,,,1751488950.059
1001,ETH-256383804,1751488950150,1,0.0215,0.021,68.91,ETH-25JUL25-2300-P,2604.09,sell,90.0,90.0,,,,,,1751488950.15
1002,ETH-256383846,1751488954231,1,0.0215,0.02101,68.86,ETH-25JUL25-2300-P,2603.67,sell,86.0,86.0,,,,,,1751488954.231
1003,ETH-256383854,1751488956143,1,0.0215,0.021039,68.82,ETH-25JUL25-2300-P,2603.4,sell,132.0,132.0,,,,,,1751488956.143
1004,ETH-256383889,1751488962580,1,0.0215,0.021133,68.87,ETH-25JUL25-2300-P,2603.93,sell,141.0,141.0,,,,,,1751488962.58
1005,ETH-256383920,1751488964063,1,0.0215,0.021146,68.89,ETH-25JUL25-2300-P,2604.09,sell,132.0,132.0,,,,,,1751488964.063
1006,ETH-256383921,1751488964253,1,0.0215,0.021154,68.95,ETH-25JUL25-2300-P,2604.56,sell,29.0,29.0,,,,,,1751488964.253
1007,ETH-256383922,1751488964293,1,0.0215,0.021154,68.95,ETH-25JUL25-2300-P,2604.56,sell,2.0,2.0,,,,,,1751488964.293
1008,ETH-256383923,1751488964340,1,0.0215,0.021154,68.95,ETH-25JUL25-2300-P,2604.56,sell,1.0,1.0,,,,,,1751488964.34
1009,ETH-256383934,1751488965241,1,0.0215,0.021149,68.98,ETH-25JUL25-2300-P,2604.82,sell,2.0,2.0,,,,,,1751488965.241
1010,ETH-256383953,1751488968080,1,0.0215,0.02111,68.99,ETH-25JUL25-2300-P,2604.92,sell,108.0,108.0,,,,,,1751488968.08
1011,ETH-256383964,1751488968164,1,0.0215,0.02111,68.99,ETH-25JUL25-2300-P,2604.92,sell,1.0,1.0,,,,,,1751488968.164
1012,ETH-256384039,1751488971537,1,0.0215,0.02111,69.05,ETH-25JUL25-2300-P,2605.44,sell,128.0,128.0,,,,,,1751488971.537
1014,ETH-256387896,1751492207491,1,0.0215,0.021826,67.44,ETH-25JUL25-2300-P,2591.93,sell,1.0,1.0,,,,,,1751492207.491
1013,ETH-256387895,1751492207491,1,0.0215,0.021826,67.44,ETH-25JUL25-2300-P,2591.93,sell,96.0,96.0,,,,,,1751492207.491
1016,ETH-256399315,1751499667379,1,0.0225,0.022277,67.54,ETH-25JUL25-2300-P,2581.57,buy,66.0,66.0,,,,,,1751499667.379
1015,ETH-256399314,1751499667379,0,0.0225,0.022277,67.54,ETH-25JUL25-2300-P,2581.57,buy,17.0,17.0,,,,,,1751499667.379
1017,ETH-256399316,1751499667382,1,0.0225,0.022277,67.54,ETH-25JUL25-2300-P,2581.57,sell,17.0,17.0,,,,,,1751499667.382
1018,ETH-256399699,1751499983386,2,0.022,0.022454,66.54,ETH-25JUL25-2300-P,2578.96,sell,1.0,1.0,,,,,,1751499983.386
1019,ETH-256400740,1751500832165,0,0.0225,0.022747,66.74,ETH-25JUL25-2300-P,2575.06,sell,1.0,1.0,,,,,,1751500832.165
1020,ETH-256401619,1751501742219,1,0.0225,0.022786,66.95,ETH-25JUL25-2300-P,2576.64,sell,66.0,66.0,,,,,,1751501742.219
1021,ETH-256401620,1751501742219,1,0.0225,0.022786,66.95,ETH-25JUL25-2300-P,2576.64,sell,67.0,67.0,,,,,,1751501742.219
1022,ETH-256403641,1751504432568,1,0.0225,0.022216,66.66,ETH-25JUL25-2300-P,2573.56,buy,1.0,1.0,,,,,,1751504432.568
1023,ETH-256406264,1751508032878,2,0.021,0.021463,65.64,ETH-25JUL25-2300-P,2581.4,sell,1.0,1.0,,,,,,1751508032.878
1024,ETH-256408983,1751511632747,0,0.0225,0.022227,66.06,ETH-25JUL25-2300-P,2568.45,buy,1.0,1.0,,,,,,1751511632.747
1025,ETH-256409663,1751513332534,2,0.0219,0.021728,65.63,ETH-25JUL25-2300-P,2571.03,buy,40.0,40.0,,,,ETH-256409662,ETH-PBUT-25JUL25-1900_2100_2300,1751513332.534
1026,ETH-256410156,1751514046936,3,0.0219,0.021767,65.54,ETH-25JUL25-2300-P,2569.91,sell,10.0,10.0,,,,ETH-256410155,ETH-PBUT-25JUL25-1900_2100_2300,1751514046.936
1027,ETH-256413202,1751519363736,0,0.0223,0.02173,66.45,ETH-25JUL25-2300-P,2572.3,buy,244.0,244.0,2.0,BLOCK-208372,,,ETH-PS-25JUL25-2500_2300,1751519363.736
1028,ETH-256414857,1751520797201,2,0.0212,0.020218,67.13,ETH-25JUL25-2300-P,2588.74,buy,128.0,128.0,2.0,BLOCK-208383,,,ETH-PS-25JUL25-2500_2300,1751520797.201
1029,ETH-256414889,1751520800466,3,0.0212,0.0201,67.32,ETH-25JUL25-2300-P,2590.25,buy,172.0,172.0,2.0,BLOCK-208384,,,ETH-PS-25JUL25-2500_2300,1751520800.466
1030,ETH-256416228,1751521478996,2,0.021,0.02056,66.71,ETH-25JUL25-2300-P,2587.93,buy,50.0,50.0,,,,,,1751521478.996
1031,ETH-256417516,1751522853066,2,0.0206,0.020007,67.0,ETH-25JUL25-2300-P,2593.99,buy,129.0,129.0,2.0,BLOCK-208388,,,ETH-PS-25JUL25-2500_2300,1751522853.066
1032,ETH-256418947,1751524603940,2,0.0202,0.020001,66.46,ETH-25JUL25-2300-P,2594.47,buy,40.0,40.0,,,,ETH-256418945,ETH-PBUT-25JUL25-1900_2100_2300,1751524603.94
1033,ETH-256419000,1751524664175,2,0.02,0.01989,66.48,ETH-25JUL25-2300-P,2596.45,sell,10.0,10.0,,,,ETH-256418997,ETH-PBUT-25JUL25-1900_2100_2300,1751524664.175
1034,ETH-256421045,1751526894710,0,0.0202,0.020012,66.43,ETH-25JUL25-2300-P,2593.61,buy,125.0,125.0,4.0,BLOCK-208410,,,ETH-IBUT-25JUL25-2300_2600_2900,1751526894.71
1035,ETH-256422858,1751528470484,2,0.0193,0.019283,66.12,ETH-25JUL25-2300-P,2602.17,buy,150.0,150.0,4.0,BLOCK-208418,,,ETH-IBUT-25JUL25-2300_2600_2900,1751528470.484
1036,ETH-256427087,1751531248401,0,0.0196,0.019525,66.35,ETH-25JUL25-2300-P,2599.84,buy,1.0,1.0,,,,ETH-256427085,ETH-PBUT-25JUL25-1900_2100_2300,1751531248.401
1038,ETH-256427115,1751531281309,3,0.0195,0.019622,66.04,ETH-25JUL25-2300-P,2598.64,sell,1.0,1.0,,,,,,1751531281.309
1037,ETH-256427114,1751531281309,2,0.0195,0.019622,66.04,ETH-25JUL25-2300-P,2598.64,sell,1.0,1.0,,,,,,1751531281.309
1040,ETH-256429897,1751533261711,1,0.02,0.020185,65.66,ETH-25JUL25-2300-P,2589.7,sell,1.0,1.0,,,,,,1751533261.711
1039,ETH-256429896,1751533261711,0,0.02,0.020185,65.66,ETH-25JUL25-2300-P,2589.7,sell,1.0,1.0,,,,,,1751533261.711
1041,ETH-256429898,1751533261711,1,0.02,0.020185,65.66,ETH-25JUL25-2300-P,2589.7,sell,20.0,20.0,,,,,,1751533261.711
1042,ETH-256432373,1751534885988,2,0.019,0.01899,66.1,ETH-25JUL25-2300-P,2603.82,sell,1.0,1.0,,,,,,1751534885.988
1043,ETH-256436205,1751536154143,0,0.02,0.020206,66.56,ETH-25JUL25-2300-P,2595.34,sell,1.0,1.0,,,,,,1751536154.143
1044,ETH-256436206,1751536154143,1,0.02,0.020206,66.56,ETH-25JUL25-2300-P,2595.34,sell,1.0,1.0,,,,,,1751536154.143
1046,ETH-256440347,1751537980706,1,0.0205,0.020508,66.83,ETH-25JUL25-2300-P,2591.98,sell,1.0,1.0,,,,,,1751537980.706
1045,ETH-256440346,1751537980706,0,0.0205,0.020508,66.83,ETH-25JUL25-2300-P,2591.98,sell,1.0,1.0,,,,,,1751537980.706
