trade_seq,trade_id,timestamp,tick_direction,price,mark_price,iv,instrument_name,index_price,direction,contracts,amount,liquidation,unix_sec
245,ETH-252297299,1748682902702,0,0.0013,0.001328,109.89,ETH-25JUL25-1000-P,2526.55,buy,1.0,1.0,,1748682902.702
246,ETH-252297319,1748682923418,1,0.0013,0.00133,109.87,ETH-25JUL25-1000-P,2526.31,buy,1.0,1.0,,1748682923.418
247,ETH-252297331,1748682931839,1,0.0013,0.001331,109.86,ETH-25JUL25-1000-P,2525.95,buy,1.0,1.0,,1748682931.839
248,ETH-252297332,1748682935777,1,0.0013,0.00133,109.86,ETH-25JUL25-1000-P,2526.01,buy,1.0,1.0,,1748682935.777
249,ETH-252338933,1748709230140,2,0.0012,0.001233,109.89,ETH-25JUL25-1000-P,2547.95,buy,1.0,1.0,,1748709230.14
250,ETH-252338936,1748709242643,3,0.0012,0.001233,109.91,ETH-25JUL25-1000-P,2548.2,buy,1.0,1.0,,1748709242.643
251,ETH-252338937,1748709245384,3,0.0012,0.001232,109.9,ETH-25JUL25-1000-P,2548.14,buy,1.0,1.0,,1748709245.384
252,ETH-252338938,1748709247912,3,0.0012,0.001232,109.91,ETH-25JUL25-1000-P,2548.23,buy,1.0,1.0,,1748709247.912
253,ETH-252338959,1748709250599,3,0.0012,0.001232,109.88,ETH-25JUL25-1000-P,2547.66,buy,1.0,1.0,,1748709250.599
254,ETH-252338960,1748709253128,3,0.0012,0.001235,109.87,ETH-25JUL25-1000-P,2547.44,buy,1.0,1.0,,1748709253.128
255,ETH-252338962,1748709255748,3,0.0012,0.001234,109.88,ETH-25JUL25-1000-P,2547.5,buy,1.0,1.0,,1748709255.748
256,ETH-252338963,1748709258289,3,0.0012,0.001234,109.88,ETH-25JUL25-1000-P,2547.5,buy,1.0,1.0,,1748709258.289
257,ETH-252340737,1748711372248,0,0.0013,0.001233,110.69,ETH-25JUL25-1000-P,2538.1,buy,1.0,1.0,,1748711372.248
258,ETH-252360695,1748733502526,0,0.0014,0.001251,112.32,ETH-25JUL25-1000-P,2542.79,buy,1.0,1.0,,1748733502.526
259,ETH-252361784,1748735199068,0,0.0016,0.001446,113.95,ETH-25JUL25-1000-P,2530.04,buy,1.0,1.0,,1748735199.068
260,ETH-252499509,1748852487614,2,0.0013,0.001373,110.88,ETH-25JUL25-1000-P,2505.45,buy,1.0,1.0,,1748852487.614
261,ETH-252499510,1748852490572,3,0.0013,0.001374,110.88,ETH-25JUL25-1000-P,2505.28,buy,1.0,1.0,,1748852490.572
262,ETH-252499511,1748852490582,0,0.0014,0.001374,112.03,ETH-25JUL25-1000-P,2505.28,buy,1.0,1.0,,1748852490.582
263,ETH-252499517,1748852493860,2,0.0013,0.001374,110.88,ETH-25JUL25-1000-P,2505.44,buy,1.0,1.0,,1748852493.86
264,ETH-252499536,1748852507924,3,0.0013,0.001371,110.91,ETH-25JUL25-1000-P,2505.97,buy,1.0,1.0,,1748852507.924
265,ETH-252499537,1748852511962,3,0.0013,0.001372,110.91,ETH-25JUL25-1000-P,2505.91,buy,1.0,1.0,,1748852511.962
266,ETH-252502193,1748854306231,0,0.0014,0.001359,111.67,ETH-25JUL25-1000-P,2497.08,buy,1.0,1.0,,1748854306.231
267,ETH-252515227,1748863932364,2,0.0013,0.001386,110.17,ETH-25JUL25-1000-P,2485.68,buy,2.0,2.0,,1748863932.364
268,ETH-252636585,1748936286297,2,0.0012,0.001224,115.45,ETH-25JUL25-1000-P,2615.99,buy,1.0,1.0,,1748936286.297
269,ETH-252646581,1748944177184,2,0.0011,0.001126,114.23,ETH-25JUL25-1000-P,2617.12,buy,282.0,282.0,,1748944177.184
270,ETH-252646582,1748944177189,3,0.0011,0.001126,114.23,ETH-25JUL25-1000-P,2617.12,buy,1.0,1.0,,1748944177.189
271,ETH-252647978,1748945871145,2,0.0009,0.000961,111.32,ETH-25JUL25-1000-P,2618.28,buy,283.0,283.0,,1748945871.145
272,ETH-252647979,1748945871155,3,0.0009,0.000961,111.32,ETH-25JUL25-1000-P,2618.28,buy,1.0,1.0,,1748945871.155
273,ETH-252649137,1748947659754,3,0.0009,0.000813,111.21,ETH-25JUL25-1000-P,2615.32,buy,433.0,433.0,,1748947659.754
274,ETH-252747766,1749038574358,3,0.0009,0.001028,112.82,ETH-25JUL25-1000-P,2626.74,sell,3.0,3.0,,1749038574.358
275,ETH-252751121,1749040578478,2,0.0008,0.000983,110.99,ETH-25JUL25-1000-P,2623.0,sell,5.0,5.0,,1749040578.478
276,ETH-252751263,1749040656560,0,0.001,0.000977,114.29,ETH-25JUL25-1000-P,2624.26,buy,3.0,3.0,,1749040656.56
277,ETH-253079754,1749206532528,0,0.0013,0.001126,114.21,ETH-25JUL25-1000-P,2483.53,buy,1.0,1.0,,1749206532.528
278,ETH-253079761,1749206534820,1,0.0013,0.001128,114.17,ETH-25JUL25-1000-P,2482.69,buy,1.0,1.0,,1749206534.82
279,ETH-253079787,1749206555361,1,0.0013,0.001134,114.13,ETH-25JUL25-1000-P,2481.68,buy,3.0,3.0,,1749206555.361
280,ETH-253079813,1749206586807,1,0.0013,0.001132,114.16,ETH-25JUL25-1000-P,2482.15,buy,2.0,2.0,,1749206586.807
281,ETH-253079835,1749206622541,1,0.0013,0.00113,114.18,ETH-25JUL25-1000-P,2482.62,buy,2.0,2.0,,1749206622.541
282,ETH-253103465,1749221102022,2,0.0012,0.001102,114.82,ETH-25JUL25-1000-P,2520.27,sell,1.0,1.0,,1749221102.022
283,ETH-253135485,1749259043087,2,0.0011,0.001119,112.04,ETH-25JUL25-1000-P,2478.06,sell,1.0,1.0,,1749259043.087
284,ETH-253135497,1749259070145,2,0.001,0.001117,110.65,ETH-25JUL25-1000-P,2478.53,sell,4.0,4.0,,1749259070.145
285,ETH-253135595,1749259376532,3,0.001,0.001131,110.54,ETH-25JUL25-1000-P,2476.1,sell,5.0,5.0,,1749259376.532
286,ETH-253852411,1749747049283,2,0.0006,0.000731,121.79,ETH-25JUL25-1000-P,2740.81,sell,5.0,5.0,,1749747049.283
287,ETH-253992758,1749775962458,0,0.0009,0.000908,118.35,ETH-25JUL25-1000-P,2517.71,buy,10.0,10.0,,1749775962.458
288,ETH-254102604,1749798627833,0,0.0012,0.001183,123.69,ETH-25JUL25-1000-P,2524.07,buy,3.0,3.0,,1749798627.833
290,ETH-254277888,1749919634317,1,0.0015,0.001312,128.86,ETH-25JUL25-1000-P,2506.05,buy,10.0,10.0,,1749919634.317
289,ETH-254277887,1749919634317,0,0.0015,0.001312,128.86,ETH-25JUL25-1000-P,2506.05,buy,1.0,1.0,,1749919634.317
291,ETH-254277889,1749919634319,1,0.0015,0.001312,128.86,ETH-25JUL25-1000-P,2506.05,sell,289.0,289.0,,1749919634.319
292,ETH-254638530,1750177924830,2,0.0012,0.001243,128.43,ETH-25JUL25-1000-P,2481.73,buy,5.0,5.0,,1750177924.83
293,ETH-254699856,1750226664829,2,0.0011,0.000994,130.71,ETH-25JUL25-1000-P,2535.13,sell,1.0,1.0,,1750226664.829
294,ETH-254699864,1750226693387,2,0.001,0.000994,129.06,ETH-25JUL25-1000-P,2535.17,sell,1.0,1.0,,1750226693.387
295,ETH-254721953,1750247601402,2,0.0008,0.000969,124.7,ETH-25JUL25-1000-P,2514.29,sell,2.0,2.0,,1750247601.402
296,ETH-254721960,1750247604169,3,0.0008,0.000969,124.72,ETH-25JUL25-1000-P,2514.7,sell,2.0,2.0,,1750247604.169
297,ETH-254721962,1750247607043,3,0.0008,0.000968,124.73,ETH-25JUL25-1000-P,2514.83,sell,2.0,2.0,,1750247607.043
298,ETH-254722530,1750248302734,0,0.0009,0.000965,126.36,ETH-25JUL25-1000-P,2509.25,buy,2.0,2.0,,1750248302.734
299,ETH-254725655,1750250867742,0,0.001,0.001049,127.54,ETH-25JUL25-1000-P,2497.01,buy,1.0,1.0,,1750250867.742
300,ETH-254765305,1750267910975,1,0.001,0.001124,126.82,ETH-25JUL25-1000-P,2476.56,sell,2.0,2.0,,1750267910.975
301,ETH-254781097,1750273946956,1,0.001,0.001123,127.49,ETH-25JUL25-1000-P,2487.59,sell,3.0,3.0,,1750273946.956
302,ETH-254788712,1750279066625,1,0.001,0.001082,128.72,ETH-25JUL25-1000-P,2509.33,sell,157.0,157.0,,1750279066.625
304,ETH-254894759,1750407467574,3,0.0006,0.000798,125.87,ETH-25JUL25-1000-P,2563.65,sell,160.0,160.0,,1750407467.574
303,ETH-254894758,1750407467574,2,0.0006,0.000798,125.87,ETH-25JUL25-1000-P,2563.65,sell,8.0,8.0,,1750407467.574
305,ETH-254894760,1750407467574,3,0.0006,0.000798,125.87,ETH-25JUL25-1000-P,2563.65,sell,23.0,23.0,,1750407467.574
306,ETH-254894772,1750407473670,3,0.0006,0.000789,125.83,ETH-25JUL25-1000-P,2562.96,buy,100.0,100.0,,1750407473.67
307,ETH-254894789,1750407478403,3,0.0006,0.000788,125.86,ETH-25JUL25-1000-P,2563.5,buy,100.0,100.0,,1750407478.403
308,ETH-254920955,1750428518363,3,0.0006,0.000767,124.83,ETH-25JUL25-1000-P,2534.96,sell,3.0,3.0,,1750428518.363
309,ETH-254933447,1750433971091,0,0.0007,0.000825,125.66,ETH-25JUL25-1000-P,2501.88,sell,125.0,125.0,,1750433971.091
310,ETH-254976085,1750448038301,0,0.0008,0.000833,123.42,ETH-25JUL25-1000-P,2413.61,buy,1.0,1.0,,1750448038.301
311,ETH-255002714,1750482233335,2,0.0007,0.000803,122.51,ETH-25JUL25-1000-P,2422.18,buy,1.0,1.0,,1750482233.335
312,ETH-255002768,1750482433975,3,0.0007,0.000802,122.56,ETH-25JUL25-1000-P,2423.19,buy,1.0,1.0,,1750482433.975
313,ETH-255002769,1750482438469,3,0.0007,0.000802,122.56,ETH-25JUL25-1000-P,2423.16,buy,1.0,1.0,,1750482438.469
314,ETH-255002771,1750482443447,3,0.0007,0.000802,122.55,ETH-25JUL25-1000-P,2422.99,buy,1.0,1.0,,1750482443.447
315,ETH-255002782,1750482486966,3,0.0007,0.000802,122.57,ETH-25JUL25-1000-P,2423.21,buy,1.0,1.0,,1750482486.966
316,ETH-255005369,1750490048349,3,0.0007,0.000696,122.63,ETH-25JUL25-1000-P,2421.92,buy,1.0,1.0,,1750490048.349
317,ETH-255009240,1750494948372,0,0.0008,0.000692,125.17,ETH-25JUL25-1000-P,2429.37,buy,1.0,1.0,,1750494948.372
318,ETH-255032964,1750525034814,2,0.0006,0.000665,120.96,ETH-25JUL25-1000-P,2420.74,buy,1.0,1.0,,1750525034.814
319,ETH-255046145,1750536781913,3,0.0006,0.000626,119.68,ETH-25JUL25-1000-P,2391.52,buy,1.0,1.0,,1750536781.913
320,ETH-255046147,1750536786841,3,0.0006,0.000624,119.68,ETH-25JUL25-1000-P,2391.5,buy,1.0,1.0,,1750536786.841
321,ETH-255046148,1750536791570,3,0.0006,0.000622,119.68,ETH-25JUL25-1000-P,2391.5,buy,1.0,1.0,,1750536791.57
322,ETH-255046150,1750536796812,3,0.0006,0.000621,119.68,ETH-25JUL25-1000-P,2391.5,buy,1.0,1.0,,1750536796.812
323,ETH-255046199,1750536804108,3,0.0006,0.000617,119.74,ETH-25JUL25-1000-P,2392.59,buy,1.0,1.0,,1750536804.108
324,ETH-255050953,1750541088623,0,0.0007,0.000792,120.07,ETH-25JUL25-1000-P,2357.04,buy,1.0,1.0,,1750541088.623
325,ETH-255051750,1750541098002,0,0.0008,0.000894,119.84,ETH-25JUL25-1000-P,2318.44,buy,1.0,1.0,,1750541098.002
326,ETH-255098654,1750548892014,1,0.0008,0.000955,115.89,ETH-25JUL25-1000-P,2245.35,buy,1.0,1.0,,1750548892.014
327,ETH-255103704,1750549542471,1,0.0008,0.000933,115.49,ETH-25JUL25-1000-P,2237.9,buy,1.0,1.0,,1750549542.471
328,ETH-255168844,1750574582013,2,0.0007,0.000819,117.02,ETH-25JUL25-1000-P,2288.75,buy,1.0,1.0,,1750574582.013
329,ETH-255184788,1750584742443,0,0.0008,0.000796,117.4,ETH-25JUL25-1000-P,2259.14,buy,1.0,1.0,,1750584742.443
330,ETH-255184897,1750584783381,0,0.0009,0.000805,118.97,ETH-25JUL25-1000-P,2255.19,buy,1.0,1.0,,1750584783.381
331,ETH-255192091,1750587085611,1,0.0009,0.000688,118.86,ETH-25JUL25-1000-P,2252.64,buy,4.0,4.0,,1750587085.611
332,ETH-255229404,1750602063738,0,0.0013,0.001126,120.4,ETH-25JUL25-1000-P,2176.89,buy,1.0,1.0,T,1750602063.738
333,ETH-255229405,1750602063740,1,0.0013,0.001126,120.4,ETH-25JUL25-1000-P,2176.89,sell,249.0,249.0,M,1750602063.74
334,ETH-255229765,1750602091115,0,0.0014,0.00117,121.16,ETH-25JUL25-1000-P,2169.05,buy,250.0,250.0,T,1750602091.115
335,ETH-255230311,1750602152363,1,0.0014,0.001192,120.87,ETH-25JUL25-1000-P,2164.12,buy,250.0,250.0,T,1750602152.363
336,ETH-255232327,1750602271536,2,0.0013,0.00122,119.29,ETH-25JUL25-1000-P,2159.78,sell,250.0,250.0,M,1750602271.536
337,ETH-255233367,1750602398399,3,0.0013,0.001213,119.3,ETH-25JUL25-1000-P,2159.87,sell,250.0,250.0,M,1750602398.399
338,ETH-255236028,1750602679513,2,0.0008,0.001052,113.13,ETH-25JUL25-1000-P,2182.06,sell,6.0,6.0,,1750602679.513
339,ETH-255257196,1750609570110,0,0.0013,0.001119,120.69,ETH-25JUL25-1000-P,2179.4,sell,11.0,11.0,,1750609570.11
340,ETH-255257197,1750609570111,1,0.0013,0.001119,120.69,ETH-25JUL25-1000-P,2179.4,sell,139.0,139.0,,1750609570.111
341,ETH-255266392,1750614418921,2,0.0009,0.001012,116.47,ETH-25JUL25-1000-P,2204.27,sell,100.0,100.0,,1750614418.921
342,ETH-255274617,1750620807643,0,0.0011,0.00107,118.92,ETH-25JUL25-1000-P,2190.88,sell,1.0,1.0,,1750620807.643
343,ETH-255279137,1750622981196,0,0.0017,0.001289,123.28,ETH-25JUL25-1000-P,2142.83,buy,250.0,250.0,T,1750622981.196
344,ETH-255280253,1750622986405,2,0.0016,0.001367,120.91,ETH-25JUL25-1000-P,2124.51,sell,250.0,250.0,M,1750622986.405
345,ETH-255283824,1750623164611,2,0.0015,0.001433,120.96,ETH-25JUL25-1000-P,2141.17,sell,100.0,100.0,,1750623164.611
346,ETH-255283829,1750623167892,3,0.0015,0.00144,120.89,ETH-25JUL25-1000-P,2140.19,sell,100.0,100.0,,1750623167.892
347,ETH-255285302,1750623318176,2,0.0013,0.001445,118.46,ETH-25JUL25-1000-P,2140.66,sell,100.0,100.0,,1750623318.176
348,ETH-255292594,1750624760915,2,0.0011,0.001214,117.19,ETH-25JUL25-1000-P,2161.89,sell,100.0,100.0,,1750624760.915
349,ETH-255297915,1750627754173,3,0.0011,0.001102,118.49,ETH-25JUL25-1000-P,2181.65,sell,1.0,1.0,,1750627754.173
350,ETH-255307076,1750630654352,2,0.0008,0.00092,116.06,ETH-25JUL25-1000-P,2220.78,sell,100.0,100.0,,1750630654.352
351,ETH-255354087,1750667693847,0,0.0009,0.000692,120.98,ETH-25JUL25-1000-P,2259.49,buy,1.0,1.0,,1750667693.847
352,ETH-255567297,1750748461826,2,0.0005,0.00047,123.26,ETH-25JUL25-1000-P,2425.39,buy,1.0,1.0,,1750748461.826
353,ETH-255567316,1750748476583,3,0.0005,0.000469,123.21,ETH-25JUL25-1000-P,2424.37,buy,3.0,3.0,,1750748476.583
354,ETH-255567410,1750748525031,3,0.0005,0.000469,123.17,ETH-25JUL25-1000-P,2423.55,buy,100.0,100.0,,1750748525.031
355,ETH-255567424,1750748536541,3,0.0005,0.000468,123.18,ETH-25JUL25-1000-P,2423.83,buy,200.0,200.0,,1750748536.541
356,ETH-255568734,1750749465344,3,0.0005,0.000442,123.37,ETH-25JUL25-1000-P,2426.43,buy,357.0,357.0,,1750749465.344
357,ETH-255630041,1750775154955,3,0.0005,0.00062,124.54,ETH-25JUL25-1000-P,2437.41,sell,100.0,100.0,,1750775154.955
358,ETH-255630054,1750775157642,3,0.0005,0.000617,124.54,ETH-25JUL25-1000-P,2437.33,sell,53.0,53.0,,1750775157.642
359,ETH-255630055,1750775157647,3,0.0005,0.000617,124.54,ETH-25JUL25-1000-P,2437.33,buy,47.0,47.0,,1750775157.647
360,ETH-255630081,1750775160718,3,0.0005,0.000606,124.55,ETH-25JUL25-1000-P,2437.55,buy,100.0,100.0,,1750775160.718
361,ETH-255630115,1750775162810,3,0.0005,0.000598,124.56,ETH-25JUL25-1000-P,2437.78,buy,100.0,100.0,,1750775162.81
362,ETH-255707769,1750833828485,0,0.0006,0.000427,129.04,ETH-25JUL25-1000-P,2443.15,buy,100.0,100.0,,1750833828.485
363,ETH-255875408,1750963040799,2,0.0003,0.000423,121.45,ETH-25JUL25-1000-P,2427.23,sell,5.0,5.0,,1750963040.799
364,ETH-255875412,1750963047650,3,0.0003,0.000424,121.39,ETH-25JUL25-1000-P,2426.22,sell,3.0,3.0,,1750963047.65
365,ETH-255887423,1750973664953,0,0.0004,0.000453,124.36,ETH-25JUL25-1000-P,2405.09,buy,1.0,1.0,,1750973664.953
366,ETH-255927229,1751005036590,2,0.0003,0.000424,123.42,ETH-25JUL25-1000-P,2445.37,sell,3.0,3.0,,1751005036.59
367,ETH-255927235,1751005038696,3,0.0003,0.000423,123.43,ETH-25JUL25-1000-P,2445.53,sell,3.0,3.0,,1751005038.696
369,ETH-255927246,1751005040711,3,0.0003,0.000422,123.43,ETH-25JUL25-1000-P,2445.69,sell,2.0,2.0,,1751005040.711
368,ETH-255927245,1751005040711,3,0.0003,0.000422,123.43,ETH-25JUL25-1000-P,2445.69,sell,1.0,1.0,,1751005040.711
370,ETH-255927264,1751005050241,3,0.0003,0.000419,123.46,ETH-25JUL25-1000-P,2446.06,sell,3.0,3.0,,1751005050.241
371,ETH-255927265,1751005052276,3,0.0003,0.000419,123.46,ETH-25JUL25-1000-P,2446.1,sell,3.0,3.0,,1751005052.276
372,ETH-255927266,1751005054576,3,0.0003,0.000418,123.47,ETH-25JUL25-1000-P,2446.14,buy,3.0,3.0,,1751005054.576
373,ETH-255948874,1751013189303,3,0.0003,0.000429,123.35,ETH-25JUL25-1000-P,2440.66,sell,200.0,200.0,,1751013189.303
374,ETH-255949994,1751013529266,3,0.0003,0.000262,123.85,ETH-25JUL25-1000-P,2449.61,buy,100.0,100.0,,1751013529.266
375,ETH-255949995,1751013530359,2,0.0002,0.000261,118.74,ETH-25JUL25-1000-P,2449.35,sell,3.0,3.0,,1751013530.359
376,ETH-255949999,1751013534398,0,0.0003,0.000262,123.84,ETH-25JUL25-1000-P,2449.45,buy,3.0,3.0,,1751013534.398
377,ETH-255950002,1751013543103,1,0.0003,0.000262,123.83,ETH-25JUL25-1000-P,2449.4,buy,3.0,3.0,,1751013543.103
378,ETH-255950004,1751013548445,1,0.0003,0.000263,123.83,ETH-25JUL25-1000-P,2449.43,buy,15.0,15.0,,1751013548.445
379,ETH-255950027,1751013551009,1,0.0003,0.000263,123.82,ETH-25JUL25-1000-P,2449.41,buy,15.0,15.0,,1751013551.009
380,ETH-255950047,1751013555453,1,0.0003,0.000263,123.81,ETH-25JUL25-1000-P,2449.32,buy,15.0,15.0,,1751013555.453
381,ETH-255950050,1751013558189,1,0.0003,0.000264,123.81,ETH-25JUL25-1000-P,2449.3,buy,15.0,15.0,,1751013558.189
382,ETH-255950053,1751013560738,1,0.0003,0.000264,123.8,ETH-25JUL25-1000-P,2449.11,buy,15.0,15.0,,1751013560.738
383,ETH-255950061,1751013564038,1,0.0003,0.000264,123.8,ETH-25JUL25-1000-P,2449.17,buy,15.0,15.0,,1751013564.038
384,ETH-255950066,1751013566581,1,0.0003,0.000265,123.81,ETH-25JUL25-1000-P,2449.31,buy,15.0,15.0,,1751013566.581
385,ETH-255950074,1751013569583,1,0.0003,0.000265,123.8,ETH-25JUL25-1000-P,2449.17,buy,15.0,15.0,,1751013569.583
386,ETH-255950075,1751013572414,1,0.0003,0.000265,123.81,ETH-25JUL25-1000-P,2449.29,buy,15.0,15.0,,1751013572.414
387,ETH-255950077,1751013575127,1,0.0003,0.000265,123.81,ETH-25JUL25-1000-P,2449.33,buy,15.0,15.0,,1751013575.127
388,ETH-255950079,1751013578377,1,0.0003,0.000265,123.81,ETH-25JUL25-1000-P,2449.41,buy,15.0,15.0,,1751013578.377
389,ETH-255950082,1751013581465,1,0.0003,0.000265,123.82,ETH-25JUL25-1000-P,2449.61,buy,15.0,15.0,,1751013581.465
390,ETH-255950091,1751013586137,1,0.0003,0.000265,123.83,ETH-25JUL25-1000-P,2449.68,buy,15.0,15.0,,1751013586.137
391,ETH-255950096,1751013590556,1,0.0003,0.000266,123.82,ETH-25JUL25-1000-P,2449.61,buy,15.0,15.0,,1751013590.556
392,ETH-256008535,1751081947173,1,0.0003,0.000238,124.08,ETH-25JUL25-1000-P,2420.6,buy,100.0,100.0,,1751081947.173
394,ETH-256022256,1751114749920,3,0.0001,0.000143,112.54,ETH-25JUL25-1000-P,2427.38,sell,16.0,16.0,,1751114749.92
393,ETH-256022255,1751114749920,2,0.0001,0.000143,112.54,ETH-25JUL25-1000-P,2427.38,sell,25.0,25.0,,1751114749.92
395,ETH-256022257,1751114749920,3,0.0001,0.000143,112.54,ETH-25JUL25-1000-P,2427.38,sell,59.0,59.0,,1751114749.92
396,ETH-256024050,1751122545441,0,0.0002,0.000143,120.35,ETH-25JUL25-1000-P,2426.8,buy,2.0,2.0,,1751122545.441
398,ETH-256089434,1751239658585,3,0.0001,0.000143,119.65,ETH-25JUL25-1000-P,2506.76,sell,32.0,32.0,,1751239658.585
397,ETH-256089433,1751239658585,2,0.0001,0.000143,119.65,ETH-25JUL25-1000-P,2506.76,sell,66.0,66.0,,1751239658.585
399,ETH-256207630,1751355609097,3,0.0001,0.00014,120.78,ETH-25JUL25-1000-P,2464.7,sell,1.0,1.0,,1751355609.097
400,ETH-256207693,1751355755025,0,0.0002,0.000141,128.97,ETH-25JUL25-1000-P,2463.88,buy,1.0,1.0,,1751355755.025
401,ETH-256213012,1751362289169,2,0.0001,4.9e-05,120.55,ETH-25JUL25-1000-P,2456.53,sell,2.0,2.0,,1751362289.169
402,ETH-256214980,1751364766550,3,0.0001,4.7e-05,120.77,ETH-25JUL25-1000-P,2459.38,buy,3.0,3.0,,1751364766.55
403,ETH-256285459,1751426746189,0,0.0002,0.000123,129.26,ETH-25JUL25-1000-P,2428.35,buy,1.0,1.0,,1751426746.189
404,ETH-256285461,1751426748116,2,0.0001,0.000123,121.02,ETH-25JUL25-1000-P,2428.67,buy,1.0,1.0,,1751426748.116
405,ETH-256285678,1751426817680,0,0.0002,0.000123,129.28,ETH-25JUL25-1000-P,2428.67,buy,1.0,1.0,,1751426817.68
406,ETH-256285679,1751426821891,2,0.0001,0.000123,121.03,ETH-25JUL25-1000-P,2428.73,buy,1.0,1.0,,1751426821.891
407,ETH-256285705,1751426841957,0,0.0002,0.000122,129.3,ETH-25JUL25-1000-P,2428.98,buy,1.0,1.0,,1751426841.957
408,ETH-256285706,1751426845124,2,0.0001,0.000122,121.04,ETH-25JUL25-1000-P,2429.06,buy,1.0,1.0,,1751426845.124
409,ETH-256285723,1751426869434,0,0.0002,0.000122,129.31,ETH-25JUL25-1000-P,2429.15,buy,1.0,1.0,,1751426869.434
410,ETH-256285728,1751426872549,2,0.0001,0.000122,121.04,ETH-25JUL25-1000-P,2428.98,buy,1.0,1.0,,1751426872.549
411,ETH-256316835,1751465709301,3,0.0001,9.6e-05,123.77,ETH-25JUL25-1000-P,2457.02,buy,1.0,1.0,,1751465709.301
412,ETH-256316887,1751465723515,3,0.0001,9.7e-05,123.65,ETH-25JUL25-1000-P,2455.0,buy,8.0,8.0,,1751465723.515
413,ETH-256607588,1751688393060,3,0.0001,6.9e-05,134.85,ETH-25JUL25-1000-P,2516.93,buy,1.0,1.0,,1751688393.06
414,ETH-256646795,1751793206762,3,0.0001,3.9e-05,138.83,ETH-25JUL25-1000-P,2515.18,buy,92.0,92.0,,1751793206.762
415,ETH-257028458,1752153553854,3,0.0001,1e-06,174.05,ETH-25JUL25-1000-P,2786.5,buy,2.0,2.0,,1752153553.854
416,ETH-257028486,1752153579013,0,0.0002,1e-06,185.79,ETH-25JUL25-1000-P,2786.11,buy,5.0,5.0,,1752153579.013
417,ETH-257028514,1752153621835,2,0.0001,2e-06,173.97,ETH-25JUL25-1000-P,2785.1,sell,1.0,1.0,,1752153621.835
418,ETH-257028515,1752153621835,3,0.0001,2e-06,173.97,ETH-25JUL25-1000-P,2785.1,sell,3.0,3.0,,1752153621.835
419,ETH-257438259,1752398898129,3,0.0001,1e-06,204.0,ETH-25JUL25-1000-P,2951.63,buy,1.0,1.0,,1752398898.129
420,ETH-257956861,1752689167033,3,0.0001,0.0,267.43,ETH-25JUL25-1000-P,3346.52,buy,1.0,1.0,,1752689167.033
421,ETH-257957118,1752689186367,3,0.0001,0.0,267.95,ETH-25JUL25-1000-P,3354.3,buy,1.0,1.0,,1752689186.367
422,ETH-257958993,1752689449280,3,0.0001,0.0,267.27,ETH-25JUL25-1000-P,3343.65,buy,2.0,2.0,,1752689449.28
423,ETH-257959064,1752689472983,3,0.0001,0.0,267.3,ETH-25JUL25-1000-P,3343.97,buy,6.0,6.0,,1752689472.983
424,ETH-257959346,1752689512075,3,0.0001,0.0,266.91,ETH-25JUL25-1000-P,3338.02,buy,5.0,5.0,,1752689512.075
425,ETH-257960003,1752689660592,3,0.0001,0.0,266.83,ETH-25JUL25-1000-P,3336.26,buy,5.0,5.0,,1752689660.592
426,ETH-257960256,1752689730854,3,0.0001,0.0,266.91,ETH-25JUL25-1000-P,3337.28,buy,5.0,5.0,,1752689730.854
427,ETH-257960882,1752689938709,3,0.0001,0.0,267.26,ETH-25JUL25-1000-P,3341.9,buy,15.0,15.0,,1752689938.709
428,ETH-258140527,1752739481296,3,0.0001,0.0,283.06,ETH-25JUL25-1000-P,3444.03,buy,1.0,1.0,,1752739481.296
429,ETH-258140585,1752739490752,3,0.0001,0.0,282.99,ETH-25JUL25-1000-P,3443.06,buy,1.0,1.0,,1752739490.752
430,ETH-259458072,1753364111955,3,0.0001,0.0,956.69,ETH-25JUL25-1000-P,3657.55,buy,1.0,1.0,,1753364111.955
431,ETH-259596957,1753418331656,3,0.0001,0.0,999.0,ETH-25JUL25-1000-P,3622.66,sell,1.0,1.0,,1753418331.656
432,ETH-259597025,1753418377141,3,0.0001,0.0,999.0,ETH-25JUL25-1000-P,3623.86,buy,1.0,1.0,,1753418377.141
433,ETH-259597070,1753418407337,3,0.0001,0.0,999.0,ETH-25JUL25-1000-P,3625.49,buy,1.0,1.0,,1753418407.337
434,ETH-259597138,1753418443871,3,0.0001,0.0,999.0,ETH-25JUL25-1000-P,3626.64,buy,1.0,1.0,,1753418443.871
435,ETH-259597172,1753418473834,3,0.0001,0.0,999.0,ETH-25JUL25-1000-P,3625.31,buy,1.0,1.0,,1753418473.834
436,ETH-259597223,1753418503937,3,0.0001,0.0,999.0,ETH-25JUL25-1000-P,3623.71,buy,1.0,1.0,,1753418503.937
437,ETH-259597287,1753418565093,3,0.0001,0.0,999.0,ETH-25JUL25-1000-P,3626.81,buy,1.0,1.0,,1753418565.093
438,ETH-259597438,1753418591997,3,0.0001,0.0,999.0,ETH-25JUL25-1000-P,3626.4,buy,1.0,1.0,,1753418591.997
439,ETH-259597472,1753418619986,3,0.0001,0.0,999.0,ETH-25JUL25-1000-P,3626.58,buy,1.0,1.0,,1753418619.986
440,ETH-259597702,1753418648991,3,0.0001,0.0,999.0,ETH-25JUL25-1000-P,3618.56,buy,1.0,1.0,,1753418648.991
441,ETH-259597772,1753418678967,3,0.0001,0.0,999.0,ETH-25JUL25-1000-P,3621.23,buy,1.0,1.0,,1753418678.967
442,ETH-259597857,1753418706860,3,0.0001,0.0,999.0,ETH-25JUL25-1000-P,3622.64,buy,1.0,1.0,,1753418706.86
443,ETH-259597934,1753418735979,3,0.0001,0.0,999.0,ETH-25JUL25-1000-P,3626.45,buy,1.0,1.0,,1753418735.979
444,ETH-259598001,1753418761867,3,0.0001,0.0,999.0,ETH-25JUL25-1000-P,3627.4,buy,1.0,1.0,,1753418761.867
445,ETH-259598106,1753418791897,3,0.0001,0.0,999.0,ETH-25JUL25-1000-P,3626.88,buy,1.0,1.0,,1753418791.897
446,ETH-259598242,1753418828218,3,0.0001,0.0,999.0,ETH-25JUL25-1000-P,3629.24,buy,1.0,1.0,,1753418828.218
447,ETH-259598350,1753418859360,3,0.0001,0.0,999.0,ETH-25JUL25-1000-P,3629.22,buy,1.0,1.0,,1753418859.36
448,ETH-259598357,1753418890396,3,0.0001,0.0,999.0,ETH-25JUL25-1000-P,3629.26,buy,1.0,1.0,,1753418890.396
449,ETH-259598376,1753418918455,3,0.0001,0.0,999.0,ETH-25JUL25-1000-P,3630.78,buy,1.0,1.0,,1753418918.455
450,ETH-259598461,1753418947536,3,0.0001,0.0,999.0,ETH-25JUL25-1000-P,3634.82,buy,1.0,1.0,,1753418947.536
451,ETH-259598485,1753418979666,3,0.0001,0.0,999.0,ETH-25JUL25-1000-P,3634.39,buy,1.0,1.0,,1753418979.666
452,ETH-259598627,1753419010883,3,0.0001,0.0,999.0,ETH-25JUL25-1000-P,3632.52,buy,1.0,1.0,,1753419010.883
453,ETH-259598727,1753419038824,3,0.0001,0.0,999.0,ETH-25JUL25-1000-P,3632.63,buy,1.0,1.0,,1753419038.824
454,ETH-259598790,1753419101854,3,0.0001,0.0,999.0,ETH-25JUL25-1000-P,3631.61,buy,1.0,1.0,,1753419101.854
455,ETH-259598972,1753419146359,3,0.0001,0.0,999.0,ETH-25JUL25-1000-P,3636.72,buy,1.0,1.0,,1753419146.359
456,ETH-259599020,1753419172196,3,0.0001,0.0,999.0,ETH-25JUL25-1000-P,3636.37,buy,1.0,1.0,,1753419172.196
457,ETH-259599043,1753419202136,3,0.0001,0.0,999.0,ETH-25JUL25-1000-P,3637.04,buy,1.0,1.0,,1753419202.136
458,ETH-259599153,1753419233149,3,0.0001,0.0,999.0,ETH-25JUL25-1000-P,3637.2,buy,1.0,1.0,,1753419233.149
459,ETH-259599262,1753419260145,3,0.0001,0.0,999.0,ETH-25JUL25-1000-P,3639.1,buy,1.0,1.0,,1753419260.145
460,ETH-259599400,1753419285046,3,0.0001,0.0,999.0,ETH-25JUL25-1000-P,3643.16,buy,1.0,1.0,,1753419285.046
461,ETH-259599482,1753419312042,3,0.0001,0.0,999.0,ETH-25JUL25-1000-P,3643.32,buy,1.0,1.0,,1753419312.042
462,ETH-259599551,1753419339941,3,0.0001,0.0,999.0,ETH-25JUL25-1000-P,3642.36,buy,1.0,1.0,,1753419339.941
463,ETH-259600813,1753420018900,3,0.0001,0.0,999.0,ETH-25JUL25-1000-P,3648.84,buy,1.0,1.0,,1753420018.9
464,ETH-259600903,1753420047028,3,0.0001,0.0,999.0,ETH-25JUL25-1000-P,3644.18,buy,1.0,1.0,,1753420047.028
465,ETH-259601003,1753420073907,3,0.0001,0.0,999.0,ETH-25JUL25-1000-P,3641.1,buy,1.0,1.0,,1753420073.907
466,ETH-259601117,1753420100730,3,0.0001,0.0,999.0,ETH-25JUL25-1000-P,3639.68,buy,1.0,1.0,,1753420100.73
467,ETH-259601257,1753420130724,3,0.0001,0.0,999.0,ETH-25JUL25-1000-P,3635.72,buy,1.0,1.0,,1753420130.724
468,ETH-259601391,1753420156624,3,0.0001,0.0,999.0,ETH-25JUL25-1000-P,3636.11,buy,1.0,1.0,,1753420156.624
469,ETH-259601545,1753420185729,3,0.0001,0.0,999.0,ETH-25JUL25-1000-P,3629.99,buy,1.0,1.0,,1753420185.729
470,ETH-259602019,1753420283516,3,0.0001,0.0,999.0,ETH-25JUL25-1000-P,3627.52,buy,1.0,1.0,,1753420283.516
471,ETH-259602047,1753420308673,3,0.0001,0.0,999.0,ETH-25JUL25-1000-P,3628.08,buy,1.0,1.0,,1753420308.673
472,ETH-259602140,1753420366675,3,0.0001,0.0,999.0,ETH-25JUL25-1000-P,3628.77,buy,1.0,1.0,,1753420366.675
473,ETH-259602302,1753420415335,3,0.0001,0.0,999.0,ETH-25JUL25-1000-P,3627.07,buy,1.0,1.0,,1753420415.335
474,ETH-259602847,1753420442349,3,0.0001,0.0,999.0,ETH-25JUL25-1000-P,3619.15,buy,1.0,1.0,,1753420442.349
475,ETH-259603066,1753420469618,3,0.0001,0.0,999.0,ETH-25JUL25-1000-P,3613.23,buy,1.0,1.0,,1753420469.618
476,ETH-259603122,1753420494916,3,0.0001,0.0,999.0,ETH-25JUL25-1000-P,3615.41,buy,1.0,1.0,,1753420494.916
477,ETH-259603190,1753420520180,3,0.0001,0.0,999.0,ETH-25JUL25-1000-P,3614.8,buy,1.0,1.0,,1753420520.18
478,ETH-259603255,1753420547470,3,0.0001,0.0,999.0,ETH-25JUL25-1000-P,3617.5,buy,1.0,1.0,,1753420547.47
479,ETH-259603311,1753420576612,3,0.0001,0.0,999.0,ETH-25JUL25-1000-P,3622.3,buy,1.0,1.0,,1753420576.612
480,ETH-259603375,1753420604877,3,0.0001,0.0,999.0,ETH-25JUL25-1000-P,3624.79,buy,1.0,1.0,,1753420604.877
481,ETH-259603466,1753420637156,3,0.0001,0.0,999.0,ETH-25JUL25-1000-P,3623.97,buy,1.0,1.0,,1753420637.156
482,ETH-259604863,1753420966934,3,0.0001,0.0,999.0,ETH-25JUL25-1000-P,3632.62,buy,1.0,1.0,,1753420966.934
483,ETH-259604875,1753420992932,3,0.0001,0.0,999.0,ETH-25JUL25-1000-P,3633.92,buy,1.0,1.0,,1753420992.932
484,ETH-259605090,1753421031262,3,0.0001,0.0,999.0,ETH-25JUL25-1000-P,3639.46,buy,1.0,1.0,,1753421031.262
485,ETH-259605182,1753421058359,3,0.0001,0.0,999.0,ETH-25JUL25-1000-P,3639.04,buy,1.0,1.0,,1753421058.359
486,ETH-259605200,1753421085314,3,0.0001,0.0,999.0,ETH-25JUL25-1000-P,3637.14,buy,1.0,1.0,,1753421085.314
487,ETH-259605235,1753421127797,3,0.0001,0.0,999.0,ETH-25JUL25-1000-P,3634.84,buy,1.0,1.0,,1753421127.797
488,ETH-259605253,1753421152694,3,0.0001,0.0,999.0,ETH-25JUL25-1000-P,3634.29,buy,1.0,1.0,,1753421152.694
489,ETH-259605273,1753421183686,3,0.0001,0.0,999.0,ETH-25JUL25-1000-P,3635.14,buy,1.0,1.0,,1753421183.686
