trade_seq,trade_id,timestamp,tick_direction,price,mark_price,iv,instrument_name,index_price,direction,contracts,amount,block_trade_leg_count,block_trade_id,block_rfq_id,combo_id,combo_trade_id,unix_sec
1544,ETH-256163702,1751305418061,2,0.0205,0.020607,63.7,ETH-25JUL25-2200-P,2485.33,sell,1.0,1.0,,,,,,1751305418.061
1545,ETH-256169514,1751309330049,2,0.02,0.020639,63.21,ETH-25JUL25-2200-P,2486.94,sell,9.0,9.0,,,,,,1751309330.049
1546,ETH-256174391,1751313414145,2,0.019,0.018882,64.78,ETH-25JUL25-2200-P,2511.36,buy,200.0,200.0,2.0,BLOCK-207917,,ETH-PSR12-25JUL25-2400_2200,,1751313414.145
1547,ETH-256175345,1751313788102,2,0.0185,0.019077,63.75,ETH-25JUL25-2200-P,2508.8,sell,1.0,1.0,,,,,,1751313788.102
1548,ETH-256180714,1751319040077,0,0.02,0.019918,64.41,ETH-25JUL25-2200-P,2494.99,buy,1.0,1.0,,,,,,1751319040.077
1549,ETH-256195318,1751341175648,1,0.02,0.019654,63.58,ETH-25JUL25-2200-P,2484.79,buy,1.0,1.0,,,,,,1751341175.648
1550,ETH-256195800,1751342006424,2,0.0195,0.019477,63.08,ETH-25JUL25-2200-P,2486.3,sell,1.0,1.0,,,,,,1751342006.424
1551,ETH-256197413,1751344981192,0,0.0205,0.020293,63.27,ETH-25JUL25-2200-P,2476.39,buy,1.0,1.0,,,,,,1751344981.192
1552,ETH-256198670,1751345975501,0,0.0215,0.021198,63.37,ETH-25JUL25-2200-P,2466.52,buy,1.0,1.0,,,,,,1751345975.501
1553,ETH-256201137,1751348094695,0,0.022,0.022011,62.92,ETH-25JUL25-2200-P,2457.33,buy,1.0,1.0,,,,,,1751348094.695
1554,ETH-256201675,1751348565681,0,0.0225,0.022152,63.38,ETH-25JUL25-2200-P,2455.43,buy,1.0,1.0,,,,,,1751348565.681
1555,ETH-256201697,1751348584466,1,0.0225,0.022082,63.49,ETH-25JUL25-2200-P,2456.27,buy,1.0,1.0,,,,,,1751348584.466
1556,ETH-256204553,1751353723837,2,0.0215,0.021531,63.09,ETH-25JUL25-2200-P,2463.19,buy,1.0,1.0,,,,,,1751353723.837
1557,ETH-256204554,1751353737345,3,0.0215,0.021539,63.09,ETH-25JUL25-2200-P,2463.15,sell,1.0,1.0,,,,,,1751353737.345
1558,ETH-256205152,1751354340345,0,0.0225,0.022466,63.05,ETH-25JUL25-2200-P,2452.85,buy,1.0,1.0,,,,,,1751354340.345
1559,ETH-256211528,1751359341747,2,0.022,0.021973,62.6,ETH-25JUL25-2200-P,2454.44,buy,1.0,1.0,,,,,,1751359341.747
1560,ETH-256214447,1751364115812,2,0.021,0.021468,61.67,ETH-25JUL25-2200-P,2456.8,sell,1.0,1.0,,,,,,1751364115.812
1561,ETH-256214758,1751364286713,3,0.021,0.02113,62.1,ETH-25JUL25-2200-P,2460.13,buy,1.0,1.0,,,,,,1751364286.713
1562,ETH-256214828,1751364479450,3,0.021,0.021111,62.1,ETH-25JUL25-2200-P,2460.11,buy,1.0,1.0,,,,,,1751364479.45
1563,ETH-256218113,1751368892029,0,0.0215,0.021492,61.59,ETH-25JUL25-2200-P,2451.01,sell,1.0,1.0,,,,,,1751368892.029
1564,ETH-256219460,1751370724814,0,0.022,0.021977,61.48,ETH-25JUL25-2200-P,2444.93,sell,1.0,1.0,,,,,,1751370724.814
1565,ETH-256220000,1751371227842,2,0.021,0.021447,60.84,ETH-25JUL25-2200-P,2449.83,sell,1.0,1.0,,,,,,1751371227.842
1566,ETH-256220342,1751371624811,0,0.0215,0.021088,62.0,ETH-25JUL25-2200-P,2453.52,buy,1.0,1.0,,,,,,1751371624.811
1567,ETH-256221750,1751372997693,0,0.0225,0.022242,61.89,ETH-25JUL25-2200-P,2442.46,buy,1.0,1.0,,,,,,1751372997.693
1568,ETH-256221751,1751372997696,1,0.0225,0.022242,61.89,ETH-25JUL25-2200-P,2442.46,sell,49.0,49.0,,,,,,1751372997.696
1569,ETH-256221803,1751373059980,1,0.0225,0.022225,61.96,ETH-25JUL25-2200-P,2442.99,buy,13.0,13.0,,,,,,1751373059.98
1570,ETH-256221804,1751373059987,1,0.0225,0.022225,61.96,ETH-25JUL25-2200-P,2442.99,sell,35.0,35.0,,,,,,1751373059.987
1571,ETH-256221805,1751373059988,1,0.0225,0.022225,61.96,ETH-25JUL25-2200-P,2442.99,sell,1.0,1.0,,,,,,1751373059.988
1572,ETH-256221806,1751373059989,1,0.0225,0.022225,61.96,ETH-25JUL25-2200-P,2442.99,sell,1.0,1.0,,,,,,1751373059.989
1573,ETH-256222703,1751373892324,1,0.0225,0.022461,61.6,ETH-25JUL25-2200-P,2440.35,buy,1.0,1.0,,,,,,1751373892.324
1574,ETH-256222719,1751373911466,1,0.0225,0.022507,61.56,ETH-25JUL25-2200-P,2440.1,sell,1.0,1.0,,,,,,1751373911.466
1575,ETH-256223687,1751374591784,1,0.0225,0.022691,61.32,ETH-25JUL25-2200-P,2437.89,sell,1.0,1.0,,,,,,1751374591.784
1576,ETH-256223688,1751374591787,1,0.0225,0.022691,61.32,ETH-25JUL25-2200-P,2437.89,buy,10.0,10.0,,,,,,1751374591.787
1577,ETH-256224082,1751374946685,0,0.023,0.022679,61.95,ETH-25JUL25-2200-P,2437.95,buy,1.0,1.0,,,,,,1751374946.685
1578,ETH-256224083,1751374946688,1,0.023,0.022679,61.95,ETH-25JUL25-2200-P,2437.95,sell,49.0,49.0,,,,,,1751374946.688
1579,ETH-256225928,1751377195000,2,0.0225,0.022326,61.98,ETH-25JUL25-2200-P,2442.79,buy,1.0,1.0,,,,,,1751377195.0
1580,ETH-256226216,1751377280193,0,0.023,0.023191,61.62,ETH-25JUL25-2200-P,2435.3,sell,1.0,1.0,,,,,,1751377280.193
1581,ETH-256226658,1751377415217,0,0.024,0.023303,62.1,ETH-25JUL25-2200-P,2429.43,buy,1.0,1.0,,,,,,1751377415.217
1582,ETH-256237002,1751382032465,0,0.025,0.02454,62.14,ETH-25JUL25-2200-P,2419.51,buy,1.0,1.0,,,,,,1751382032.465
1583,ETH-256239776,1751383836799,2,0.0235,0.023834,61.18,ETH-25JUL25-2200-P,2426.13,sell,25.0,25.0,,,,,,1751383836.799
1584,ETH-256239781,1751383841072,3,0.0235,0.023858,61.15,ETH-25JUL25-2200-P,2425.93,sell,25.0,25.0,,,,,,1751383841.072
1585,ETH-256239866,1751383923071,2,0.023,0.023608,60.84,ETH-25JUL25-2200-P,2428.01,sell,50.0,50.0,,,,,,1751383923.071
1586,ETH-256240806,1751384778118,0,0.0235,0.02405,60.84,ETH-25JUL25-2200-P,2423.38,sell,1.0,1.0,,,,,,1751384778.118
1587,ETH-256241686,1751385785638,0,0.0245,0.024001,62.18,ETH-25JUL25-2200-P,2423.96,buy,5.0,5.0,,,,,,1751385785.638
1588,ETH-256241797,1751385859511,1,0.0245,0.024062,62.07,ETH-25JUL25-2200-P,2423.16,buy,5.0,5.0,,,,,,1751385859.511
1589,ETH-256246812,1751393093689,2,0.0232,0.023339,61.51,ETH-25JUL25-2200-P,2430.16,sell,400.0,400.0,2.0,BLOCK-208040,7537.0,,,1751393093.689
1590,ETH-256247011,1751393555429,3,0.0232,0.023369,61.53,ETH-25JUL25-2200-P,2429.99,sell,460.0,460.0,3.0,BLOCK-208041,7538.0,,,1751393555.429
1591,ETH-256251278,1751396506316,0,0.025,0.025616,60.93,ETH-25JUL25-2200-P,2409.2,sell,1.0,1.0,,,,,,1751396506.316
1592,ETH-256257918,1751400765190,0,0.0255,0.026329,60.47,ETH-25JUL25-2200-P,2401.2,sell,1.0,1.0,,,,,,1751400765.19
1593,ETH-256268784,1751411493516,0,0.0275,0.026871,61.95,ETH-25JUL25-2200-P,2393.8,buy,1.0,1.0,,,,,,1751411493.516
1594,ETH-256273106,1751417071578,2,0.0245,0.02524,60.3,ETH-25JUL25-2200-P,2407.14,sell,3.0,3.0,,,,,,1751417071.578
1595,ETH-256273107,1751417072342,3,0.0245,0.025268,60.31,ETH-25JUL25-2200-P,2407.15,sell,1.0,1.0,,,,,,1751417072.342
1596,ETH-256274834,1751419042806,0,0.027,0.026902,61.35,ETH-25JUL25-2200-P,2393.18,buy,5.0,5.0,,,,,,1751419042.806
1597,ETH-256275325,1751419060216,0,0.0285,0.027361,62.52,ETH-25JUL25-2200-P,2389.01,buy,1.0,1.0,,,,,,1751419060.216
1598,ETH-256275975,1751419064318,0,0.029,0.028855,61.19,ETH-25JUL25-2200-P,2376.63,buy,9.0,9.0,,,,,,1751419064.318
1599,ETH-256276526,1751419075250,2,0.0285,0.028484,61.4,ETH-25JUL25-2200-P,2381.55,sell,2.0,2.0,,,,,,1751419075.25
1600,ETH-256281450,1751422132055,2,0.0235,0.024209,59.91,ETH-25JUL25-2200-P,2412.5,sell,5.0,5.0,,,,,,1751422132.055
1601,ETH-256281452,1751422132804,3,0.0235,0.024209,59.91,ETH-25JUL25-2200-P,2412.5,sell,1.0,1.0,,,,,,1751422132.804
1602,ETH-256288675,1751431681875,2,0.021,0.021504,60.03,ETH-25JUL25-2200-P,2436.12,sell,1.0,1.0,,,,,,1751431681.875
1603,ETH-256296085,1751441009757,2,0.02,0.020692,60.1,ETH-25JUL25-2200-P,2445.89,sell,1.0,1.0,,,,,,1751441009.757
1604,ETH-256298823,1751443754189,0,0.0205,0.020205,61.4,ETH-25JUL25-2200-P,2451.06,buy,8.0,8.0,,,,,,1751443754.189
1605,ETH-256311011,1751460115838,1,0.0205,0.020758,59.86,ETH-25JUL25-2200-P,2436.3,buy,1.0,1.0,,,,,,1751460115.838
1606,ETH-256311102,1751460171993,0,0.021,0.020911,60.26,ETH-25JUL25-2200-P,2434.33,buy,237.0,237.0,,,,,,1751460171.993
1607,ETH-256311301,1751460219167,1,0.021,0.021087,60.02,ETH-25JUL25-2200-P,2432.4,buy,2.0,2.0,,,,,,1751460219.167
1608,ETH-256311325,1751460234308,1,0.021,0.02112,59.98,ETH-25JUL25-2200-P,2432.16,buy,2.0,2.0,,,,,,1751460234.308
1609,ETH-256312142,1751461472209,2,0.02,0.019823,60.56,ETH-25JUL25-2200-P,2446.44,sell,6.0,6.0,,,,,,1751461472.209
1610,ETH-256318944,1751466629787,2,0.018,0.018421,60.25,ETH-25JUL25-2200-P,2465.48,sell,1.0,1.0,,,,,,1751466629.787
1611,ETH-256321795,1751468638204,0,0.0185,0.018082,61.65,ETH-25JUL25-2200-P,2471.47,buy,1000.0,1000.0,1.0,BLOCK-208219,,,,1751468638.204
1612,ETH-256322192,1751468880115,2,0.018,0.0179,61.22,ETH-25JUL25-2200-P,2473.6,sell,1.0,1.0,,,,,,1751468880.115
1613,ETH-256322602,1751469037142,3,0.018,0.017726,61.61,ETH-25JUL25-2200-P,2476.59,sell,2.0,2.0,,,,,,1751469037.142
1614,ETH-256326052,1751469259956,2,0.016,0.016581,60.85,ETH-25JUL25-2200-P,2494.02,sell,1.0,1.0,,,,,,1751469259.956
1615,ETH-256327729,1751469692138,0,0.0165,0.016568,61.63,ETH-25JUL25-2200-P,2495.26,sell,1.0,1.0,,,,,,1751469692.138
1616,ETH-256332004,1751471794942,2,0.016,0.016199,61.87,ETH-25JUL25-2200-P,2502.13,sell,3.0,3.0,,,,,,1751471794.942
1617,ETH-256336462,1751472531410,2,0.015,0.015008,62.86,ETH-25JUL25-2200-P,2523.18,sell,7.0,7.0,,,,,,1751472531.41
1618,ETH-256338317,1751472721021,2,0.014,0.01443,62.46,ETH-25JUL25-2200-P,2533.54,sell,3.0,3.0,,,,,,1751472721.021
1619,ETH-256340982,1751473096078,2,0.0135,0.014036,62.69,ETH-25JUL25-2200-P,2542.81,sell,3.0,3.0,,,,,,1751473096.078
1620,ETH-256342947,1751473503788,0,0.0145,0.01407,64.21,ETH-25JUL25-2200-P,2541.75,buy,1.0,1.0,,,,,,1751473503.788
1621,ETH-256342948,1751473503788,1,0.0145,0.01407,64.21,ETH-25JUL25-2200-P,2541.75,buy,3.0,3.0,,,,,,1751473503.788
1622,ETH-256343006,1751473525662,1,0.0145,0.014137,64.16,ETH-25JUL25-2200-P,2541.38,sell,2.0,2.0,,,,,,1751473525.662
1623,ETH-256343397,1751473624168,1,0.0145,0.014541,63.62,ETH-25JUL25-2200-P,2536.57,sell,40.0,40.0,,,,,,1751473624.168
1624,ETH-256349532,1751475368099,2,0.0135,0.013788,63.99,ETH-25JUL25-2200-P,2555.28,sell,60.0,60.0,,,,,,1751475368.099
1625,ETH-256349533,1751475368103,3,0.0135,0.013788,63.99,ETH-25JUL25-2200-P,2555.28,sell,6.0,6.0,,,,,,1751475368.103
1626,ETH-256350360,1751475607626,2,0.013,0.013187,64.18,ETH-25JUL25-2200-P,2564.71,sell,60.0,60.0,,,,,,1751475607.626
1627,ETH-256350361,1751475607644,3,0.013,0.01318,64.19,ETH-25JUL25-2200-P,2564.79,sell,6.0,6.0,,,,,,1751475607.644
1628,ETH-256353307,1751476260060,2,0.0125,0.013198,63.5,ETH-25JUL25-2200-P,2566.47,sell,1.0,1.0,,,,,,1751476260.06
1629,ETH-256357624,1751477056930,3,0.0125,0.012539,65.84,ETH-25JUL25-2200-P,2588.19,sell,14.0,14.0,,,,,,1751477056.93
1630,ETH-256378566,1751486696345,0,0.0135,0.013369,69.2,ETH-25JUL25-2200-P,2601.0,buy,1.0,1.0,,,,,,1751486696.345
1631,ETH-256384320,1751489134406,0,0.014,0.014224,70.18,ETH-25JUL25-2200-P,2601.96,sell,100.0,100.0,,,,,,1751489134.406
1632,ETH-256392608,1751495694243,2,0.013,0.012964,69.94,ETH-25JUL25-2200-P,2615.36,sell,10.0,10.0,,,,,,1751495694.243
1633,ETH-256396040,1751497311464,0,0.014,0.014189,69.33,ETH-25JUL25-2200-P,2593.61,buy,1.0,1.0,,,,,,1751497311.464
1634,ETH-256400828,1751500837011,0,0.015,0.015139,69.15,ETH-25JUL25-2200-P,2575.34,buy,1.0,1.0,,,,,,1751500837.011
1635,ETH-256403644,1751504432605,1,0.015,0.014642,69.06,ETH-25JUL25-2200-P,2573.56,buy,1.0,1.0,,,,,,1751504432.605
1636,ETH-256406263,1751508032868,2,0.0135,0.013997,67.39,ETH-25JUL25-2200-P,2581.4,sell,1.0,1.0,,,,,,1751508032.868
1637,ETH-256409359,1751512767920,0,0.0145,0.014735,67.14,ETH-25JUL25-2200-P,2563.13,sell,1.0,1.0,,,,,,1751512767.92
1638,ETH-256419084,1751524780913,2,0.0125,0.013096,67.48,ETH-25JUL25-2200-P,2595.81,sell,1.0,1.0,,,,,,1751524780.913
1639,ETH-256421090,1751526955787,0,0.013,0.012976,68.26,ETH-25JUL25-2200-P,2594.03,sell,1.0,1.0,,,,,,1751526955.787
1640,ETH-256431828,1751534628979,2,0.0125,0.012201,68.53,ETH-25JUL25-2200-P,2604.01,buy,1.0,1.0,,,,,,1751534628.979
1641,ETH-256432420,1751534894310,3,0.0125,0.012255,68.6,ETH-25JUL25-2200-P,2604.13,buy,221.0,221.0,,,,,,1751534894.31
1642,ETH-256443160,1751539733239,0,0.013,0.013014,68.21,ETH-25JUL25-2200-P,2591.09,buy,1.0,1.0,,,,,,1751539733.239
1643,ETH-256443198,1751539765356,1,0.013,0.012986,68.25,ETH-25JUL25-2200-P,2591.36,buy,1.0,1.0,,,,,,1751539765.356
1644,ETH-256443231,1751539801709,1,0.013,0.013013,68.21,ETH-25JUL25-2200-P,2590.97,buy,1.0,1.0,,,,,,1751539801.709
1645,ETH-256443281,1751539833647,1,0.013,0.01302,68.23,ETH-25JUL25-2200-P,2591.18,buy,1.0,1.0,,,,,,1751539833.647
1646,ETH-256443977,1751540450325,1,0.013,0.012881,68.87,ETH-25JUL25-2200-P,2597.3,buy,1.0,1.0,,,,,,1751540450.325
1647,ETH-256444053,1751540502232,1,0.013,0.01293,68.83,ETH-25JUL25-2200-P,2596.89,sell,19.0,19.0,,,,,,1751540502.232
1648,ETH-256451749,1751545802037,2,0.0125,0.012874,68.52,ETH-25JUL25-2200-P,2601.69,sell,10.0,10.0,,,,,,1751545802.037
1649,ETH-256467184,1751549839478,2,0.012,0.012039,68.85,ETH-25JUL25-2200-P,2612.21,sell,10.0,10.0,,,,,,1751549839.478
1650,ETH-256475431,1751551045401,2,0.011,0.011275,68.95,ETH-25JUL25-2200-P,2631.81,sell,1.0,1.0,,,,,,1751551045.401
1651,ETH-256490192,1751556900846,0,0.014,0.013862,68.87,ETH-25JUL25-2200-P,2578.19,buy,16.0,16.0,,,,,,1751556900.846
1652,ETH-256490198,1751556901087,1,0.014,0.013862,68.87,ETH-25JUL25-2200-P,2578.19,buy,1.0,1.0,,,,,,1751556901.087
1653,ETH-256494065,1751558477491,1,0.014,0.014004,68.48,ETH-25JUL25-2200-P,2574.45,sell,245.0,245.0,,,,,,1751558477.491
1654,ETH-256494087,1751558480509,1,0.014,0.013977,68.57,ETH-25JUL25-2200-P,2575.25,sell,145.0,145.0,,,,,,1751558480.509
1655,ETH-256494089,1751558480632,1,0.014,0.013977,68.57,ETH-25JUL25-2200-P,2575.25,sell,810.0,810.0,,,,,,1751558480.632
1656,ETH-256508961,1751575426387,2,0.0125,0.012137,68.64,ETH-25JUL25-2200-P,2597.65,buy,1.0,1.0,,,,,,1751575426.387
1657,ETH-256512144,1751580620103,3,0.0125,0.012178,69.22,ETH-25JUL25-2200-P,2601.07,buy,1.0,1.0,,,,,,1751580620.103
1658,ETH-256518641,1751592302685,2,0.012,0.012004,68.36,ETH-25JUL25-2200-P,2600.54,sell,126.0,126.0,,,,,,1751592302.685
1659,ETH-256518642,1751592302948,3,0.012,0.012007,68.36,ETH-25JUL25-2200-P,2600.56,sell,2.0,2.0,,,,,,1751592302.948
1660,ETH-256518656,1751592306812,3,0.012,0.011977,68.45,ETH-25JUL25-2200-P,2601.29,sell,2.0,2.0,,,,,,1751592306.812
1661,ETH-256518659,1751592306829,3,0.012,0.011977,68.45,ETH-25JUL25-2200-P,2601.29,sell,2.0,2.0,,,,,,1751592306.829
1662,ETH-256518661,1751592306967,3,0.012,0.011977,68.45,ETH-25JUL25-2200-P,2601.29,sell,2.0,2.0,,,,,,1751592306.967
1663,ETH-256518669,1751592307013,3,0.012,0.011977,68.45,ETH-25JUL25-2200-P,2601.29,sell,2.0,2.0,,,,,,1751592307.013
1664,ETH-256518670,1751592307034,3,0.012,0.011977,68.45,ETH-25JUL25-2200-P,2601.29,sell,3.0,3.0,,,,,,1751592307.034
1665,ETH-256518673,1751592307056,3,0.012,0.011977,68.45,ETH-25JUL25-2200-P,2601.29,sell,2.0,2.0,,,,,,1751592307.056
1666,ETH-256518674,1751592307085,3,0.012,0.011977,68.45,ETH-25JUL25-2200-P,2601.29,sell,2.0,2.0,,,,,,1751592307.085
1667,ETH-256518675,1751592307124,3,0.012,0.011977,68.45,ETH-25JUL25-2200-P,2601.29,sell,3.0,3.0,,,,,,1751592307.124
1668,ETH-256518681,1751592307638,3,0.012,0.011977,68.45,ETH-25JUL25-2200-P,2601.29,sell,3.0,3.0,,,,,,1751592307.638
1669,ETH-256518685,1751592307648,3,0.012,0.011977,68.45,ETH-25JUL25-2200-P,2601.29,sell,2.0,2.0,,,,,,1751592307.648
1670,ETH-256518690,1751592307686,3,0.012,0.011977,68.45,ETH-25JUL25-2200-P,2601.29,sell,2.0,2.0,,,,,,1751592307.686
1671,ETH-256518694,1751592307711,3,0.012,0.011977,68.45,ETH-25JUL25-2200-P,2601.29,sell,2.0,2.0,,,,,,1751592307.711
1672,ETH-256518695,1751592307722,3,0.012,0.011977,68.45,ETH-25JUL25-2200-P,2601.29,sell,2.0,2.0,,,,,,1751592307.722
1673,ETH-256518696,1751592307730,3,0.012,0.011977,68.45,ETH-25JUL25-2200-P,2601.29,sell,221.0,221.0,,,,,,1751592307.73
1674,ETH-256518702,1751592308789,3,0.012,0.011984,68.64,ETH-25JUL25-2200-P,2603.01,sell,2.0,2.0,,,,,,1751592308.789
1675,ETH-256518703,1751592308794,3,0.012,0.011984,68.64,ETH-25JUL25-2200-P,2603.01,sell,2.0,2.0,,,,,,1751592308.794
1676,ETH-256518713,1751592309861,3,0.012,0.011943,68.68,ETH-25JUL25-2200-P,2603.35,sell,2.0,2.0,,,,,,1751592309.861
1677,ETH-256523762,1751598033222,0,0.0125,0.012808,66.81,ETH-25JUL25-2200-P,2576.68,sell,1.0,1.0,,,,,,1751598033.222
1678,ETH-256527239,1751603837943,0,0.0126,0.012674,67.13,ETH-25JUL25-2200-P,2576.57,buy,125.0,125.0,2.0,BLOCK-208613,7785.0,ETH-PS-25JUL25-2200_2100,,1751603837.943
1679,ETH-256527421,1751604179200,2,0.0125,0.012669,66.67,ETH-25JUL25-2200-P,2574.42,sell,1.0,1.0,,,,,,1751604179.2
1680,ETH-256528009,1751604646340,0,0.0131,0.012819,67.46,ETH-25JUL25-2200-P,2571.75,buy,500.0,500.0,2.0,BLOCK-208617,,ETH-PSR12-25JUL25-2600_2200,,1751604646.34
1681,ETH-256538409,1751614162341,0,0.0135,0.013964,65.82,ETH-25JUL25-2200-P,2548.86,sell,1.0,1.0,,,,,,1751614162.341
1682,ETH-256550322,1751619487162,1,0.0135,0.01357,65.69,ETH-25JUL25-2200-P,2548.02,sell,15.0,15.0,,,,,,1751619487.162
1683,ETH-256552167,1751621402033,2,0.0125,0.01261,65.06,ETH-25JUL25-2200-P,2557.33,buy,1.0,1.0,,,,,,1751621402.033
1684,ETH-256552168,1751621402033,3,0.0125,0.01261,65.06,ETH-25JUL25-2200-P,2557.33,buy,1.0,1.0,,,,,,1751621402.033
1685,ETH-256552172,1751621403036,3,0.0125,0.012608,65.05,ETH-25JUL25-2200-P,2557.22,buy,1.0,1.0,,,,,,1751621403.036
1686,ETH-256553238,1751623483702,2,0.0121,0.01236,64.26,ETH-25JUL25-2200-P,2556.2,sell,250.0,250.0,1.0,BLOCK-208678,7815.0,,,1751623483.702
1687,ETH-256553595,1751624369347,2,0.012,0.012691,63.45,ETH-25JUL25-2200-P,2550.8,sell,50.0,50.0,,,,,,1751624369.347
1688,ETH-256555186,1751627907929,3,0.012,0.012385,63.41,ETH-25JUL25-2200-P,2550.05,sell,1.0,1.0,,,,,,1751627907.929
1689,ETH-256555223,1751628046745,3,0.012,0.01234,63.46,ETH-25JUL25-2200-P,2550.43,sell,1.0,1.0,,,,,,1751628046.745
1691,ETH-256555413,1751628490345,3,0.012,0.012031,64.16,ETH-25JUL25-2200-P,2556.27,sell,1.0,1.0,,,,,,1751628490.345
1690,ETH-256555412,1751628490345,3,0.012,0.012031,64.16,ETH-25JUL25-2200-P,2556.27,sell,1064.0,1064.0,,,,,,1751628490.345
1692,ETH-256562941,1751636257216,0,0.013,0.012922,63.74,ETH-25JUL25-2200-P,2535.92,sell,204.0,204.0,,,,,,1751636257.216
1693,ETH-256565595,1751637927790,0,0.014,0.013871,64.15,ETH-25JUL25-2200-P,2525.04,buy,2.0,2.0,,,,,,1751637927.79
1694,ETH-256566764,1751638298914,0,0.0145,0.01439,64.08,ETH-25JUL25-2200-P,2517.52,buy,1.0,1.0,,,,,,1751638298.914
1695,ETH-256566767,1751638299455,1,0.0145,0.01439,64.08,ETH-25JUL25-2200-P,2517.52,buy,1.0,1.0,,,,,,1751638299.455
1696,ETH-256568544,1751638835623,0,0.016,0.015704,64.85,ETH-25JUL25-2200-P,2503.72,buy,2.0,2.0,,,,,,1751638835.623
1697,ETH-256571195,1751640047171,2,0.0145,0.014831,64.17,ETH-25JUL25-2200-P,2517.94,sell,20.0,20.0,,,,,,1751640047.171
1698,ETH-256571196,1751640047171,3,0.0145,0.014831,64.17,ETH-25JUL25-2200-P,2517.94,sell,19.0,19.0,,,,,,1751640047.171
1701,ETH-256571228,1751640065869,3,0.0145,0.014831,64.17,ETH-25JUL25-2200-P,2518.0,sell,30.0,30.0,,,,,,1751640065.869
1699,ETH-256571226,1751640065869,3,0.0145,0.014831,64.17,ETH-25JUL25-2200-P,2518.0,sell,29.0,29.0,,,,,,1751640065.869
1700,ETH-256571227,1751640065869,3,0.0145,0.014831,64.17,ETH-25JUL25-2200-P,2518.0,sell,60.0,60.0,,,,,,1751640065.869
1702,ETH-256571230,1751640082427,3,0.0145,0.014839,64.16,ETH-25JUL25-2200-P,2517.89,sell,40.0,40.0,,,,,,1751640082.427
1703,ETH-256571303,1751640116677,2,0.014,0.014569,63.76,ETH-25JUL25-2200-P,2521.18,sell,40.0,40.0,,,,,,1751640116.677
1704,ETH-256571669,1751640469162,0,0.0145,0.014658,64.44,ETH-25JUL25-2200-P,2519.75,sell,50.0,50.0,4.0,BLOCK-208741,,,,1751640469.162
1705,ETH-256571798,1751640662913,0,0.015,0.014793,65.03,ETH-25JUL25-2200-P,2517.73,sell,1.0,1.0,,,,,,1751640662.913
1706,ETH-256574016,1751642537453,0,0.016,0.015875,65.24,ETH-25JUL25-2200-P,2506.0,sell,3.0,3.0,,,,,,1751642537.453
1707,ETH-256579853,1751645174762,0,0.0175,0.017632,64.95,ETH-25JUL25-2200-P,2485.48,sell,4.0,4.0,,,,,,1751645174.762
1708,ETH-256583339,1751646267961,0,0.018,0.01781,65.34,ETH-25JUL25-2200-P,2481.7,sell,3.0,3.0,,,,,,1751646267.961
1709,ETH-256588596,1751651435277,2,0.0165,0.016658,64.95,ETH-25JUL25-2200-P,2494.99,buy,1.0,1.0,,,,,,1751651435.277
1710,ETH-256589918,1751653953633,0,0.017,0.017095,64.88,ETH-25JUL25-2200-P,2487.69,buy,1.0,1.0,,,,,,1751653953.633
1711,ETH-256590112,1751654402114,2,0.0165,0.016787,64.53,ETH-25JUL25-2200-P,2490.88,sell,25.0,25.0,,,,,,1751654402.114
1712,ETH-256593750,1751660980250,0,0.0175,0.017553,66.23,ETH-25JUL25-2200-P,2492.48,buy,1.0,1.0,,,,,,1751660980.25
1713,ETH-256593759,1751661015519,1,0.0175,0.01755,66.24,ETH-25JUL25-2200-P,2492.51,buy,1.0,1.0,,,,,,1751661015.519
1714,ETH-256593761,1751661071337,1,0.0175,0.017546,66.23,ETH-25JUL25-2200-P,2492.52,buy,1.0,1.0,,,,,,1751661071.337
1715,ETH-256595671,1751666759372,2,0.017,0.016981,66.49,ETH-25JUL25-2200-P,2499.66,sell,10.0,10.0,,,,,,1751666759.372
1717,ETH-256597091,1751667732104,3,0.016,0.015948,66.48,ETH-25JUL25-2200-P,2511.44,sell,10.0,10.0,,,,,,1751667732.104
1716,ETH-256597090,1751667732104,2,0.016,0.015948,66.48,ETH-25JUL25-2200-P,2511.44,sell,10.0,10.0,,,,,,1751667732.104
1718,ETH-256599740,1751671765896,2,0.0155,0.01578,65.88,ETH-25JUL25-2200-P,2512.6,sell,1.0,1.0,,,,,,1751671765.896
1719,ETH-256603016,1751679862040,2,0.015,0.015374,65.48,ETH-25JUL25-2200-P,2514.25,sell,20.0,20.0,,,,,,1751679862.04
1720,ETH-256609931,1751694622342,2,0.014,0.014408,64.71,ETH-25JUL25-2200-P,2519.64,sell,11.0,11.0,,,,,,1751694622.342
1721,ETH-256612292,1751699155803,2,0.0135,0.013772,64.94,ETH-25JUL25-2200-P,2528.32,sell,1.0,1.0,,,,,,1751699155.803
1722,ETH-256619734,1751709623570,3,0.0135,0.013559,64.35,ETH-25JUL25-2200-P,2522.16,sell,3.0,3.0,,,,,,1751709623.57
1723,ETH-256628396,1751732713446,0,0.014,0.014088,64.03,ETH-25JUL25-2200-P,2509.23,buy,1.0,1.0,,,,,,1751732713.446
1724,ETH-256628400,1751732713539,1,0.014,0.014088,64.03,ETH-25JUL25-2200-P,2509.23,buy,4.0,4.0,,,,,,1751732713.539
1725,ETH-256628787,1751733384731,0,0.0145,0.014616,63.95,ETH-25JUL25-2200-P,2501.64,buy,1.0,1.0,,,,,,1751733384.731
1726,ETH-256629714,1751733678077,0,0.015,0.01491,64.32,ETH-25JUL25-2200-P,2497.51,buy,1.0,1.0,,,,,,1751733678.077
1727,ETH-256631288,1751738230860,2,0.014,0.014342,63.63,ETH-25JUL25-2200-P,2504.76,sell,4.0,4.0,,,,,,1751738230.86
1728,ETH-256637546,1751760133473,2,0.013,0.013544,63.73,ETH-25JUL25-2200-P,2516.92,sell,4.0,4.0,,,,,,1751760133.473
1729,ETH-256668027,1751815331483,2,0.011,0.010955,65.54,ETH-25JUL25-2200-P,2555.75,buy,1.0,1.0,,,,,,1751815331.483
1730,ETH-256668028,1751815337884,3,0.011,0.010951,65.57,ETH-25JUL25-2200-P,2555.96,buy,1.0,1.0,,,,,,1751815337.884
1731,ETH-256671652,1751818925017,0,0.0115,0.01104,66.36,ETH-25JUL25-2200-P,2553.64,buy,14.0,14.0,,,,,,1751818925.017
1732,ETH-256671699,1751818983769,1,0.0115,0.011038,66.36,ETH-25JUL25-2200-P,2553.67,buy,13.0,13.0,,,,,,1751818983.769
1733,ETH-256671746,1751819042396,1,0.0115,0.011006,66.42,ETH-25JUL25-2200-P,2554.11,buy,15.0,15.0,,,,,,1751819042.396
1734,ETH-256671914,1751819186006,1,0.0115,0.011026,66.39,ETH-25JUL25-2200-P,2553.91,buy,18.0,18.0,,,,,,1751819186.006
1735,ETH-256672622,1751819694810,1,0.0115,0.01128,65.68,ETH-25JUL25-2200-P,2547.97,buy,1.0,1.0,,,,,,1751819694.81
1736,ETH-256676432,1751827406576,0,0.012,0.01204,64.83,ETH-25JUL25-2200-P,2531.22,buy,2.0,2.0,,,,,,1751827406.576
1737,ETH-256677525,1751828681019,2,0.0115,0.011487,64.84,ETH-25JUL25-2200-P,2538.73,buy,1.0,1.0,,,,,,1751828681.019
1738,ETH-256679248,1751833426017,2,0.011,0.011023,64.81,ETH-25JUL25-2200-P,2546.77,buy,1.0,1.0,,,,,,1751833426.017
1739,ETH-256681533,1751837431898,2,0.01,0.010117,65.29,ETH-25JUL25-2200-P,2567.32,sell,10.0,10.0,,,,,,1751837431.898
1740,ETH-256696335,1751845684058,0,0.011,0.010368,67.97,ETH-25JUL25-2200-P,2570.43,buy,10.0,10.0,,,,,,1751845684.058
1741,ETH-256705603,1751858572925,2,0.01,0.00969,66.93,ETH-25JUL25-2200-P,2576.88,sell,83.0,83.0,,,,,,1751858572.925
1742,ETH-256708893,1751865109823,0,0.0105,0.010192,67.93,ETH-25JUL25-2200-P,2575.66,sell,59.0,59.0,,,,,,1751865109.823
1743,ETH-256708894,1751865109924,1,0.0105,0.010192,67.93,ETH-25JUL25-2200-P,2575.66,sell,85.0,85.0,,,,,,1751865109.924
1744,ETH-256708895,1751865110076,1,0.0105,0.010192,67.93,ETH-25JUL25-2200-P,2575.66,sell,34.0,34.0,,,,,,1751865110.076
1745,ETH-256708896,1751865110433,1,0.0105,0.010192,67.93,ETH-25JUL25-2200-P,2575.66,sell,75.0,75.0,,,,,,1751865110.433
1746,ETH-256708897,1751865110651,1,0.0105,0.010192,67.93,ETH-25JUL25-2200-P,2575.66,sell,60.0,60.0,,,,,,1751865110.651
1747,ETH-256708898,1751865110735,1,0.0105,0.010192,67.93,ETH-25JUL25-2200-P,2575.66,sell,35.0,35.0,,,,,,1751865110.735
1748,ETH-256709238,1751865952571,1,0.0105,0.01023,67.87,ETH-25JUL25-2200-P,2574.99,buy,30.0,30.0,,,,,,1751865952.571
1749,ETH-256711927,1751871973961,0,0.011,0.010885,67.51,ETH-25JUL25-2200-P,2562.92,sell,49.0,49.0,,,,,,1751871973.961
1750,ETH-256712363,1751872485011,2,0.0105,0.010476,67.33,ETH-25JUL25-2200-P,2569.82,sell,1.0,1.0,,,,,,1751872485.011
1751,ETH-256718313,1751879798516,3,0.0105,0.010116,68.32,ETH-25JUL25-2200-P,2576.79,buy,1.0,1.0,,,,,,1751879798.516
1752,ETH-256738159,1751897055364,3,0.0105,0.010775,66.87,ETH-25JUL25-2200-P,2561.08,sell,41.0,41.0,,,,,,1751897055.364
1753,ETH-256738160,1751897055364,3,0.0105,0.010775,66.87,ETH-25JUL25-2200-P,2561.08,sell,59.0,59.0,,,,,,1751897055.364
1755,ETH-256741856,1751898759444,1,0.0115,0.011818,66.54,ETH-25JUL25-2200-P,2540.97,sell,60.0,60.0,,,,,,1751898759.444
1754,ETH-256741855,1751898759444,0,0.0115,0.011818,66.54,ETH-25JUL25-2200-P,2540.97,sell,23.0,23.0,,,,,,1751898759.444
1756,ETH-256741857,1751898759449,1,0.0115,0.011818,66.54,ETH-25JUL25-2200-P,2540.97,buy,17.0,17.0,,,,,,1751898759.449
1757,ETH-256741868,1751898776173,1,0.0115,0.011796,66.56,ETH-25JUL25-2200-P,2541.13,buy,100.0,100.0,,,,,,1751898776.173
1759,ETH-256743627,1751899783928,1,0.0115,0.011858,66.27,ETH-25JUL25-2200-P,2538.64,sell,60.0,60.0,,,,,,1751899783.928
1760,ETH-256743628,1751899783928,1,0.0115,0.011858,66.27,ETH-25JUL25-2200-P,2538.64,sell,52.0,52.0,,,,,,1751899783.928
1758,ETH-256743626,1751899783928,1,0.0115,0.011858,66.27,ETH-25JUL25-2200-P,2538.64,sell,27.0,27.0,,,,,,1751899783.928
1761,ETH-256746083,1751901527396,1,0.0115,0.011713,66.27,ETH-25JUL25-2200-P,2538.48,buy,1.0,1.0,,,,,,1751901527.396
1762,ETH-256760928,1751913164808,1,0.0115,0.012215,64.68,ETH-25JUL25-2200-P,2524.09,sell,25.0,25.0,,,,,,1751913164.808
1763,ETH-256768947,1751922721241,0,0.012,0.011418,67.27,ETH-25JUL25-2200-P,2536.02,buy,5.0,5.0,,,,,,1751922721.241
1764,ETH-256770714,1751924029952,2,0.0115,0.011725,65.69,ETH-25JUL25-2200-P,2531.01,buy,2.0,2.0,,,,,,1751924029.952
1765,ETH-256770718,1751924040351,0,0.012,0.011655,66.78,ETH-25JUL25-2200-P,2531.72,buy,2.0,2.0,,,,,,1751924040.351
1766,ETH-256783754,1751946722678,2,0.011,0.010979,66.07,ETH-25JUL25-2200-P,2537.46,sell,5.0,5.0,,,,,,1751946722.678
1767,ETH-256789641,1751960264416,2,0.01,0.009423,66.14,ETH-25JUL25-2200-P,2553.37,buy,1.0,1.0,,,,,,1751960264.416
1768,ETH-256792079,1751962957237,2,0.009,0.009184,64.23,ETH-25JUL25-2200-P,2555.32,buy,5.0,5.0,,,,,,1751962957.237
1770,ETH-256794046,1751965788041,3,0.009,0.009265,63.38,ETH-25JUL25-2200-P,2547.98,sell,17.0,17.0,,,,,,1751965788.041
1769,ETH-256794045,1751965788041,3,0.009,0.009265,63.38,ETH-25JUL25-2200-P,2547.98,sell,60.0,60.0,,,,,,1751965788.041
1771,ETH-256794047,1751965788048,3,0.009,0.009265,63.38,ETH-25JUL25-2200-P,2547.98,buy,23.0,23.0,,,,,,1751965788.048
1772,ETH-256800853,1751976765328,2,0.008,0.007843,64.96,ETH-25JUL25-2200-P,2578.48,buy,60.0,60.0,,,,,,1751976765.328
1773,ETH-256800858,1751976767922,3,0.008,0.007836,64.96,ETH-25JUL25-2200-P,2578.52,buy,60.0,60.0,,,,,,1751976767.922
1774,ETH-256803222,1751980014131,3,0.008,0.008086,65.63,ETH-25JUL25-2200-P,2584.17,sell,1.0,1.0,,,,,,1751980014.131
1775,ETH-256803223,1751980014131,3,0.008,0.008086,65.63,ETH-25JUL25-2200-P,2584.17,sell,1.0,1.0,,,,,,1751980014.131
1776,ETH-256803773,1751980835292,0,0.0085,0.008268,66.32,ETH-25JUL25-2200-P,2579.38,buy,1.0,1.0,,,,,,1751980835.292
1778,ETH-256805011,1751982351127,3,0.008,0.007992,65.88,ETH-25JUL25-2200-P,2585.54,sell,19.0,19.0,,,,,,1751982351.127
1777,ETH-256805010,1751982351127,2,0.008,0.007992,65.88,ETH-25JUL25-2200-P,2585.54,sell,1.0,1.0,,,,,,1751982351.127
1779,ETH-256809280,1751985136147,0,0.0085,0.008395,65.77,ETH-25JUL25-2200-P,2573.38,sell,5.0,5.0,,,,,,1751985136.147
1781,ETH-256812356,1751988726766,1,0.0085,0.0087,64.62,ETH-25JUL25-2200-P,2562.87,sell,1.0,1.0,,,,,,1751988726.766
1782,ETH-256812357,1751988726766,1,0.0085,0.0087,64.62,ETH-25JUL25-2200-P,2562.87,sell,32.0,32.0,,,,,,1751988726.766
1780,ETH-256812355,1751988726766,1,0.0085,0.0087,64.62,ETH-25JUL25-2200-P,2562.87,sell,67.0,67.0,,,,,,1751988726.766
1783,ETH-256816378,1751994268872,2,0.0075,0.007767,64.3,ETH-25JUL25-2200-P,2580.72,sell,13.0,13.0,,,,,,1751994268.872
1784,ETH-256820971,1751995065455,2,0.007,0.006767,66.86,ETH-25JUL25-2200-P,2615.01,buy,30.0,30.0,,,,,,1751995065.455
1785,ETH-256820972,1751995065459,3,0.007,0.006767,66.86,ETH-25JUL25-2200-P,2615.01,sell,170.0,170.0,,,,,,1751995065.459
1786,ETH-256823184,1751995828105,2,0.0065,0.006672,65.76,ETH-25JUL25-2200-P,2617.11,buy,1.0,1.0,,,,,,1751995828.105
1787,ETH-256831157,1752001273289,3,0.0065,0.006414,66.62,ETH-25JUL25-2200-P,2623.86,buy,23.0,23.0,,,,,,1752001273.289
1788,ETH-256844208,1752023295882,3,0.0065,0.006571,67.05,ETH-25JUL25-2200-P,2621.95,sell,10.0,10.0,,,,,,1752023295.882
1789,ETH-256846608,1752027013556,0,0.007,0.007047,66.99,ETH-25JUL25-2200-P,2608.39,buy,5.0,5.0,,,,,,1752027013.556
1790,ETH-256847377,1752029384215,1,0.007,0.007083,66.7,ETH-25JUL25-2200-P,2605.31,buy,6.0,6.0,,,,,,1752029384.215
1791,ETH-256847526,1752029796027,2,0.0067,0.007113,65.7,ETH-25JUL25-2200-P,2603.67,sell,250.0,250.0,2.0,BLOCK-209202,,ETH-RR-25JUL25-2200_2800,,1752029796.027
1792,ETH-256847529,1752029797245,0,0.0068,0.007113,65.92,ETH-25JUL25-2200-P,2603.22,sell,250.0,250.0,2.0,BLOCK-209203,,ETH-RR-25JUL25-2200_2800,,1752029797.245
1793,ETH-256847549,1752029845401,2,0.0067,0.007132,65.63,ETH-25JUL25-2200-P,2603.09,sell,250.0,250.0,2.0,BLOCK-209204,,ETH-RR-25JUL25-2200_2800,,1752029845.401
1794,ETH-256847574,1752029865590,3,0.0067,0.007114,65.66,ETH-25JUL25-2200-P,2603.31,sell,250.0,250.0,2.0,BLOCK-209205,,ETH-RR-25JUL25-2200_2800,,1752029865.59
1795,ETH-256847601,1752030008836,3,0.0067,0.007064,65.71,ETH-25JUL25-2200-P,2603.64,sell,250.0,250.0,2.0,BLOCK-209206,,ETH-RR-25JUL25-2200_2800,,1752030008.836
1796,ETH-256847611,1752030023798,3,0.0067,0.00705,65.73,ETH-25JUL25-2200-P,2603.74,sell,250.0,250.0,2.0,BLOCK-209207,,ETH-RR-25JUL25-2200_2800,,1752030023.798
1797,ETH-256847627,1752030034839,3,0.0067,0.007042,65.75,ETH-25JUL25-2200-P,2603.92,sell,250.0,250.0,2.0,BLOCK-209208,,ETH-RR-25JUL25-2200_2800,,1752030034.839
1798,ETH-256849514,1752033492249,0,0.0075,0.007543,66.52,ETH-25JUL25-2200-P,2591.38,buy,26.0,26.0,,,,,,1752033492.249
1799,ETH-256860524,1752044675880,2,0.006,0.00651,66.86,ETH-25JUL25-2200-P,2629.48,sell,25.0,25.0,,,,,,1752044675.88
1800,ETH-256862002,1752047095831,0,0.0065,0.006603,67.6,ETH-25JUL25-2200-P,2622.15,buy,40.0,40.0,,,,,,1752047095.831
1801,ETH-256870499,1752059196992,2,0.006,0.005932,66.29,ETH-25JUL25-2200-P,2621.65,sell,1.0,1.0,,,,,,1752059196.992
1802,ETH-256876394,1752063310052,2,0.0055,0.005447,67.96,ETH-25JUL25-2200-P,2650.51,sell,7.0,7.0,,,,,,1752063310.052
1803,ETH-256880477,1752064140643,2,0.0051,0.00513,67.9,ETH-25JUL25-2200-P,2661.16,sell,40.0,40.0,,,,ETH-PBUT-25JUL25-2000_2200_2400,ETH-256880474,1752064140.643
1804,ETH-256880642,1752064164670,3,0.0051,0.005087,68.2,ETH-25JUL25-2200-P,2663.9,buy,20.0,20.0,,,,ETH-PBUT-25JUL25-2000_2200_2400,ETH-256880639,1752064164.67
1805,ETH-256886816,1752067471554,2,0.005,0.005252,67.79,ETH-25JUL25-2200-P,2662.76,sell,2.0,2.0,,,,,,1752067471.554
1806,ETH-256889739,1752068856461,3,0.005,0.005136,68.23,ETH-25JUL25-2200-P,2666.85,buy,5.0,5.0,,,,,,1752068856.461
1807,ETH-256889941,1752068962523,0,0.0051,0.005091,68.77,ETH-25JUL25-2200-P,2668.72,buy,30.0,30.0,,,,ETH-PBUT-25JUL25-1900_2200_2500,ETH-256889940,1752068962.523
1808,ETH-256913064,1752084538489,2,0.0045,0.004209,69.51,ETH-25JUL25-2200-P,2693.39,sell,1.0,1.0,,,,,,1752084538.489
1809,ETH-256919486,1752085585541,2,0.0041,0.003991,70.14,ETH-25JUL25-2200-P,2715.67,buy,1.0,1.0,,,,,,1752085585.541
1810,ETH-256922576,1752087584187,2,0.0039,0.004011,69.79,ETH-25JUL25-2200-P,2719.47,sell,1.0,1.0,,,,,,1752087584.187
1811,ETH-256924001,1752088420645,0,0.0043,0.004002,71.75,ETH-25JUL25-2200-P,2722.94,buy,1.0,1.0,,,,,,1752088420.645
1812,ETH-256929441,1752089763819,2,0.004,0.003891,72.21,ETH-25JUL25-2200-P,2739.56,buy,20.0,20.0,,,,,,1752089763.819
1813,ETH-256934368,1752090372808,2,0.0038,0.003697,73.09,ETH-25JUL25-2200-P,2757.42,buy,100.0,100.0,,,,,,1752090372.808
1814,ETH-256937621,1752090756983,2,0.0036,0.003324,74.75,ETH-25JUL25-2200-P,2784.55,sell,1.0,1.0,,,,,,1752090756.983
1815,ETH-256951219,1752093606757,0,0.004,0.003926,71.85,ETH-25JUL25-2200-P,2734.54,buy,20.0,20.0,,,,,,1752093606.757
1816,ETH-256954451,1752095800012,2,0.0039,0.003763,72.47,ETH-25JUL25-2200-P,2744.48,sell,1.0,1.0,,,,,,1752095800.012
1817,ETH-256954524,1752095918404,2,0.0037,0.003657,72.05,ETH-25JUL25-2200-P,2748.72,buy,56.0,56.0,,,,,,1752095918.404
1818,ETH-256959337,1752099450297,2,0.0034,0.003386,73.25,ETH-25JUL25-2200-P,2774.68,sell,30.0,30.0,,,,ETH-PBUT-25JUL25-1900_2200_2500,ETH-256959335,1752099450.297
1819,ETH-256961171,1752100030886,0,0.0035,0.003497,72.86,ETH-25JUL25-2200-P,2765.67,buy,20.0,20.0,,,,,,1752100030.886
1820,ETH-256963078,1752100835526,2,0.0034,0.003356,73.23,ETH-25JUL25-2200-P,2773.97,buy,10.0,10.0,,,,ETH-PBUT-25JUL25-1900_2200_2500,ETH-256963075,1752100835.526
1821,ETH-256966730,1752102108248,0,0.0037,0.003598,75.0,ETH-25JUL25-2200-P,2778.67,buy,20.0,20.0,,,,,,1752102108.248
1822,ETH-256971815,1752106622156,2,0.0036,0.003878,73.86,ETH-25JUL25-2200-P,2768.92,sell,120.0,120.0,,,,,,1752106622.156
1823,ETH-256971822,1752106634495,0,0.0037,0.00388,74.29,ETH-25JUL25-2200-P,2768.74,buy,5.0,5.0,,,,,,1752106634.495
1824,ETH-256975416,1752110388595,0,0.0038,0.003596,74.93,ETH-25JUL25-2200-P,2771.22,buy,1.0,1.0,,,,,,1752110388.595
1825,ETH-256975429,1752110390903,2,0.0036,0.003583,74.15,ETH-25JUL25-2200-P,2772.47,buy,30.0,30.0,,,,ETH-PBUT-25JUL25-1900_2200_2500,ETH-256975428,1752110390.903
1826,ETH-256976146,1752111169259,2,0.0034,0.003603,73.01,ETH-25JUL25-2200-P,2769.99,sell,1500.0,1500.0,1.0,BLOCK-209433,,,,1752111169.259
1827,ETH-256976154,1752111175767,2,0.0033,0.0036,72.58,ETH-25JUL25-2200-P,2770.39,sell,1500.0,1500.0,1.0,BLOCK-209434,,,,1752111175.767
1828,ETH-256976169,1752111186350,0,0.0035,0.003587,73.55,ETH-25JUL25-2200-P,2770.74,sell,1500.0,1500.0,1.0,BLOCK-209435,,,,1752111186.35
1829,ETH-256976177,1752111202443,2,0.0034,0.003588,73.1,ETH-25JUL25-2200-P,2770.81,sell,1500.0,1500.0,1.0,BLOCK-209436,,,,1752111202.443
1830,ETH-256976211,1752111233169,0,0.0035,0.003534,73.83,ETH-25JUL25-2200-P,2773.54,buy,2.0,2.0,,,,ETH-PBUT-25JUL25-1900_2200_2500,ETH-256976208,1752111233.169
1831,ETH-256976236,1752111258642,2,0.0034,0.003556,73.26,ETH-25JUL25-2200-P,2772.51,sell,684.0,684.0,1.0,BLOCK-209438,,,,1752111258.642
1832,ETH-256977124,1752112230792,0,0.0036,0.003491,74.38,ETH-25JUL25-2200-P,2773.55,buy,1.0,1.0,,,,,,1752112230.792
1833,ETH-256977301,1752112414119,1,0.0036,0.003427,74.72,ETH-25JUL25-2200-P,2777.22,buy,1.0,1.0,,,,,,1752112414.119
1834,ETH-256977571,1752112664082,1,0.0036,0.003428,74.81,ETH-25JUL25-2200-P,2778.07,buy,1.0,1.0,,,,,,1752112664.082
1835,ETH-256977739,1752112868302,0,0.0037,0.003472,75.05,ETH-25JUL25-2200-P,2775.87,buy,1.0,1.0,,,,,,1752112868.302
1836,ETH-256978024,1752113082262,2,0.0036,0.003412,75.01,ETH-25JUL25-2200-P,2779.73,buy,1.0,1.0,,,,,,1752113082.262
1837,ETH-256978555,1752113287684,3,0.0036,0.003392,75.19,ETH-25JUL25-2200-P,2782.12,buy,1.0,1.0,,,,,,1752113287.684
1838,ETH-256979847,1752113632602,3,0.0036,0.00332,75.81,ETH-25JUL25-2200-P,2788.77,buy,1.0,1.0,,,,,,1752113632.602
1839,ETH-256980306,1752113933075,0,0.0037,0.003502,75.96,ETH-25JUL25-2200-P,2785.63,buy,1.0,1.0,,,,,,1752113933.075
1840,ETH-256980660,1752114217407,0,0.0038,0.003548,76.66,ETH-25JUL25-2200-P,2788.36,buy,1.0,1.0,,,,,,1752114217.407
1841,ETH-256981234,1752114386350,2,0.0034,0.003439,75.77,ETH-25JUL25-2200-P,2798.17,buy,40.0,40.0,,,,ETH-PBUT-25JUL25-1900_2200_2500,ETH-256981232,1752114386.35
1842,ETH-256981645,1752114518674,0,0.0038,0.003496,77.18,ETH-25JUL25-2200-P,2793.66,buy,1.0,1.0,,,,,,1752114518.674
1844,ETH-256982575,1752115099099,1,0.0039,0.003789,76.25,ETH-25JUL25-2200-P,2778.77,buy,32.0,32.0,,,,,,1752115099.099
1843,ETH-256982574,1752115099099,0,0.0039,0.003789,76.25,ETH-25JUL25-2200-P,2778.77,buy,20.0,20.0,,,,,,1752115099.099
1845,ETH-256982576,1752115099110,1,0.0039,0.003789,76.25,ETH-25JUL25-2200-P,2778.77,buy,32.0,32.0,,,,,,1752115099.11
1846,ETH-256984455,1752116945219,2,0.0037,0.003656,76.53,ETH-25JUL25-2200-P,2790.85,buy,40.0,40.0,,,,ETH-PBUT-25JUL25-1900_2200_2500,ETH-256984452,1752116945.219
1847,ETH-257003633,1752132497553,2,0.0033,0.003434,76.6,ETH-25JUL25-2200-P,2807.53,sell,20.0,20.0,,,,,,1752132497.553
1848,ETH-257005007,1752132944129,0,0.0035,0.003331,77.98,ETH-25JUL25-2200-P,2811.46,buy,7.0,7.0,,,,,,1752132944.129
1849,ETH-257005008,1752132944132,1,0.0035,0.003331,77.98,ETH-25JUL25-2200-P,2811.46,sell,13.0,13.0,,,,,,1752132944.132
1850,ETH-257006868,1752133493127,2,0.0033,0.003531,75.71,ETH-25JUL25-2200-P,2796.98,sell,1.0,1.0,,,,,,1752133493.127
1851,ETH-257010771,1752135703956,0,0.0034,0.003447,75.85,ETH-25JUL25-2200-P,2792.75,buy,2.0,2.0,,,,,,1752135703.956
1854,ETH-257011670,1752136231369,3,0.0034,0.003521,75.65,ETH-25JUL25-2200-P,2789.9,sell,135.0,135.0,,,,,,1752136231.369
1852,ETH-257011668,1752136231369,0,0.0035,0.003521,76.13,ETH-25JUL25-2200-P,2789.9,sell,35.0,35.0,,,,,,1752136231.369
1853,ETH-257011669,1752136231369,2,0.0034,0.003521,75.65,ETH-25JUL25-2200-P,2789.9,sell,30.0,30.0,,,,,,1752136231.369
1855,ETH-257013348,1752137161843,0,0.0038,0.003676,77.83,ETH-25JUL25-2200-P,2792.87,buy,5.0,5.0,,,,,,1752137161.843
1856,ETH-257014493,1752138106813,2,0.0037,0.003836,77.12,ETH-25JUL25-2200-P,2790.11,sell,1.0,1.0,,,,,,1752138106.813
1857,ETH-257015079,1752138743441,0,0.0039,0.003984,77.45,ETH-25JUL25-2200-P,2784.1,sell,23.0,23.0,,,,,,1752138743.441
1858,ETH-257020601,1752145095105,0,0.0041,0.003892,78.65,ETH-25JUL25-2200-P,2786.05,buy,1.0,1.0,,,,,,1752145095.105
1859,ETH-257029600,1752154443144,2,0.0039,0.0039,77.42,ETH-25JUL25-2200-P,2779.79,buy,19.0,19.0,,,,,,1752154443.144
1860,ETH-257054664,1752167120722,2,0.0037,0.003477,80.4,ETH-25JUL25-2200-P,2816.77,buy,75.0,75.0,,,,,,1752167120.722
1861,ETH-257058946,1752168655496,0,0.0038,0.003591,81.14,ETH-25JUL25-2200-P,2819.48,buy,300.0,300.0,2.0,BLOCK-209632,,,,1752168655.496
1862,ETH-257060326,1752169255260,2,0.0035,0.003599,79.87,ETH-25JUL25-2200-P,2820.81,sell,50.0,50.0,,,,,,1752169255.26
1863,ETH-257064140,1752170853451,0,0.0036,0.003307,82.35,ETH-25JUL25-2200-P,2841.62,buy,2.0,2.0,,,,,,1752170853.451
1864,ETH-257067138,1752171928634,1,0.0036,0.00364,79.8,ETH-25JUL25-2200-P,2814.25,buy,53.0,53.0,,,,,,1752171928.634
1865,ETH-257084552,1752182595907,2,0.003,0.002844,82.96,ETH-25JUL25-2200-P,2878.96,sell,2.0,2.0,,,,,,1752182595.907
1866,ETH-257085386,1752182639318,2,0.0027,0.002699,82.63,ETH-25JUL25-2200-P,2895.72,sell,1.0,1.0,,,,,,1752182639.318
1867,ETH-257097717,1752183638175,0,0.0028,0.002617,85.84,ETH-25JUL25-2200-P,2928.32,sell,5.0,5.0,,,,,,1752183638.175
1868,ETH-257108952,1752184086803,0,0.0029,0.002772,87.89,ETH-25JUL25-2200-P,2945.68,buy,75.0,75.0,,,,,,1752184086.803
1871,ETH-257117719,1752184330741,1,0.0029,0.002462,90.42,ETH-25JUL25-2200-P,2974.49,buy,118.0,118.0,,,,,,1752184330.741
1870,ETH-257117718,1752184330741,0,0.0029,0.002462,90.42,ETH-25JUL25-2200-P,2974.49,buy,30.0,30.0,,,,,,1752184330.741
1869,ETH-257117717,1752184330741,2,0.0028,0.002462,89.8,ETH-25JUL25-2200-P,2974.49,buy,2.0,2.0,,,,,,1752184330.741
1872,ETH-257155919,1752193033849,0,0.003,0.002934,87.87,ETH-25JUL25-2200-P,2934.73,sell,15.0,15.0,,,,,,1752193033.849
1873,ETH-257178994,1752204747790,2,0.0023,0.002388,86.7,ETH-25JUL25-2200-P,2968.58,sell,1.0,1.0,,,,,,1752204747.79
1874,ETH-257186486,1752209594140,3,0.0023,0.002324,86.92,ETH-25JUL25-2200-P,2967.54,sell,1.0,1.0,,,,,,1752209594.14
1875,ETH-257205122,1752213362466,0,0.0025,0.002487,91.77,ETH-25JUL25-2200-P,3008.01,buy,5.0,5.0,,,,,,1752213362.466
1876,ETH-257205123,1752213362466,1,0.0025,0.002487,91.77,ETH-25JUL25-2200-P,3008.01,buy,3.0,3.0,,,,,,1752213362.466
1877,ETH-257205124,1752213362466,1,0.0025,0.002487,91.77,ETH-25JUL25-2200-P,3008.01,buy,304.0,304.0,,,,,,1752213362.466
1878,ETH-257205128,1752213362506,1,0.0025,0.002487,91.77,ETH-25JUL25-2200-P,3008.01,buy,312.0,312.0,,,,,,1752213362.506
1879,ETH-257208364,1752214214852,1,0.0025,0.00244,92.19,ETH-25JUL25-2200-P,3012.67,buy,4.0,4.0,,,,,,1752214214.852
1880,ETH-257208365,1752214215053,1,0.0025,0.00244,92.19,ETH-25JUL25-2200-P,3012.67,buy,9.0,9.0,,,,,,1752214215.053
1881,ETH-257208366,1752214215287,1,0.0025,0.00244,92.19,ETH-25JUL25-2200-P,3012.67,buy,3.0,3.0,,,,,,1752214215.287
1882,ETH-257210248,1752214970067,2,0.0024,0.002349,92.35,ETH-25JUL25-2200-P,3022.82,sell,3.0,3.0,,,,,,1752214970.067
1883,ETH-257213183,1752216499782,3,0.0024,0.002454,90.57,ETH-25JUL25-2200-P,3000.62,buy,1.0,1.0,,,,,,1752216499.782
1884,ETH-257217066,1752217480230,0,0.0025,0.002499,89.91,ETH-25JUL25-2200-P,2982.82,buy,330.0,330.0,,,,,,1752217480.23
1885,ETH-257217067,1752217480237,1,0.0025,0.002499,89.91,ETH-25JUL25-2200-P,2982.82,buy,330.0,330.0,,,,,,1752217480.237
1886,ETH-257217571,1752217649658,1,0.0025,0.002479,89.9,ETH-25JUL25-2200-P,2982.34,buy,125.0,125.0,,,,,,1752217649.658
1887,ETH-257217702,1752217688033,1,0.0025,0.002492,89.81,ETH-25JUL25-2200-P,2981.29,buy,125.0,125.0,,,,,,1752217688.033
1888,ETH-257218415,1752217879296,1,0.0025,0.002418,90.42,ETH-25JUL25-2200-P,2988.05,buy,1.0,1.0,,,,,,1752217879.296
1889,ETH-257218430,1752217881209,1,0.0025,0.002417,90.36,ETH-25JUL25-2200-P,2987.27,buy,3.0,3.0,,,,,,1752217881.209
1890,ETH-257218772,1752218002693,1,0.0025,0.002496,89.89,ETH-25JUL25-2200-P,2982.26,buy,454.0,454.0,,,,,,1752218002.693
1891,ETH-257246688,1752226366109,2,0.0021,0.002147,90.21,ETH-25JUL25-2200-P,3018.43,buy,1.0,1.0,,,,,,1752226366.109
1892,ETH-257247832,1752226600710,2,0.0019,0.001973,89.91,ETH-25JUL25-2200-P,3034.3,sell,1.0,1.0,,,,,,1752226600.71
1893,ETH-257247834,1752226600851,3,0.0019,0.001973,89.91,ETH-25JUL25-2200-P,3034.3,buy,2.0,2.0,,,,,,1752226600.851
1894,ETH-257247844,1752226602121,0,0.002,0.001968,90.65,ETH-25JUL25-2200-P,3033.36,buy,1.0,1.0,,,,,,1752226602.121
1895,ETH-257248710,1752226705333,1,0.002,0.002001,90.63,ETH-25JUL25-2200-P,3033.37,buy,10.0,10.0,,,,,,1752226705.333
1896,ETH-257259445,1752230728055,1,0.002,0.002033,88.79,ETH-25JUL25-2200-P,3007.55,sell,1.0,1.0,,,,,,1752230728.055
1897,ETH-257261102,1752232069331,1,0.002,0.001992,88.04,ETH-25JUL25-2200-P,2998.47,buy,13.0,13.0,,,,,,1752232069.331
1898,ETH-257286856,1752244046006,1,0.002,0.002044,88.6,ETH-25JUL25-2200-P,2999.4,sell,2.0,2.0,,,,,,1752244046.006
1900,ETH-257305880,1752250566919,1,0.002,0.002039,85.55,ETH-25JUL25-2200-P,2959.01,sell,1.0,1.0,,,,,,1752250566.919
1899,ETH-257305879,1752250566919,1,0.002,0.002039,85.55,ETH-25JUL25-2200-P,2959.01,sell,33.0,33.0,,,,,,1752250566.919
1901,ETH-257305881,1752250566929,1,0.002,0.002039,85.55,ETH-25JUL25-2200-P,2959.01,buy,20.0,20.0,,,,,,1752250566.929
1902,ETH-257305882,1752250566934,1,0.002,0.002039,85.55,ETH-25JUL25-2200-P,2959.01,buy,646.0,646.0,,,,,,1752250566.934
1903,ETH-257306501,1752250825444,0,0.0022,0.002086,86.18,ETH-25JUL25-2200-P,2948.73,buy,40.0,40.0,,,,,,1752250825.444
1904,ETH-257306519,1752250832075,0,0.0023,0.002122,86.8,ETH-25JUL25-2200-P,2947.61,buy,27.0,27.0,,,,,,1752250832.075
1905,ETH-257306522,1752250834456,1,0.0023,0.002121,86.82,ETH-25JUL25-2200-P,2947.94,buy,27.0,27.0,,,,,,1752250834.456
1906,ETH-257306770,1752250963583,2,0.0022,0.0022,87.02,ETH-25JUL25-2200-P,2958.41,sell,182.0,182.0,,,,,,1752250963.583
1907,ETH-257368328,1752308184991,3,0.0022,0.002009,89.62,ETH-25JUL25-2200-P,2968.13,buy,500.0,500.0,2.0,BLOCK-210184,,ETH-RR-25JUL25-2200_3200,,1752308184.991
1908,ETH-257451731,1752416318736,0,0.0023,0.002011,98.96,ETH-25JUL25-2200-P,3006.12,buy,2.0,2.0,,,,,,1752416318.736
1909,ETH-257451732,1752416318739,1,0.0023,0.002011,98.96,ETH-25JUL25-2200-P,3006.12,sell,18.0,18.0,,,,,,1752416318.739
1910,ETH-257457774,1752419352059,0,0.0024,0.002155,98.87,ETH-25JUL25-2200-P,2995.3,buy,530.0,530.0,3.0,BLOCK-210325,8619.0,,,1752419352.059
1911,ETH-257503371,1752447634598,2,0.0019,0.001814,92.95,ETH-25JUL25-2200-P,2961.47,buy,1.0,1.0,,,,,,1752447634.598
1912,ETH-257504180,1752448235629,3,0.0019,0.001843,92.71,ETH-25JUL25-2200-P,2958.53,sell,1.0,1.0,,,,,,1752448235.629
1913,ETH-257505217,1752450217979,3,0.0019,0.001842,93.4,ETH-25JUL25-2200-P,2964.85,sell,1.0,1.0,,,,,,1752450217.979
1914,ETH-257512899,1752457233634,3,0.0019,0.001773,94.23,ETH-25JUL25-2200-P,2969.62,buy,2.0,2.0,,,,,,1752457233.634
1915,ETH-257512900,1752457233637,3,0.0019,0.001773,94.23,ETH-25JUL25-2200-P,2969.62,sell,8.0,8.0,,,,,,1752457233.637
1916,ETH-257513311,1752457674248,2,0.0016,0.001774,91.64,ETH-25JUL25-2200-P,2971.59,sell,10.0,10.0,,,,,,1752457674.248
1917,ETH-257547130,1752471946118,3,0.0016,0.001672,97.85,ETH-25JUL25-2200-P,3035.44,sell,100.0,100.0,,,,,,1752471946.118
1918,ETH-257561811,1752480944423,2,0.0014,0.001567,95.7,ETH-25JUL25-2200-P,3029.76,sell,1.0,1.0,,,,,,1752480944.423
1919,ETH-257572419,1752487738548,0,0.0017,0.00147,99.44,ETH-25JUL25-2200-P,3031.89,buy,50.0,50.0,3.0,BLOCK-210487,,,,1752487738.548
1920,ETH-257581725,1752491422745,2,0.0013,0.001323,99.08,ETH-25JUL25-2200-P,3076.46,sell,1.0,1.0,,,,,,1752491422.745
1921,ETH-257640980,1752522701102,0,0.0019,0.001936,99.45,ETH-25JUL25-2200-P,2993.08,sell,58.0,58.0,,,,,,1752522701.102
1922,ETH-257647218,1752531032524,2,0.0016,0.0017,98.49,ETH-25JUL25-2200-P,3008.8,sell,1.0,1.0,,,,,,1752531032.524
1923,ETH-257660018,1752544474032,0,0.0019,0.001703,101.01,ETH-25JUL25-2200-P,2996.6,buy,1.0,1.0,,,,,,1752544474.032
1924,ETH-257677456,1752552130368,1,0.0019,0.001894,97.27,ETH-25JUL25-2200-P,2951.82,sell,1.0,1.0,,,,,,1752552130.368
1925,ETH-257678488,1752552636183,0,0.0021,0.002032,97.55,ETH-25JUL25-2200-P,2936.18,sell,1.0,1.0,,,,,,1752552636.183
1926,ETH-257678943,1752552973252,2,0.0019,0.001908,97.95,ETH-25JUL25-2200-P,2957.75,sell,22.0,22.0,,,,,,1752552973.252
1927,ETH-257678955,1752552977371,3,0.0019,0.001906,97.97,ETH-25JUL25-2200-P,2957.96,sell,22.0,22.0,,,,,,1752552977.371
1928,ETH-257679211,1752553236164,0,0.002,0.001942,99.05,ETH-25JUL25-2200-P,2960.31,sell,1.0,1.0,,,,,,1752553236.164
1930,ETH-257708137,1752582601800,3,0.0012,0.001241,94.21,ETH-25JUL25-2200-P,2980.57,sell,5.0,5.0,,,,,,1752582601.8
1929,ETH-257708136,1752582601800,2,0.0012,0.001241,94.21,ETH-25JUL25-2200-P,2980.57,sell,1.0,1.0,,,,,,1752582601.8
1931,ETH-257763058,1752601798744,2,0.001,0.000953,102.55,ETH-25JUL25-2200-P,3092.11,buy,1.0,1.0,,,,,,1752601798.744
1932,ETH-257767769,1752603024570,3,0.001,0.000978,102.11,ETH-25JUL25-2200-P,3085.11,buy,2.0,2.0,,,,,,1752603024.57
1933,ETH-257767788,1752603026679,3,0.001,0.000979,102.14,ETH-25JUL25-2200-P,3085.42,buy,5.0,5.0,,,,,,1752603026.679
1934,ETH-257767836,1752603028821,3,0.001,0.000975,102.2,ETH-25JUL25-2200-P,3086.13,buy,1.0,1.0,,,,,,1752603028.821
1935,ETH-257767842,1752603035092,3,0.001,0.000972,102.22,ETH-25JUL25-2200-P,3086.38,buy,2.0,2.0,,,,,,1752603035.092
1936,ETH-257793814,1752618086133,2,0.0009,0.001041,100.78,ETH-25JUL25-2200-P,3079.3,sell,1.0,1.0,,,,,,1752618086.133
1937,ETH-257793815,1752618094607,3,0.0009,0.001043,100.75,ETH-25JUL25-2200-P,3078.97,sell,1.0,1.0,,,,,,1752618094.607
1938,ETH-257793833,1752618137384,3,0.0009,0.00105,100.63,ETH-25JUL25-2200-P,3077.65,sell,1.0,1.0,,,,,,1752618137.384
1939,ETH-257801135,1752621023164,0,0.001,0.000961,107.42,ETH-25JUL25-2200-P,3136.6,buy,1.0,1.0,,,,,,1752621023.164
1940,ETH-257819505,1752632691234,2,0.0009,0.000928,104.78,ETH-25JUL25-2200-P,3117.21,sell,5.0,5.0,,,,,,1752632691.234
1941,ETH-257823369,1752637396668,3,0.0009,0.000853,104.98,ETH-25JUL25-2200-P,3115.69,sell,1.0,1.0,,,,,,1752637396.668
1942,ETH-257823813,1752638146688,2,0.0008,0.000826,103.34,ETH-25JUL25-2200-P,3116.57,buy,169.0,169.0,,,,,,1752638146.688
1943,ETH-257842945,1752651481239,2,0.0007,0.00073,106.79,ETH-25JUL25-2200-P,3171.32,sell,1.0,1.0,,,,,,1752651481.239
1944,ETH-257864502,1752663010404,0,0.0008,0.000709,108.14,ETH-25JUL25-2200-P,3154.16,buy,5.0,5.0,,,,,,1752663010.404
1945,ETH-257866041,1752665037985,2,0.0007,0.000732,105.95,ETH-25JUL25-2200-P,3150.04,sell,1.0,1.0,,,,,,1752665037.985
1946,ETH-257866117,1752665071820,3,0.0007,0.000699,105.84,ETH-25JUL25-2200-P,3148.74,buy,6.0,6.0,,,,,,1752665071.82
1947,ETH-257866125,1752665078714,3,0.0007,0.000701,105.87,ETH-25JUL25-2200-P,3149.02,buy,13.0,13.0,,,,,,1752665078.714
1948,ETH-257911335,1752678263552,2,0.0006,0.000593,113.68,ETH-25JUL25-2200-P,3261.95,buy,7.0,7.0,,,,,,1752678263.552
1949,ETH-257911353,1752678266792,3,0.0006,0.000592,113.67,ETH-25JUL25-2200-P,3261.84,buy,1.0,1.0,,,,,,1752678266.792
1950,ETH-257911356,1752678266919,3,0.0006,0.000592,113.67,ETH-25JUL25-2200-P,3261.84,buy,2.0,2.0,,,,,,1752678266.919
1951,ETH-257911359,1752678269250,3,0.0006,0.000593,113.61,ETH-25JUL25-2200-P,3261.06,buy,2.0,2.0,,,,,,1752678269.25
1952,ETH-257911360,1752678270159,3,0.0006,0.000593,113.61,ETH-25JUL25-2200-P,3261.06,buy,3.0,3.0,,,,,,1752678270.159
1953,ETH-257911540,1752678311061,3,0.0006,0.0006,113.31,ETH-25JUL25-2200-P,3257.53,buy,20.0,20.0,,,,,,1752678311.061
1954,ETH-257911543,1752678311140,3,0.0006,0.0006,113.31,ETH-25JUL25-2200-P,3257.53,buy,2.0,2.0,,,,,,1752678311.14
1955,ETH-257911846,1752678392868,3,0.0006,0.000579,113.65,ETH-25JUL25-2200-P,3261.78,buy,1.0,1.0,,,,,,1752678392.868
1956,ETH-257911852,1752678394944,3,0.0006,0.000582,113.62,ETH-25JUL25-2200-P,3261.38,buy,2.0,2.0,,,,,,1752678394.944
1957,ETH-257913242,1752678760591,3,0.0006,0.000608,112.47,ETH-25JUL25-2200-P,3246.78,buy,10.0,10.0,,,,,,1752678760.591
1958,ETH-257958991,1752689448805,3,0.0006,0.000553,120.84,ETH-25JUL25-2200-P,3343.65,sell,1.0,1.0,,,,,,1752689448.805
1959,ETH-257970910,1752692272688,3,0.0006,0.000541,120.46,ETH-25JUL25-2200-P,3336.25,buy,10.0,10.0,,,,,,1752692272.688
1960,ETH-257998277,1752696856538,2,0.0005,0.000562,121.92,ETH-25JUL25-2200-P,3391.01,sell,200.0,200.0,2.0,BLOCK-211319,,ETH-PSR12-25JUL25-2400_2200,,1752696856.538
1961,ETH-258003593,1752697270938,0,0.0007,0.000516,129.41,ETH-25JUL25-2200-P,3416.51,buy,1.0,1.0,,,,,,1752697270.938
1962,ETH-258062924,1752711960865,2,0.0005,0.000591,123.14,ETH-25JUL25-2200-P,3390.74,sell,1.0,1.0,,,,,,1752711960.865
1963,ETH-258062925,1752711960865,2,0.0004,0.000591,119.77,ETH-25JUL25-2200-P,3390.74,sell,9.0,9.0,,,,,,1752711960.865
1964,ETH-258076418,1752717168318,0,0.0007,0.000689,123.99,ETH-25JUL25-2200-P,3324.98,sell,88.0,88.0,,,,,,1752717168.318
1965,ETH-258171848,1752749685095,2,0.0006,0.000682,134.98,ETH-25JUL25-2200-P,3457.85,sell,1.0,1.0,,,,,,1752749685.095
1966,ETH-258171857,1752749693560,2,0.0005,0.000661,131.91,ETH-25JUL25-2200-P,3458.54,sell,99.0,99.0,,,,,,1752749693.56
1967,ETH-258172930,1752750082401,3,0.0005,0.00059,131.53,ETH-25JUL25-2200-P,3452.72,sell,100.0,100.0,,,,,,1752750082.401
1968,ETH-258173408,1752750352869,0,0.0006,0.000573,134.49,ETH-25JUL25-2200-P,3450.48,buy,100.0,100.0,,,,,,1752750352.869
1969,ETH-258205596,1752760170888,0,0.0007,0.000582,133.1,ETH-25JUL25-2200-P,3387.94,buy,20.0,20.0,,,,,,1752760170.888
1971,ETH-258221487,1752763206045,3,0.0005,0.000527,130.75,ETH-25JUL25-2200-P,3428.66,sell,1.0,1.0,,,,,,1752763206.045
1970,ETH-258221486,1752763206045,2,0.0005,0.000527,130.75,ETH-25JUL25-2200-P,3428.66,sell,5.0,5.0,,,,,,1752763206.045
1972,ETH-258324020,1752799364341,2,0.0003,0.000336,131.85,ETH-25JUL25-2200-P,3500.52,sell,1.0,1.0,,,,,,1752799364.341
1973,ETH-258324021,1752799364341,3,0.0003,0.000336,131.85,ETH-25JUL25-2200-P,3500.52,sell,4.0,4.0,,,,,,1752799364.341
1974,ETH-258365147,1752808410089,2,0.0002,0.000316,133.82,ETH-25JUL25-2200-P,3597.69,sell,1.0,1.0,,,,,,1752808410.089
1975,ETH-258365148,1752808410089,3,0.0002,0.000316,133.82,ETH-25JUL25-2200-P,3597.69,sell,190.0,190.0,,,,,,1752808410.089
1979,ETH-258365359,1752808546903,3,0.0001,0.000204,124.66,ETH-25JUL25-2200-P,3595.68,sell,57.0,57.0,,,,,,1752808546.903
1976,ETH-258365356,1752808546903,2,0.0001,0.000204,124.66,ETH-25JUL25-2200-P,3595.68,sell,25.0,25.0,,,,,,1752808546.903
1978,ETH-258365358,1752808546903,3,0.0001,0.000204,124.66,ETH-25JUL25-2200-P,3595.68,sell,4.0,4.0,,,,,,1752808546.903
1977,ETH-258365357,1752808546903,3,0.0001,0.000204,124.66,ETH-25JUL25-2200-P,3595.68,sell,3.0,3.0,,,,,,1752808546.903
1980,ETH-258376037,1752814766052,0,0.0002,0.00014,136.28,ETH-25JUL25-2200-P,3621.52,buy,5.0,5.0,,,,,,1752814766.052
1981,ETH-258382114,1752815441791,1,0.0002,0.00015,137.02,ETH-25JUL25-2200-P,3631.52,buy,1.0,1.0,,,,,,1752815441.791
1982,ETH-258386403,1752816301453,1,0.0002,0.00014,138.08,ETH-25JUL25-2200-P,3645.09,buy,10.0,10.0,,,,,,1752816301.453
1983,ETH-258395349,1752818472965,1,0.0002,0.000144,140.04,ETH-25JUL25-2200-P,3670.17,buy,5.0,5.0,,,,,,1752818472.965
1984,ETH-258395362,1752818478205,1,0.0002,0.000144,140.06,ETH-25JUL25-2200-P,3670.35,buy,5.0,5.0,,,,,,1752818478.205
1985,ETH-258395581,1752818553538,1,0.0002,0.000147,139.67,ETH-25JUL25-2200-P,3664.78,buy,5.0,5.0,,,,,,1752818553.538
1986,ETH-258399754,1752819804162,1,0.0002,0.000143,138.82,ETH-25JUL25-2200-P,3649.11,buy,5.0,5.0,,,,,,1752819804.162
1987,ETH-258406245,1752822886559,1,0.0002,0.000148,138.75,ETH-25JUL25-2200-P,3643.11,buy,64.0,64.0,,,,,,1752822886.559
1988,ETH-258424194,1752824558812,0,0.0003,0.000199,144.55,ETH-25JUL25-2200-P,3631.69,buy,4.0,4.0,,,,,,1752824558.812
1989,ETH-258429970,1752825188754,2,0.0001,0.000155,127.93,ETH-25JUL25-2200-P,3616.54,sell,50.0,50.0,,,,,,1752825188.754
1990,ETH-258442626,1752827338286,3,0.0001,0.000144,128.67,ETH-25JUL25-2200-P,3624.6,sell,5.0,5.0,,,,,,1752827338.286
1991,ETH-258451179,1752828974550,0,0.0002,0.000144,136.9,ETH-25JUL25-2200-P,3608.74,buy,5.0,5.0,,,,,,1752828974.55
1992,ETH-258451206,1752829004080,1,0.0002,0.000144,136.92,ETH-25JUL25-2200-P,3608.97,buy,10.0,10.0,,,,,,1752829004.08
1993,ETH-258494903,1752846665628,1,0.0002,0.000165,142.05,ETH-25JUL25-2200-P,3652.26,buy,5.0,5.0,,,,,,1752846665.628
1994,ETH-258533774,1752852721187,0,0.0003,0.000216,141.74,ETH-25JUL25-2200-P,3552.54,buy,150.0,150.0,2.0,BLOCK-212120,9182.0,ETH-PS-25JUL25-3000_2200,,1752852721.187
1995,ETH-258540527,1752854435770,1,0.0003,0.000211,143.22,ETH-25JUL25-2200-P,3569.58,buy,1.0,1.0,,,,,,1752854435.77
1996,ETH-258543968,1752855036762,1,0.0003,0.000228,142.67,ETH-25JUL25-2200-P,3561.42,buy,1.0,1.0,,,,,,1752855036.762
1998,ETH-258644556,1752911391799,3,0.0002,0.000225,144.77,ETH-25JUL25-2200-P,3575.25,sell,1.0,1.0,,,,,,1752911391.799
1999,ETH-258644557,1752911391799,3,0.0002,0.000225,144.77,ETH-25JUL25-2200-P,3575.25,sell,1.0,1.0,,,,,,1752911391.799
1997,ETH-258644555,1752911391799,2,0.0002,0.000225,144.77,ETH-25JUL25-2200-P,3575.25,sell,8.0,8.0,,,,,,1752911391.799
2000,ETH-258648131,1752912971477,2,0.0001,0.000166,133.82,ETH-25JUL25-2200-P,3556.74,sell,10.0,10.0,,,,,,1752912971.477
2001,ETH-258648132,1752912974882,3,0.0001,0.000166,133.84,ETH-25JUL25-2200-P,3556.94,sell,10.0,10.0,,,,,,1752912974.882
2002,ETH-258648134,1752912978203,3,0.0001,0.000167,133.82,ETH-25JUL25-2200-P,3556.67,sell,10.0,10.0,,,,,,1752912978.203
2003,ETH-258648146,1752912985077,3,0.0001,0.000166,133.87,ETH-25JUL25-2200-P,3557.45,sell,10.0,10.0,,,,,,1752912985.077
2004,ETH-258689124,1752959902151,3,0.0001,0.00014,139.87,ETH-25JUL25-2200-P,3550.72,sell,5.0,5.0,,,,,,1752959902.151
2005,ETH-258743611,1753000950289,3,0.0001,0.000135,158.6,ETH-25JUL25-2200-P,3704.48,sell,6.0,6.0,,,,,,1753000950.289
2006,ETH-258819285,1753031007357,3,0.0001,9.4e-05,169.83,ETH-25JUL25-2200-P,3774.69,buy,94.0,94.0,,,,,,1753031007.357
2007,ETH-258902634,1753075914257,3,0.0001,6.4e-05,179.34,ETH-25JUL25-2200-P,3762.36,buy,2.0,2.0,,,,,,1753075914.257
2009,ETH-258929259,1753092900827,3,0.0001,4.6e-05,185.47,ETH-25JUL25-2200-P,3782.97,buy,2.0,2.0,,,,,,1753092900.827
2008,ETH-258929258,1753092900827,3,0.0001,4.6e-05,185.47,ETH-25JUL25-2200-P,3782.97,buy,98.0,98.0,,,,,,1753092900.827
2010,ETH-259073330,1753160435579,3,0.0001,2.4e-05,195.73,ETH-25JUL25-2200-P,3662.99,sell,1.0,1.0,,,,,,1753160435.579
2011,ETH-259075920,1753161036574,3,0.0001,2.1e-05,197.41,ETH-25JUL25-2200-P,3677.13,sell,1.0,1.0,,,,,,1753161036.574
2012,ETH-259078050,1753161637567,3,0.0001,1.9e-05,199.46,ETH-25JUL25-2200-P,3696.2,sell,1.0,1.0,,,,,,1753161637.567
2013,ETH-259201681,1753228971696,3,0.0001,1e-06,235.34,ETH-25JUL25-2200-P,3741.19,buy,1.0,1.0,,,,,,1753228971.696
