trade_seq,trade_id,timestamp,tick_direction,price,mark_price,iv,instrument_name,index_price,direction,contracts,amount,liquidation,block_trade_leg_count,block_trade_id,block_rfq_id,combo_id,combo_trade_id,unix_sec
315,ETH-256208432,1751356570192,2,0.0003,0.000219,86.24,ETH-25JUL25-4500-C,2465.92,buy,5.0,5.0,,,,,,,1751356570.192
316,ETH-256208435,1751356592442,3,0.0003,0.000219,86.24,ETH-25JUL25-4500-C,2465.94,buy,5.0,5.0,,,,,,,1751356592.442
317,ETH-256208436,1751356603190,3,0.0003,0.000218,86.24,ETH-25JUL25-4500-C,2465.92,buy,5.0,5.0,,,,,,,1751356603.19
318,ETH-256208535,1751356737607,3,0.0003,0.000216,86.25,ETH-25JUL25-4500-C,2465.83,buy,25.0,25.0,,,,,,,1751356737.607
319,ETH-256208559,1751356773434,3,0.0003,0.000215,86.24,ETH-25JUL25-4500-C,2465.95,buy,25.0,25.0,,,,,,,1751356773.434
320,ETH-256208576,1751356785104,3,0.0003,0.000215,86.23,ETH-25JUL25-4500-C,2466.09,buy,25.0,25.0,,,,,,,1751356785.104
321,ETH-256288979,1751432185667,2,0.0002,0.000218,85.69,ETH-25JUL25-4500-C,2439.6,buy,135.0,135.0,,,,,,,1751432185.667
322,ETH-256289087,1751432386902,0,0.0003,0.000215,89.19,ETH-25JUL25-4500-C,2439.46,buy,101.0,101.0,,,,,,,1751432386.902
323,ETH-256289093,1751432401860,1,0.0003,0.000215,89.15,ETH-25JUL25-4500-C,2440.11,buy,101.0,101.0,,,,,,,1751432401.86
324,ETH-256289120,1751432415412,1,0.0003,0.000214,89.18,ETH-25JUL25-4500-C,2439.43,buy,102.0,102.0,,,,,,,1751432415.412
325,ETH-256289128,1751432426008,1,0.0003,0.000214,89.19,ETH-25JUL25-4500-C,2439.3,buy,102.0,102.0,,,,,,,1751432426.008
326,ETH-256289138,1751432439963,1,0.0003,0.000213,89.22,ETH-25JUL25-4500-C,2438.93,buy,103.0,103.0,,,,,,,1751432439.963
327,ETH-256289150,1751432450306,1,0.0003,0.000213,89.22,ETH-25JUL25-4500-C,2438.83,buy,103.0,103.0,,,,,,,1751432450.306
328,ETH-256304656,1751452175331,1,0.0003,0.000203,89.19,ETH-25JUL25-4500-C,2448.83,buy,5.0,5.0,,,,,,,1751452175.331
329,ETH-256320907,1751467973533,2,0.0002,0.00021,85.0,ETH-25JUL25-4500-C,2469.52,sell,5.0,5.0,,,,,,,1751467973.533
330,ETH-256369461,1751482302771,0,0.0003,0.000311,82.96,ETH-25JUL25-4500-C,2581.31,buy,115.0,115.0,,,,,,,1751482302.771
331,ETH-256385637,1751490127887,0,0.0004,0.000343,85.11,ETH-25JUL25-4500-C,2592.32,buy,1.0,1.0,,,,,,,1751490127.887
333,ETH-256516044,1751589539304,1,0.0005,0.000336,89.47,ETH-25JUL25-4500-C,2593.15,buy,16.0,16.0,,,,,,,1751589539.304
332,ETH-256516043,1751589539304,0,0.0005,0.000336,89.47,ETH-25JUL25-4500-C,2593.15,buy,1.0,1.0,,,,,,,1751589539.304
334,ETH-256520038,1751594289931,1,0.0005,0.000343,89.7,ETH-25JUL25-4500-C,2591.07,buy,22.0,22.0,,,,,,,1751594289.931
335,ETH-256520053,1751594331232,1,0.0005,0.000343,89.68,ETH-25JUL25-4500-C,2591.36,buy,9.0,9.0,,,,,,,1751594331.232
336,ETH-256598809,1751669805736,2,0.0002,0.000194,86.92,ETH-25JUL25-4500-C,2521.09,buy,1.0,1.0,,,,,,,1751669805.736
337,ETH-256607635,1751688435018,0,0.0003,0.000222,91.26,ETH-25JUL25-4500-C,2514.95,buy,1.0,1.0,,,,,,,1751688435.018
338,ETH-256607636,1751688435020,1,0.0003,0.000222,91.26,ETH-25JUL25-4500-C,2514.95,sell,2.0,2.0,,,,,,,1751688435.02
339,ETH-256613932,1751702324162,1,0.0003,0.000241,91.34,ETH-25JUL25-4500-C,2520.98,buy,8.0,8.0,,,,,,,1751702324.162
340,ETH-256613952,1751702353819,1,0.0003,0.00024,91.35,ETH-25JUL25-4500-C,2520.71,buy,8.0,8.0,,,,,,,1751702353.819
341,ETH-256613990,1751702385794,1,0.0003,0.00024,91.3,ETH-25JUL25-4500-C,2521.62,buy,8.0,8.0,,,,,,,1751702385.794
342,ETH-256679813,1751835006031,2,0.0002,0.000216,90.01,ETH-25JUL25-4500-C,2546.47,sell,1.0,1.0,,,,,,,1751835006.031
344,ETH-256822393,1751995522747,1,0.0003,0.000182,94.81,ETH-25JUL25-4500-C,2613.8,buy,1.0,1.0,,,,,,,1751995522.747
345,ETH-256822394,1751995522747,1,0.0003,0.000182,94.81,ETH-25JUL25-4500-C,2613.8,buy,191.0,191.0,,,,,,,1751995522.747
343,ETH-256822392,1751995522747,0,0.0003,0.000182,94.81,ETH-25JUL25-4500-C,2613.8,buy,1.0,1.0,,,,,,,1751995522.747
346,ETH-256822395,1751995522747,1,0.0003,0.000182,94.81,ETH-25JUL25-4500-C,2613.8,buy,55.0,55.0,,,,,,,1751995522.747
347,ETH-256822396,1751995522752,1,0.0003,0.000182,94.81,ETH-25JUL25-4500-C,2613.8,sell,152.0,152.0,,,,,,,1751995522.752
348,ETH-256851788,1752038570894,1,0.0003,0.000181,96.52,ETH-25JUL25-4500-C,2608.92,buy,1.0,1.0,,,,,,,1752038570.894
349,ETH-256863743,1752049059471,2,0.0001,0.000151,86.53,ETH-25JUL25-4500-C,2622.68,sell,1.0,1.0,,,,,,,1752049059.471
350,ETH-256863744,1752049059471,3,0.0001,0.000151,86.53,ETH-25JUL25-4500-C,2622.68,sell,4.0,4.0,,,,,,,1752049059.471
351,ETH-256904107,1752077745932,3,0.0001,0.000143,85.66,ETH-25JUL25-4500-C,2655.03,sell,1.0,1.0,,,,,,,1752077745.932
352,ETH-256904110,1752077748427,3,0.0001,0.000142,85.67,ETH-25JUL25-4500-C,2654.94,sell,1.0,1.0,,,,,,,1752077748.427
353,ETH-256904118,1752077750122,3,0.0001,0.000142,85.68,ETH-25JUL25-4500-C,2654.78,sell,1.0,1.0,,,,,,,1752077750.122
354,ETH-256949564,1752093051690,0,0.0002,0.000197,86.75,ETH-25JUL25-4500-C,2742.79,sell,1.0,1.0,,,,,,,1752093051.69
355,ETH-256982021,1752114825085,0,0.0003,0.000183,88.7,ETH-25JUL25-4500-C,2784.84,buy,5.0,5.0,,,,,,,1752114825.085
356,ETH-256988794,1752122528691,1,0.0003,0.000229,89.33,ETH-25JUL25-4500-C,2778.4,sell,1.0,1.0,,,,,,,1752122528.691
357,ETH-256988799,1752122532058,1,0.0003,0.000229,89.31,ETH-25JUL25-4500-C,2778.72,sell,1.0,1.0,,,,,,,1752122532.058
358,ETH-256988800,1752122539239,1,0.0003,0.00023,89.3,ETH-25JUL25-4500-C,2778.88,sell,1.0,1.0,,,,,,,1752122539.239
359,ETH-256988803,1752122545373,1,0.0003,0.00023,89.28,ETH-25JUL25-4500-C,2779.08,sell,1.0,1.0,,,,,,,1752122545.373
360,ETH-256988877,1752122579778,1,0.0003,0.000229,89.28,ETH-25JUL25-4500-C,2779.15,sell,1.0,1.0,,,,,,,1752122579.778
361,ETH-257015026,1752138685234,1,0.0003,0.000374,89.51,ETH-25JUL25-4500-C,2784.74,sell,1.0,1.0,,,,,,,1752138685.234
362,ETH-257015332,1752138896163,1,0.0003,0.000375,89.6,ETH-25JUL25-4500-C,2783.05,sell,55.0,55.0,,,,,,,1752138896.163
363,ETH-257028399,1752153525685,1,0.0003,0.000213,90.04,ETH-25JUL25-4500-C,2785.46,buy,1.0,1.0,,,,,,,1752153525.685
364,ETH-257028400,1752153525687,1,0.0003,0.000213,90.04,ETH-25JUL25-4500-C,2785.46,sell,4.0,4.0,,,,,,,1752153525.687
365,ETH-257028410,1752153534681,1,0.0003,0.000214,90.03,ETH-25JUL25-4500-C,2785.57,sell,5.0,5.0,,,,,,,1752153534.681
366,ETH-257101840,1752183770621,1,0.0003,0.000308,81.06,ETH-25JUL25-4500-C,2959.2,buy,1.0,1.0,,,,,,,1752183770.621
367,ETH-257102188,1752183775885,1,0.0003,0.000343,80.07,ETH-25JUL25-4500-C,2975.98,buy,1.0,1.0,,,,,,,1752183775.885
368,ETH-257138198,1752185917666,0,0.0005,0.000362,85.2,ETH-25JUL25-4500-C,2973.45,buy,2.0,2.0,,,,,,,1752185917.666
369,ETH-257185572,1752208987723,1,0.0005,0.00038,86.83,ETH-25JUL25-4500-C,2957.52,sell,13.0,13.0,,,,,,,1752208987.723
370,ETH-257219369,1752218419781,2,0.0004,0.000497,83.01,ETH-25JUL25-4500-C,2988.78,sell,2.0,2.0,,,,,,,1752218419.781
371,ETH-257219874,1752218730241,0,0.0005,0.000499,84.88,ETH-25JUL25-4500-C,2994.66,buy,30.0,30.0,,,,,,,1752218730.241
372,ETH-257219886,1752218740807,1,0.0005,0.000501,84.82,ETH-25JUL25-4500-C,2995.69,buy,94.0,94.0,,,,,,,1752218740.807
373,ETH-257244433,1752225008729,0,0.0006,0.000553,86.37,ETH-25JUL25-4500-C,3005.02,buy,24.0,24.0,,,,,,,1752225008.729
374,ETH-257251373,1752227430966,1,0.0006,0.000608,85.24,ETH-25JUL25-4500-C,3024.89,sell,1.0,1.0,,,,,,,1752227430.966
375,ETH-257268229,1752235310132,1,0.0006,0.000471,87.88,ETH-25JUL25-4500-C,2986.05,buy,2.0,2.0,,,,,,,1752235310.132
376,ETH-257353229,1752289277496,2,0.0003,0.000352,84.89,ETH-25JUL25-4500-C,2957.67,sell,2.0,2.0,,,,,,,1752289277.496
377,ETH-257353279,1752289380162,2,0.0002,0.000355,81.15,ETH-25JUL25-4500-C,2960.9,sell,3.0,3.0,,,,,,,1752289380.162
378,ETH-257369071,1752309298708,3,0.0002,0.00019,81.63,ETH-25JUL25-4500-C,2966.82,buy,10.0,10.0,,,,,,,1752309298.708
379,ETH-257373674,1752312169230,3,0.0002,0.000189,81.5,ETH-25JUL25-4500-C,2971.18,buy,11.0,11.0,,,,,,,1752312169.23
380,ETH-257374109,1752312889160,3,0.0002,0.000185,81.5,ETH-25JUL25-4500-C,2971.35,buy,16.0,16.0,,,,,,,1752312889.16
381,ETH-257374181,1752312917827,3,0.0002,0.000186,81.43,ETH-25JUL25-4500-C,2972.56,buy,11.0,11.0,,,,,,,1752312917.827
382,ETH-257408812,1752337925862,0,0.0003,0.000218,88.23,ETH-25JUL25-4500-C,2930.13,buy,57.0,57.0,,,,,,,1752337925.862
383,ETH-257408953,1752338074359,1,0.0003,0.00026,88.11,ETH-25JUL25-4500-C,2932.01,buy,12.0,12.0,,,,,,,1752338074.359
384,ETH-257431468,1752384357945,0,0.0004,0.000301,91.46,ETH-25JUL25-4500-C,2955.9,buy,1.0,1.0,,,,,,,1752384357.945
385,ETH-257436944,1752394548696,2,0.0003,0.000315,88.87,ETH-25JUL25-4500-C,2959.51,sell,1.0,1.0,,,,,,,1752394548.696
386,ETH-257441937,1752406223816,0,0.0004,0.000213,91.91,ETH-25JUL25-4500-C,2964.6,buy,1.0,1.0,,,,,,,1752406223.816
387,ETH-257441938,1752406230530,1,0.0004,0.000213,91.92,ETH-25JUL25-4500-C,2964.5,buy,1.0,1.0,,,,,,,1752406230.53
388,ETH-257442578,1752407334183,2,0.0003,0.000204,89.23,ETH-25JUL25-4500-C,2962.02,buy,10.0,10.0,,,,,,,1752407334.183
389,ETH-257442586,1752407337729,3,0.0003,0.000204,89.23,ETH-25JUL25-4500-C,2962.06,buy,10.0,10.0,,,,,,,1752407337.729
390,ETH-257514552,1752459480193,3,0.0003,0.000277,90.25,ETH-25JUL25-4500-C,2983.36,buy,10.0,10.0,,,,,,,1752459480.193
391,ETH-257514563,1752459506971,3,0.0003,0.000278,90.21,ETH-25JUL25-4500-C,2983.95,buy,10.0,10.0,,,,,,,1752459506.971
392,ETH-257514669,1752459617873,3,0.0003,0.000274,90.23,ETH-25JUL25-4500-C,2983.76,buy,20.0,20.0,,,,,,,1752459617.873
393,ETH-257514702,1752459667394,3,0.0003,0.000275,90.21,ETH-25JUL25-4500-C,2984.06,buy,20.0,20.0,,,,,,,1752459667.394
394,ETH-257515194,1752459831038,3,0.0003,0.000272,89.5,ETH-25JUL25-4500-C,2994.93,buy,30.0,30.0,,,,,,,1752459831.038
395,ETH-257515238,1752459851842,3,0.0003,0.000256,89.46,ETH-25JUL25-4500-C,2995.75,buy,30.0,30.0,,,,,,,1752459851.842
396,ETH-257515343,1752459893506,3,0.0003,0.000241,89.36,ETH-25JUL25-4500-C,2997.31,buy,25.0,25.0,,,,,,,1752459893.506
397,ETH-257515416,1752459923684,3,0.0003,0.000237,89.37,ETH-25JUL25-4500-C,2997.24,buy,25.0,25.0,,,,,,,1752459923.684
398,ETH-257515811,1752460034161,3,0.0003,0.00025,88.93,ETH-25JUL25-4500-C,3004.35,buy,20.0,20.0,,,,,,,1752460034.161
399,ETH-257515821,1752460050933,3,0.0003,0.000249,88.91,ETH-25JUL25-4500-C,3004.65,buy,20.0,20.0,,,,,,,1752460050.933
400,ETH-257516210,1752460145616,3,0.0003,0.000251,88.84,ETH-25JUL25-4500-C,3005.86,buy,10.0,10.0,,,,,,,1752460145.616
401,ETH-257516261,1752460165246,3,0.0003,0.000247,88.98,ETH-25JUL25-4500-C,3003.8,buy,10.0,10.0,,,,,,,1752460165.246
402,ETH-257516762,1752460296686,3,0.0003,0.000239,89.37,ETH-25JUL25-4500-C,2997.8,buy,10.0,10.0,,,,,,,1752460296.686
403,ETH-257516773,1752460317437,3,0.0003,0.00024,89.28,ETH-25JUL25-4500-C,2999.35,buy,10.0,10.0,,,,,,,1752460317.437
404,ETH-257517004,1752460501464,3,0.0003,0.000241,89.46,ETH-25JUL25-4500-C,2996.86,buy,9.0,9.0,,,,,,,1752460501.464
405,ETH-257517012,1752460521165,3,0.0003,0.000241,89.48,ETH-25JUL25-4500-C,2996.38,buy,9.0,9.0,,,,,,,1752460521.165
406,ETH-257537467,1752469248661,0,0.0006,0.00043,93.48,ETH-25JUL25-4500-C,3053.25,buy,342.0,342.0,,,,,,,1752469248.661
407,ETH-257539899,1752469857002,2,0.0005,0.000431,91.75,ETH-25JUL25-4500-C,3048.41,buy,30.0,30.0,,,,,,,1752469857.002
408,ETH-257539904,1752469863316,3,0.0005,0.000432,91.71,ETH-25JUL25-4500-C,3048.91,buy,30.0,30.0,,,,,,,1752469863.316
409,ETH-257539909,1752469868250,3,0.0005,0.000432,91.73,ETH-25JUL25-4500-C,3048.75,buy,30.0,30.0,,,,,,,1752469868.25
413,ETH-257542849,1752470696113,1,0.0007,0.00047,94.84,ETH-25JUL25-4500-C,3060.84,buy,594.0,594.0,,,,,,,1752470696.113
412,ETH-257542848,1752470696113,1,0.0007,0.00047,94.84,ETH-25JUL25-4500-C,3060.84,buy,31.0,31.0,,,,,,,1752470696.113
410,ETH-257542846,1752470696113,0,0.0007,0.00047,94.84,ETH-25JUL25-4500-C,3060.84,buy,341.0,341.0,,,,,,,1752470696.113
411,ETH-257542847,1752470696113,1,0.0007,0.00047,94.84,ETH-25JUL25-4500-C,3060.84,buy,20.0,20.0,,,,,,,1752470696.113
414,ETH-257543802,1752470854567,2,0.0006,0.000443,93.65,ETH-25JUL25-4500-C,3052.04,buy,361.0,361.0,,,,,,,1752470854.567
415,ETH-257578005,1752489608454,0,0.0007,0.000646,94.87,ETH-25JUL25-4500-C,3073.68,buy,1.0,1.0,,,,,,,1752489608.454
416,ETH-257591447,1752494203524,1,0.0007,0.000739,96.34,ETH-25JUL25-4500-C,3058.14,sell,39.0,39.0,,,,,,,1752494203.524
417,ETH-257618429,1752505977243,2,0.0006,0.00067,97.68,ETH-25JUL25-4500-C,3021.87,sell,1.0,1.0,,,,,,,1752505977.243
418,ETH-257626093,1752509144817,3,0.0006,0.000663,98.77,ETH-25JUL25-4500-C,3008.33,sell,13.0,13.0,,,,,,,1752509144.817
419,ETH-257633952,1752515034716,3,0.0006,0.000651,99.13,ETH-25JUL25-4500-C,3007.23,sell,31.0,31.0,,,,,,,1752515034.716
420,ETH-257678914,1752552945442,2,0.0004,0.000301,100.02,ETH-25JUL25-4500-C,2956.35,buy,56.0,56.0,,,,,,,1752552945.442
421,ETH-257689519,1752564153726,3,0.0004,0.000413,98.32,ETH-25JUL25-4500-C,2988.57,buy,2.0,2.0,,,,,,,1752564153.726
422,ETH-257719764,1752586492393,0,0.0005,0.000486,99.22,ETH-25JUL25-4500-C,3032.16,sell,55.0,55.0,,,,,,,1752586492.393
423,ETH-257762367,1752601655557,0,0.0006,0.000675,98.04,ETH-25JUL25-4500-C,3088.71,buy,3.0,3.0,,,,,,,1752601655.557
424,ETH-257763592,1752602066826,0,0.0007,0.000766,99.55,ETH-25JUL25-4500-C,3094.88,buy,163.0,163.0,,,,,,,1752602066.826
425,ETH-257765406,1752602793040,1,0.0007,0.000655,99.81,ETH-25JUL25-4500-C,3091.57,buy,59.0,59.0,,,,,,,1752602793.04
426,ETH-257823952,1752638499574,2,0.0006,0.0005,98.26,ETH-25JUL25-4500-C,3118.85,buy,1.0,1.0,,,,,,,1752638499.574
427,ETH-257839641,1752649657187,2,0.0004,0.000459,91.41,ETH-25JUL25-4500-C,3158.05,sell,1.0,1.0,,,,,ETH-CS-25JUL25-4000_4500,ETH-257839639,1752649657.187
428,ETH-257839684,1752649702350,3,0.0004,0.000463,91.39,ETH-25JUL25-4500-C,3158.06,sell,200.0,200.0,,,,,ETH-CS-25JUL25-4000_4500,ETH-257839682,1752649702.35
429,ETH-257840682,1752650075788,3,0.0004,0.000471,91.53,ETH-25JUL25-4500-C,3156.5,sell,1.0,1.0,,,,,ETH-CS-25JUL25-4000_4500,ETH-257840680,1752650075.788
430,ETH-257840703,1752650086444,3,0.0004,0.000472,91.51,ETH-25JUL25-4500-C,3156.8,sell,23.0,23.0,,,,,ETH-CS-25JUL25-4000_4500,ETH-257840701,1752650086.444
431,ETH-257876618,1752671290551,0,0.0005,0.000483,94.32,ETH-25JUL25-4500-C,3169.99,buy,10.0,10.0,,,,,,,1752671290.551
432,ETH-257932549,1752683537428,0,0.0008,0.000683,93.42,ETH-25JUL25-4500-C,3270.33,buy,50.0,50.0,,,,,,,1752683537.428
433,ETH-257955869,1752689104129,0,0.001,0.000853,91.58,ETH-25JUL25-4500-C,3336.76,buy,5.0,5.0,,,,,,,1752689104.129
434,ETH-257957551,1752689206872,0,0.0012,0.000962,92.91,ETH-25JUL25-4500-C,3351.53,buy,5.0,5.0,,,,,,,1752689206.872
435,ETH-257957572,1752689208407,1,0.0012,0.000948,92.94,ETH-25JUL25-4500-C,3351.1,buy,5.0,5.0,,,,,,,1752689208.407
436,ETH-257968542,1752691766804,2,0.0011,0.000949,92.84,ETH-25JUL25-4500-C,3339.84,buy,1.0,1.0,,,,,,,1752691766.804
437,ETH-257975975,1752693942547,0,0.0012,0.000969,92.25,ETH-25JUL25-4500-C,3365.74,buy,50.0,50.0,,,,,,,1752693942.547
438,ETH-257976137,1752693978143,2,0.0008,0.000966,87.07,ETH-25JUL25-4500-C,3364.44,sell,1.0,1.0,,,,,,,1752693978.143
439,ETH-258004002,1752697302518,0,0.0014,0.001159,91.27,ETH-25JUL25-4500-C,3410.85,buy,50.0,50.0,,,,,,,1752697302.518
440,ETH-258010706,1752697886178,2,0.0012,0.001186,89.82,ETH-25JUL25-4500-C,3401.69,sell,30.0,30.0,,,,,,,1752697886.178
441,ETH-258010708,1752697886208,3,0.0012,0.001186,89.82,ETH-25JUL25-4500-C,3401.69,sell,30.0,30.0,,,,,,,1752697886.208
442,ETH-258010713,1752697886238,3,0.0012,0.001186,89.82,ETH-25JUL25-4500-C,3401.69,sell,3.0,3.0,,,,,,,1752697886.238
443,ETH-258023085,1752700954926,3,0.0012,0.001094,91.02,ETH-25JUL25-4500-C,3388.75,buy,5.0,5.0,,,,,ETH-ICOND-25JUL25-2800_3000_4000_4500,ETH-258023081,1752700954.926
444,ETH-258104035,1752733646202,0,0.0015,0.001305,92.69,ETH-25JUL25-4500-C,3431.82,buy,2.0,2.0,,,,,,,1752733646.202
445,ETH-258125334,1752738032826,0,0.0017,0.001706,93.13,ETH-25JUL25-4500-C,3455.15,buy,40.0,40.0,,,,,,,1752738032.826
447,ETH-258128958,1752738168923,1,0.002,0.001803,95.1,ETH-25JUL25-4500-C,3463.38,buy,23.0,23.0,,,,,,,1752738168.923
446,ETH-258128957,1752738168923,0,0.002,0.001803,95.1,ETH-25JUL25-4500-C,3463.38,buy,1.0,1.0,,,,,,,1752738168.923
448,ETH-258128959,1752738168925,1,0.002,0.001803,95.1,ETH-25JUL25-4500-C,3463.38,sell,26.0,26.0,,,,,,,1752738168.925
449,ETH-258142058,1752739780640,2,0.0017,0.001748,94.43,ETH-25JUL25-4500-C,3442.77,buy,1.0,1.0,,,,,,,1752739780.64
450,ETH-258155124,1752743404217,0,0.0018,0.001778,93.61,ETH-25JUL25-4500-C,3464.84,buy,45.0,45.0,,,,,,,1752743404.217
451,ETH-258158186,1752744550654,0,0.0021,0.001899,96.06,ETH-25JUL25-4500-C,3466.16,buy,20.0,20.0,,,,,,,1752744550.654
452,ETH-258158187,1752744550654,1,0.0021,0.001899,96.06,ETH-25JUL25-4500-C,3466.16,buy,30.0,30.0,,,,,,,1752744550.654
453,ETH-258173018,1752750168159,2,0.0018,0.00188,94.85,ETH-25JUL25-4500-C,3453.7,buy,1.0,1.0,,,,,,,1752750168.159
454,ETH-258173538,1752750458361,2,0.0017,0.001883,94.0,ETH-25JUL25-4500-C,3453.6,sell,1.0,1.0,,,,,,,1752750458.361
455,ETH-258279907,1752784230729,2,0.0008,0.000992,89.98,ETH-25JUL25-4500-C,3405.13,sell,1.0,1.0,,,,,,,1752784230.729
456,ETH-258281877,1752785639012,0,0.0014,0.001016,97.35,ETH-25JUL25-4500-C,3412.46,buy,5.0,5.0,,,,,ETH-ICOND-25JUL25-2900_3100_4200_4500,ETH-258281873,1752785639.012
457,ETH-258288320,1752786856630,2,0.0011,0.001274,87.83,ETH-25JUL25-4500-C,3484.83,sell,2.0,2.0,T,,,,,,1752786856.63
458,ETH-258288321,1752786856630,3,0.0011,0.001274,87.83,ETH-25JUL25-4500-C,3484.83,sell,3.0,3.0,T,,,,,,1752786856.63
459,ETH-258288322,1752786857183,3,0.0011,0.00127,87.85,ETH-25JUL25-4500-C,3484.6,sell,5.0,5.0,T,,,,,,1752786857.183
460,ETH-258288337,1752786857752,3,0.0011,0.00127,87.85,ETH-25JUL25-4500-C,3484.6,sell,5.0,5.0,T,,,,,,1752786857.752
461,ETH-258288340,1752786859415,3,0.0011,0.001264,87.92,ETH-25JUL25-4500-C,3483.74,sell,5.0,5.0,T,,,,,,1752786859.415
462,ETH-258289058,1752786957064,0,0.0013,0.001293,89.1,ETH-25JUL25-4500-C,3497.23,buy,11.0,11.0,,,,,,,1752786957.064
463,ETH-258289059,1752786957104,1,0.0013,0.001293,89.1,ETH-25JUL25-4500-C,3497.23,buy,1.0,1.0,,,,,,,1752786957.104
464,ETH-258289060,1752786957226,1,0.0013,0.001293,89.1,ETH-25JUL25-4500-C,3497.23,buy,38.0,38.0,,,,,,,1752786957.226
465,ETH-258320587,1752797256049,1,0.0013,0.001504,91.55,ETH-25JUL25-4500-C,3475.42,sell,20.0,20.0,,,,,,,1752797256.049
466,ETH-258320588,1752797256052,1,0.0013,0.001504,91.55,ETH-25JUL25-4500-C,3475.42,buy,253.0,253.0,,,,,,,1752797256.052
467,ETH-258320589,1752797256061,1,0.0013,0.001504,91.55,ETH-25JUL25-4500-C,3475.42,buy,10.0,10.0,,,,,,,1752797256.061
468,ETH-258320590,1752797256066,1,0.0013,0.001504,91.55,ETH-25JUL25-4500-C,3475.42,buy,1.0,1.0,,,,,,,1752797256.066
469,ETH-258320637,1752797343780,2,0.0012,0.001298,90.57,ETH-25JUL25-4500-C,3473.65,sell,400.0,400.0,,,,,,,1752797343.78
470,ETH-258340778,1752802226133,0,0.0028,0.002637,95.68,ETH-25JUL25-4500-C,3576.04,buy,18.0,18.0,,,,,,,1752802226.133
471,ETH-258351403,1752804221582,1,0.0028,0.002947,92.94,ETH-25JUL25-4500-C,3606.63,sell,2.0,2.0,,,,,,,1752804221.582
472,ETH-258357305,1752805828510,2,0.0027,0.00285,91.78,ETH-25JUL25-4500-C,3613.33,sell,5.0,5.0,,,,,,,1752805828.51
473,ETH-258357972,1752806125881,0,0.0028,0.002833,91.75,ETH-25JUL25-4500-C,3620.88,sell,146.0,146.0,,,,,,,1752806125.881
474,ETH-258370549,1752811919095,2,0.0022,0.002196,91.42,ETH-25JUL25-4500-C,3584.08,sell,1.0,1.0,,,,,,,1752811919.095
475,ETH-258372032,1752813023094,0,0.0023,0.002289,91.01,ETH-25JUL25-4500-C,3597.61,buy,1.0,1.0,,,,,,,1752813023.094
476,ETH-258372448,1752813313090,0,0.0024,0.002353,90.92,ETH-25JUL25-4500-C,3606.8,buy,1.0,1.0,,,,,,,1752813313.09
477,ETH-258383502,1752815604485,2,0.0022,0.002416,87.38,ETH-25JUL25-4500-C,3630.79,sell,2.0,2.0,,,,,,,1752815604.485
479,ETH-258383504,1752815604485,3,0.0022,0.002416,87.38,ETH-25JUL25-4500-C,3630.79,sell,29.0,29.0,,,,,,,1752815604.485
478,ETH-258383503,1752815604485,3,0.0022,0.002416,87.38,ETH-25JUL25-4500-C,3630.79,sell,20.0,20.0,,,,,,,1752815604.485
480,ETH-258383505,1752815604487,3,0.0022,0.002416,87.38,ETH-25JUL25-4500-C,3630.79,buy,99.0,99.0,,,,,,,1752815604.487
481,ETH-258394970,1752818378132,0,0.003,0.003124,89.24,ETH-25JUL25-4500-C,3671.69,sell,104.0,104.0,,,,,,,1752818378.132
482,ETH-258394971,1752818378132,1,0.003,0.003124,89.24,ETH-25JUL25-4500-C,3671.69,sell,146.0,146.0,,,,,,,1752818378.132
483,ETH-258397212,1752818943507,2,0.0028,0.002789,90.04,ETH-25JUL25-4500-C,3650.1,sell,4.0,4.0,,,,,,,1752818943.507
484,ETH-258401104,1752820679569,2,0.0026,0.002765,88.57,ETH-25JUL25-4500-C,3652.33,sell,30.0,30.0,,,,,,,1752820679.569
485,ETH-258401190,1752820708176,0,0.0027,0.002796,88.96,ETH-25JUL25-4500-C,3655.2,buy,2.0,2.0,,,,,,,1752820708.176
486,ETH-258405668,1752822788754,2,0.0024,0.002533,88.14,ETH-25JUL25-4500-C,3643.86,sell,10.0,10.0,,,,,,,1752822788.754
487,ETH-258449842,1752828336183,2,0.0018,0.002,88.06,ETH-25JUL25-4500-C,3597.7,sell,1.0,1.0,,,,,,,1752828336.183
488,ETH-258451238,1752829021580,3,0.0018,0.001889,87.18,ETH-25JUL25-4500-C,3609.11,buy,589.0,589.0,,,,,,,1752829021.58
489,ETH-258457024,1752830793930,3,0.0018,0.001606,87.68,ETH-25JUL25-4500-C,3605.13,buy,1.0,1.0,,,,,,,1752830793.93
490,ETH-258461135,1752832930087,2,0.0017,0.001672,85.57,ETH-25JUL25-4500-C,3620.46,buy,20.0,20.0,,,,,,,1752832930.087
491,ETH-258462064,1752833700563,2,0.0015,0.001737,83.85,ETH-25JUL25-4500-C,3619.52,sell,5.0,5.0,,,,,,,1752833700.563
492,ETH-258476025,1752839725625,0,0.0022,0.00197,90.57,ETH-25JUL25-4500-C,3616.26,buy,5.0,5.0,,,,,,,1752839725.625
493,ETH-258486943,1752844322122,0,0.0026,0.002501,91.1,ETH-25JUL25-4500-C,3645.41,buy,146.0,146.0,,,,,,,1752844322.122
494,ETH-258492171,1752845797546,0,0.0028,0.002715,92.91,ETH-25JUL25-4500-C,3641.46,buy,175.0,175.0,,,,,,,1752845797.546
495,ETH-258493862,1752846364900,1,0.0028,0.002901,91.46,ETH-25JUL25-4500-C,3657.38,buy,222.0,222.0,,,,,,,1752846364.9
496,ETH-258495395,1752846805821,2,0.0026,0.002699,91.21,ETH-25JUL25-4500-C,3646.85,buy,117.0,117.0,,,,,,,1752846805.821
497,ETH-258495657,1752846983642,2,0.0025,0.002588,90.62,ETH-25JUL25-4500-C,3645.66,buy,222.0,222.0,,,,,,,1752846983.642
498,ETH-258495814,1752847070993,2,0.0024,0.00252,90.14,ETH-25JUL25-4500-C,3643.37,sell,175.0,175.0,,,,,,,1752847070.993
499,ETH-258497783,1752847652818,0,0.0025,0.002545,90.52,ETH-25JUL25-4500-C,3647.31,buy,173.0,173.0,,,,,,,1752847652.818
500,ETH-258497784,1752847652937,1,0.0025,0.002545,90.52,ETH-25JUL25-4500-C,3647.31,buy,2.0,2.0,,,,,,,1752847652.937
501,ETH-258500199,1752848180306,0,0.0028,0.002698,91.49,ETH-25JUL25-4500-C,3658.5,sell,1.0,1.0,,,,,,,1752848180.306
503,ETH-258500201,1752848180306,1,0.0028,0.002698,91.49,ETH-25JUL25-4500-C,3658.5,sell,1.0,1.0,,,,,,,1752848180.306
502,ETH-258500200,1752848180306,1,0.0028,0.002698,91.49,ETH-25JUL25-4500-C,3658.5,sell,1.0,1.0,,,,,,,1752848180.306
504,ETH-258513959,1752849670632,2,0.0021,0.001842,95.38,ETH-25JUL25-4500-C,3564.31,buy,2.0,2.0,,,,,,,1752849670.632
505,ETH-258513960,1752849670632,3,0.0021,0.001842,95.38,ETH-25JUL25-4500-C,3564.31,buy,98.0,98.0,,,,,,,1752849670.632
506,ETH-258515165,1752849790155,3,0.0021,0.001951,95.12,ETH-25JUL25-4500-C,3567.2,buy,2.0,2.0,,,,,,,1752849790.155
507,ETH-258515170,1752849791173,3,0.0021,0.001939,95.14,ETH-25JUL25-4500-C,3567.03,sell,68.0,68.0,,,,,,,1752849791.173
508,ETH-258515171,1752849791183,3,0.0021,0.001939,95.14,ETH-25JUL25-4500-C,3567.03,sell,30.0,30.0,,,,,,,1752849791.183
509,ETH-258522254,1752851102312,2,0.002,0.002065,93.13,ETH-25JUL25-4500-C,3582.8,sell,3.0,3.0,,,,,,,1752851102.312
510,ETH-258525902,1752851823928,3,0.002,0.001936,94.92,ETH-25JUL25-4500-C,3563.68,sell,7.0,7.0,,,,,,,1752851823.928
511,ETH-258525906,1752851825573,3,0.002,0.001932,94.96,ETH-25JUL25-4500-C,3563.25,sell,3.0,3.0,,,,,,,1752851825.573
512,ETH-258525919,1752851826115,3,0.002,0.001931,94.97,ETH-25JUL25-4500-C,3563.24,sell,10.0,10.0,,,,,,,1752851826.115
513,ETH-258525920,1752851826977,3,0.002,0.001928,95.04,ETH-25JUL25-4500-C,3562.44,sell,5.0,5.0,,,,,,,1752851826.977
514,ETH-258525930,1752851827129,3,0.002,0.001928,95.04,ETH-25JUL25-4500-C,3562.44,sell,10.0,10.0,,,,,,,1752851827.129
515,ETH-258525986,1752851831838,3,0.002,0.001911,95.32,ETH-25JUL25-4500-C,3559.53,sell,5.0,5.0,,,,,,,1752851831.838
516,ETH-258546081,1752856149198,2,0.0019,0.001904,93.32,ETH-25JUL25-4500-C,3574.82,buy,63.0,63.0,,,,,,,1752856149.198
517,ETH-258555741,1752859947630,2,0.0018,0.002037,88.58,ETH-25JUL25-4500-C,3620.76,sell,10.0,10.0,,,,,,,1752859947.63
518,ETH-258555758,1752859949725,3,0.0018,0.002042,88.59,ETH-25JUL25-4500-C,3620.68,sell,10.0,10.0,,,,,,,1752859949.725
519,ETH-258633461,1752896017270,2,0.0014,0.00135,89.87,ETH-25JUL25-4500-C,3595.68,buy,5.0,5.0,,,,,,,1752896017.27
520,ETH-258657206,1752922599543,2,0.001,0.001072,90.51,ETH-25JUL25-4500-C,3559.28,buy,6.0,6.0,,,,,,,1752922599.543
521,ETH-258665991,1752934158125,3,0.001,0.0011,92.14,ETH-25JUL25-4500-C,3553.75,sell,3.0,3.0,,,,,,,1752934158.125
522,ETH-258672972,1752941195003,3,0.001,0.001097,93.64,ETH-25JUL25-4500-C,3545.17,sell,97.0,97.0,,,,,,,1752941195.003
523,ETH-258672973,1752941195003,3,0.001,0.001097,93.64,ETH-25JUL25-4500-C,3545.17,sell,14.0,14.0,,,,,,,1752941195.003
524,ETH-258699151,1752974498486,0,0.0014,0.001412,94.61,ETH-25JUL25-4500-C,3622.84,buy,85.0,85.0,,,,,ETH-CBUT-25JUL25-3500_4000_4500,ETH-258699150,1752974498.486
525,ETH-258699168,1752974501001,2,0.0013,0.001426,93.27,ETH-25JUL25-4500-C,3624.38,buy,65.0,65.0,,,,,ETH-CBUT-25JUL25-3500_4000_4500,ETH-258699165,1752974501.001
526,ETH-258707901,1752981924730,3,0.0013,0.001228,94.67,ETH-25JUL25-4500-C,3617.5,buy,8.0,8.0,,,,,,,1752981924.73
527,ETH-258707911,1752981925044,3,0.0013,0.001228,94.67,ETH-25JUL25-4500-C,3617.5,buy,6.0,6.0,,,,,,,1752981925.044
528,ETH-258708018,1752981929930,3,0.0013,0.001254,94.39,ETH-25JUL25-4500-C,3620.34,buy,3.0,3.0,,,,,,,1752981929.93
529,ETH-258708301,1752981946913,3,0.0013,0.00131,93.58,ETH-25JUL25-4500-C,3628.39,buy,33.0,33.0,,,,,,,1752981946.913
530,ETH-258719732,1752984741761,0,0.0018,0.001532,98.4,ETH-25JUL25-4500-C,3637.37,sell,81.0,81.0,,,,,ETH-CBUT-25JUL25-3500_4000_4500,ETH-258719730,1752984741.761
531,ETH-258719753,1752984746014,0,0.0021,0.001519,101.34,ETH-25JUL25-4500-C,3636.15,sell,69.0,69.0,,,,,ETH-CBUT-25JUL25-3500_4000_4500,ETH-258719751,1752984746.014
532,ETH-258729210,1752993195449,2,0.0017,0.001763,96.38,ETH-25JUL25-4500-C,3655.83,buy,80.0,80.0,,,,,,,1752993195.449
533,ETH-258732185,1752996822739,0,0.0021,0.0019,98.78,ETH-25JUL25-4500-C,3672.51,buy,2.0,2.0,,,,,,,1752996822.739
534,ETH-258736766,1752998431476,1,0.0021,0.001915,98.92,ETH-25JUL25-4500-C,3673.07,buy,2.0,2.0,T,,,,,,1752998431.476
535,ETH-258748517,1753001853367,0,0.0024,0.002307,98.35,ETH-25JUL25-4500-C,3704.46,buy,12.0,12.0,,,,,,,1753001853.367
536,ETH-258748656,1753001903081,1,0.0024,0.002328,98.18,ETH-25JUL25-4500-C,3705.94,buy,13.0,13.0,,,,,,,1753001903.081
537,ETH-258748667,1753001917017,1,0.0024,0.002327,98.2,ETH-25JUL25-4500-C,3705.92,buy,11.0,11.0,,,,,,,1753001917.017
538,ETH-258748670,1753001919637,1,0.0024,0.002325,98.21,ETH-25JUL25-4500-C,3705.78,buy,11.0,11.0,,,,,,,1753001919.637
539,ETH-258748684,1753001922485,2,0.0023,0.002324,97.4,ETH-25JUL25-4500-C,3705.73,buy,10.0,10.0,,,,,,,1753001922.485
540,ETH-258749156,1753002028549,0,0.0025,0.002387,98.28,ETH-25JUL25-4500-C,3712.59,buy,10.0,10.0,,,,,,,1753002028.549
541,ETH-258752955,1753002665074,0,0.0026,0.002498,100.02,ETH-25JUL25-4500-C,3704.38,buy,1.0,1.0,,,,,,,1753002665.074
542,ETH-258756864,1753004925069,0,0.0028,0.002598,101.24,ETH-25JUL25-4500-C,3709.79,buy,42.0,42.0,,,,,,,1753004925.069
543,ETH-258756901,1753004936375,1,0.0028,0.002659,100.92,ETH-25JUL25-4500-C,3712.79,buy,16.0,16.0,,,,,,,1753004936.375
544,ETH-258757469,1753005314069,0,0.0029,0.002754,100.96,ETH-25JUL25-4500-C,3719.6,buy,87.0,87.0,,,,,,,1753005314.069
545,ETH-258757470,1753005314069,1,0.0029,0.002754,100.96,ETH-25JUL25-4500-C,3719.6,buy,48.0,48.0,,,,,,,1753005314.069
546,ETH-258757710,1753005577087,2,0.0028,0.002675,101.13,ETH-25JUL25-4500-C,3711.78,buy,19.0,19.0,,,,,,,1753005577.087
547,ETH-258757738,1753005591310,3,0.0028,0.002673,101.2,ETH-25JUL25-4500-C,3711.1,buy,10.0,10.0,,,,,,,1753005591.31
548,ETH-258757746,1753005594814,3,0.0028,0.002661,101.38,ETH-25JUL25-4500-C,3709.49,buy,16.0,16.0,,,,,,,1753005594.814
549,ETH-258766850,1753010451086,2,0.0027,0.002659,99.44,ETH-25JUL25-4500-C,3726.0,buy,1.0,1.0,,,,,,,1753010451.086
550,ETH-258776931,1753012182125,0,0.0035,0.00345,101.52,ETH-25JUL25-4500-C,3757.85,buy,10.0,10.0,,,,,,,1753012182.125
551,ETH-258777163,1753012196510,0,0.0037,0.003569,102.36,ETH-25JUL25-4500-C,3761.46,sell,14.0,14.0,,,,,,,1753012196.51
552,ETH-258777164,1753012196520,1,0.0037,0.003569,102.36,ETH-25JUL25-4500-C,3761.46,sell,1.0,1.0,,,,,,,1753012196.52
553,ETH-258777242,1753012204259,0,0.0038,0.00358,102.87,ETH-25JUL25-4500-C,3762.39,sell,8.0,8.0,,,,,,,1753012204.259
554,ETH-258777243,1753012204264,1,0.0038,0.00358,102.87,ETH-25JUL25-4500-C,3762.39,sell,17.0,17.0,,,,,,,1753012204.264
555,ETH-258778141,1753012376590,2,0.0032,0.003407,100.16,ETH-25JUL25-4500-C,3753.51,sell,27.0,27.0,,,,,,,1753012376.59
558,ETH-258778144,1753012376590,3,0.0031,0.003407,99.48,ETH-25JUL25-4500-C,3753.51,sell,96.0,96.0,,,,,,,1753012376.59
556,ETH-258778142,1753012376590,2,0.0031,0.003407,99.48,ETH-25JUL25-4500-C,3753.51,sell,18.0,18.0,,,,,,,1753012376.59
557,ETH-258778143,1753012376590,3,0.0031,0.003407,99.48,ETH-25JUL25-4500-C,3753.51,sell,200.0,200.0,,,,,,,1753012376.59
559,ETH-258783670,1753014998808,2,0.003,0.003154,100.89,ETH-25JUL25-4500-C,3736.92,buy,30.0,30.0,,,,,,,1753014998.808
560,ETH-258783999,1753015382696,3,0.003,0.003205,100.55,ETH-25JUL25-4500-C,3740.82,sell,1.0,1.0,,,,,,,1753015382.696
561,ETH-258791443,1753020692470,3,0.003,0.002806,101.14,ETH-25JUL25-4500-C,3741.07,sell,1.0,1.0,,,,,,,1753020692.47
562,ETH-258800453,1753025640900,0,0.0033,0.00352,99.12,ETH-25JUL25-4500-C,3780.63,buy,1.0,1.0,,,,,,,1753025640.9
563,ETH-258803648,1753026779728,2,0.0032,0.003404,97.48,ETH-25JUL25-4500-C,3790.12,sell,1.0,1.0,,,,,,,1753026779.728
564,ETH-258803673,1753026789234,3,0.0032,0.003395,97.56,ETH-25JUL25-4500-C,3789.52,sell,1.0,1.0,,,,,,,1753026789.234
565,ETH-258805654,1753027444568,0,0.0038,0.00358,101.0,ETH-25JUL25-4500-C,3794.43,buy,12.0,12.0,,,,,,,1753027444.568
566,ETH-258805655,1753027444570,1,0.0038,0.00358,101.0,ETH-25JUL25-4500-C,3794.43,sell,8.0,8.0,,,,,,,1753027444.57
567,ETH-258805656,1753027446022,1,0.0038,0.003563,101.08,ETH-25JUL25-4500-C,3793.85,sell,31.0,31.0,,,,,,,1753027446.022
568,ETH-258816004,1753030232709,0,0.0039,0.003828,98.81,ETH-25JUL25-4500-C,3821.39,buy,1.0,1.0,,,,,,,1753030232.709
569,ETH-258816871,1753030533365,2,0.0037,0.003702,99.11,ETH-25JUL25-4500-C,3809.44,buy,5.0,5.0,,,,,,,1753030533.365
570,ETH-258819628,1753031089455,2,0.0033,0.003383,99.88,ETH-25JUL25-4500-C,3782.47,buy,5.0,5.0,,,,,,,1753031089.455
571,ETH-258821516,1753031502248,2,0.003,0.003254,98.69,ETH-25JUL25-4500-C,3775.79,sell,1.0,1.0,,,,,,,1753031502.248
572,ETH-258821872,1753031741265,3,0.003,0.003175,99.32,ETH-25JUL25-4500-C,3770.74,sell,5.0,5.0,,,,,,,1753031741.265
573,ETH-258822029,1753031805927,0,0.0031,0.003233,99.64,ETH-25JUL25-4500-C,3773.88,sell,5.0,5.0,,,,,,,1753031805.927
574,ETH-258825050,1753033382224,2,0.0029,0.002877,100.44,ETH-25JUL25-4500-C,3756.34,buy,1.0,1.0,,,,,,,1753033382.224
575,ETH-258825105,1753033386858,3,0.0029,0.002898,100.22,ETH-25JUL25-4500-C,3758.1,buy,3.0,3.0,,,,,,,1753033386.858
576,ETH-258830116,1753034656908,3,0.0029,0.002929,100.9,ETH-25JUL25-4500-C,3753.93,buy,80.0,80.0,,4.0,BLOCK-212265,9292.0,ETH-CCOND-25JUL25-3850_4000_4200_4500,,1753034656.908
577,ETH-258831768,1753035449713,2,0.0026,0.002662,100.61,ETH-25JUL25-4500-C,3738.13,buy,3.0,3.0,,,,,,,1753035449.713
578,ETH-258837627,1753040207361,0,0.0032,0.002996,101.88,ETH-25JUL25-4500-C,3769.75,buy,17.0,17.0,,,,,,,1753040207.361
579,ETH-258837632,1753040207508,1,0.0032,0.002996,101.88,ETH-25JUL25-4500-C,3769.75,sell,33.0,33.0,,,,,,,1753040207.508
580,ETH-258837637,1753040208128,1,0.0032,0.002992,101.89,ETH-25JUL25-4500-C,3769.62,sell,8.0,8.0,,,,,,,1753040208.128
581,ETH-258848065,1753047205081,2,0.0028,0.003001,100.64,ETH-25JUL25-4500-C,3762.86,buy,1.0,1.0,,,,,,,1753047205.081
582,ETH-258848772,1753047709055,0,0.0035,0.003298,105.3,ETH-25JUL25-4500-C,3765.61,buy,184.0,184.0,,,,,,,1753047709.055
583,ETH-258848773,1753047709057,1,0.0035,0.003298,105.3,ETH-25JUL25-4500-C,3765.61,sell,1.0,1.0,,,,,,,1753047709.057
584,ETH-258849030,1753047868399,1,0.0035,0.003509,105.45,ETH-25JUL25-4500-C,3764.66,sell,815.0,815.0,,,,,,,1753047868.399
585,ETH-258862565,1753051777917,2,0.003,0.00286,103.93,ETH-25JUL25-4500-C,3754.07,buy,2.0,2.0,,,,,,,1753051777.917
586,ETH-258862879,1753051918338,3,0.003,0.002859,104.09,ETH-25JUL25-4500-C,3753.25,sell,3.0,3.0,,,,,,,1753051918.338
587,ETH-258883693,1753060124047,2,0.0022,0.002408,98.58,ETH-25JUL25-4500-C,3754.65,sell,1.0,1.0,,,,,,,1753060124.047
588,ETH-258883943,1753060307134,2,0.0021,0.002283,98.76,ETH-25JUL25-4500-C,3745.53,sell,1.0,1.0,,,,,,,1753060307.134
589,ETH-258884122,1753060592182,3,0.0021,0.00223,99.22,ETH-25JUL25-4500-C,3741.94,sell,1.0,1.0,,,,,,,1753060592.182
590,ETH-258884289,1753060811632,2,0.002,0.002148,98.92,ETH-25JUL25-4500-C,3736.64,sell,1.0,1.0,,,,,,,1753060811.632
591,ETH-258884481,1753060995749,2,0.0019,0.002072,98.76,ETH-25JUL25-4500-C,3729.79,sell,1.0,1.0,,,,,,,1753060995.749
592,ETH-258885365,1753061565070,0,0.002,0.002095,99.69,ETH-25JUL25-4500-C,3730.43,sell,1.0,1.0,,,,,,,1753061565.07
593,ETH-258886017,1753061782534,2,0.0017,0.00187,98.93,ETH-25JUL25-4500-C,3710.9,sell,1.0,1.0,,,,,,,1753061782.534
594,ETH-258886488,1753061995745,3,0.0017,0.001854,99.35,ETH-25JUL25-4500-C,3707.33,sell,1.0,1.0,,,,,,,1753061995.745
595,ETH-258886740,1753062186147,0,0.0018,0.001926,99.6,ETH-25JUL25-4500-C,3714.42,sell,1.0,1.0,,,,,,,1753062186.147
596,ETH-258887174,1753062470853,2,0.0017,0.0019,98.8,ETH-25JUL25-4500-C,3712.56,sell,1.0,1.0,,,,,,,1753062470.853
597,ETH-258887451,1753062679921,0,0.0018,0.002017,98.68,ETH-25JUL25-4500-C,3723.04,sell,1.0,1.0,,,,,,,1753062679.921
598,ETH-258887724,1753062881668,2,0.0017,0.001982,97.69,ETH-25JUL25-4500-C,3722.71,sell,1.0,1.0,,,,,,,1753062881.668
599,ETH-258887824,1753063065941,0,0.0018,0.00199,98.38,ETH-25JUL25-4500-C,3725.67,sell,1.0,1.0,,,,,,,1753063065.941
600,ETH-258887913,1753063255271,1,0.0018,0.001985,98.47,ETH-25JUL25-4500-C,3725.03,sell,1.0,1.0,,,,,,,1753063255.271
601,ETH-258888160,1753063449925,1,0.0018,0.002084,97.31,ETH-25JUL25-4500-C,3735.18,sell,1.0,1.0,,,,,,,1753063449.925
602,ETH-258889714,1753064574861,0,0.002,0.002042,98.76,ETH-25JUL25-4500-C,3740.23,buy,2.0,2.0,,,,,,,1753064574.861
603,ETH-258893570,1753067448099,0,0.0025,0.002382,100.91,ETH-25JUL25-4500-C,3764.1,buy,2.0,2.0,,,,,,,1753067448.099
604,ETH-258893582,1753067460640,0,0.0026,0.00242,101.59,ETH-25JUL25-4500-C,3765.24,buy,98.0,98.0,,,,,,,1753067460.64
606,ETH-258893614,1753067470458,1,0.0026,0.002408,101.77,ETH-25JUL25-4500-C,3763.77,buy,14.0,14.0,,,,,,,1753067470.458
605,ETH-258893613,1753067470458,1,0.0026,0.002408,101.77,ETH-25JUL25-4500-C,3763.77,buy,32.0,32.0,,,,,,,1753067470.458
607,ETH-258893615,1753067470461,1,0.0026,0.002408,101.77,ETH-25JUL25-4500-C,3763.77,sell,8.0,8.0,,,,,,,1753067470.461
609,ETH-258893642,1753067483977,0,0.0027,0.002402,102.69,ETH-25JUL25-4500-C,3762.9,buy,39.0,39.0,,,,,,,1753067483.977
608,ETH-258893641,1753067483977,1,0.0026,0.002402,101.89,ETH-25JUL25-4500-C,3762.9,buy,7.0,7.0,,,,,,,1753067483.977
610,ETH-258893643,1753067488711,1,0.0027,0.0024,102.7,ETH-25JUL25-4500-C,3762.84,buy,100.0,100.0,,,,,,,1753067488.711
611,ETH-258894348,1753068185853,2,0.0021,0.002232,97.97,ETH-25JUL25-4500-C,3760.56,sell,2.0,2.0,,,,,,,1753068185.853
612,ETH-258902592,1753075823868,2,0.0019,0.001891,97.28,ETH-25JUL25-4500-C,3758.39,buy,50.0,50.0,,,,,,,1753075823.868
613,ETH-258903269,1753076145086,0,0.002,0.002053,96.64,ETH-25JUL25-4500-C,3772.66,buy,80.0,80.0,,,,,,,1753076145.086
614,ETH-258908112,1753079187407,0,0.0024,0.002388,95.94,ETH-25JUL25-4500-C,3811.86,buy,20.0,20.0,,,,,,,1753079187.407
615,ETH-258908168,1753079195395,1,0.0024,0.002407,95.89,ETH-25JUL25-4500-C,3812.43,buy,30.0,30.0,,,,,,,1753079195.395
616,ETH-258910348,1753079962996,2,0.0022,0.002289,96.5,ETH-25JUL25-4500-C,3794.18,sell,1.0,1.0,,,,,,,1753079962.996
617,ETH-258911200,1753080700570,0,0.0025,0.002382,98.85,ETH-25JUL25-4500-C,3796.43,buy,13.0,13.0,,,,,,,1753080700.57
618,ETH-258911201,1753080700570,1,0.0025,0.002382,98.85,ETH-25JUL25-4500-C,3796.43,buy,184.0,184.0,,,,,,,1753080700.57
619,ETH-258911243,1753080768284,1,0.0025,0.002397,99.22,ETH-25JUL25-4500-C,3793.4,buy,581.0,581.0,,,,,,,1753080768.284
620,ETH-258912482,1753081771529,2,0.002,0.002381,94.51,ETH-25JUL25-4500-C,3797.43,sell,1.0,1.0,,,,,,,1753081771.529
621,ETH-258915008,1753083851576,3,0.002,0.002128,95.9,ETH-25JUL25-4500-C,3788.92,sell,10.0,10.0,,,,,,,1753083851.576
622,ETH-258920850,1753086808690,0,0.0024,0.002343,97.2,ETH-25JUL25-4500-C,3811.96,buy,75.0,75.0,,,,,,,1753086808.69
623,ETH-258921218,1753087091631,2,0.002,0.002224,94.53,ETH-25JUL25-4500-C,3805.0,sell,77.0,77.0,,,,,,,1753087091.631
624,ETH-258933423,1753095613112,0,0.0024,0.002317,97.99,ETH-25JUL25-4500-C,3814.55,buy,55.0,55.0,,,,,,,1753095613.112
625,ETH-258935772,1753097068993,1,0.0024,0.002412,97.22,ETH-25JUL25-4500-C,3821.95,buy,70.0,70.0,,,,,,,1753097068.993
626,ETH-258941902,1753099425588,2,0.0022,0.002197,98.53,ETH-25JUL25-4500-C,3799.84,buy,5.0,5.0,,,,,,,1753099425.588
627,ETH-258948422,1753102659906,3,0.0022,0.002323,97.53,ETH-25JUL25-4500-C,3812.27,sell,5.0,5.0,,,,,,,1753102659.906
628,ETH-258950754,1753103213354,2,0.0021,0.00207,100.11,ETH-25JUL25-4500-C,3784.89,buy,2.0,2.0,,,,,,,1753103213.354
629,ETH-258951780,1753103576071,2,0.002,0.002067,99.49,ETH-25JUL25-4500-C,3782.21,sell,2.0,2.0,,,,,,,1753103576.071
630,ETH-258954039,1753104015065,0,0.0023,0.00215,101.9,ETH-25JUL25-4500-C,3785.87,buy,200.0,200.0,,4.0,BLOCK-212395,,,,1753104015.065
631,ETH-258958521,1753105786245,0,0.0024,0.002403,99.01,ETH-25JUL25-4500-C,3819.09,buy,5.0,5.0,,,,,,,1753105786.245
632,ETH-258960281,1753106247801,0,0.0025,0.002316,100.26,ETH-25JUL25-4500-C,3816.1,buy,10.0,10.0,,,,,,,1753106247.801
633,ETH-258966533,1753107892067,1,0.0025,0.002701,97.22,ETH-25JUL25-4500-C,3841.8,sell,100.0,100.0,,,,,,,1753107892.067
634,ETH-258966583,1753107922269,1,0.0025,0.002701,97.22,ETH-25JUL25-4500-C,3841.98,sell,11.0,11.0,,,,,,,1753107922.269
635,ETH-258966584,1753107922269,1,0.0025,0.002701,97.22,ETH-25JUL25-4500-C,3841.98,sell,28.0,28.0,,,,,,,1753107922.269
636,ETH-258966585,1753107922272,1,0.0025,0.002701,97.22,ETH-25JUL25-4500-C,3841.98,buy,8.0,8.0,,,,,,,1753107922.272
637,ETH-258966586,1753107922278,1,0.0025,0.002701,97.22,ETH-25JUL25-4500-C,3841.98,buy,32.0,32.0,,,,,,,1753107922.278
638,ETH-258966587,1753107922281,1,0.0025,0.002701,97.22,ETH-25JUL25-4500-C,3841.98,buy,21.0,21.0,,,,,,,1753107922.281
640,ETH-258966818,1753107980999,3,0.0023,0.002529,96.88,ETH-25JUL25-4500-C,3831.57,sell,197.0,197.0,,,,,,,1753107980.999
639,ETH-258966817,1753107980999,2,0.0023,0.002529,96.88,ETH-25JUL25-4500-C,3831.57,sell,3.0,3.0,,,,,,,1753107980.999
641,ETH-259005754,1753121099402,2,0.0015,0.001552,97.74,ETH-25JUL25-4500-C,3777.08,sell,1.0,1.0,,,,,,,1753121099.402
642,ETH-259015518,1753125512793,0,0.0016,0.001434,101.38,ETH-25JUL25-4500-C,3762.09,buy,75.0,75.0,,,,,,,1753125512.793
643,ETH-259036357,1753140793118,2,0.0013,0.001388,98.67,ETH-25JUL25-4500-C,3774.5,buy,1.0,1.0,,,,,,,1753140793.118
644,ETH-259058617,1753153132495,2,0.001,0.000987,100.83,ETH-25JUL25-4500-C,3738.43,buy,50.0,50.0,,,,,,,1753153132.495
645,ETH-259070952,1753160136844,2,0.0007,0.000745,104.24,ETH-25JUL25-4500-C,3674.36,buy,8.0,8.0,,,,,,,1753160136.844
646,ETH-259070960,1753160137735,3,0.0007,0.000738,104.23,ETH-25JUL25-4500-C,3674.46,buy,9.0,9.0,,,,,,,1753160137.735
647,ETH-259070977,1753160138745,3,0.0007,0.000738,104.17,ETH-25JUL25-4500-C,3674.89,buy,1.0,1.0,,,,,,,1753160138.745
648,ETH-259071019,1753160156584,3,0.0007,0.000735,103.74,ETH-25JUL25-4500-C,3678.46,buy,32.0,32.0,,,,,,,1753160156.584
649,ETH-259071927,1753160364887,3,0.0007,0.000695,105.04,ETH-25JUL25-4500-C,3668.35,buy,1.0,1.0,,,,,,,1753160364.887
650,ETH-259093905,1753171099273,2,0.0004,0.000512,98.91,ETH-25JUL25-4500-C,3669.58,sell,29.0,29.0,,,,,,,1753171099.273
651,ETH-259096701,1753171828430,2,0.0003,0.000422,97.33,ETH-25JUL25-4500-C,3651.96,sell,2.0,2.0,,,,,,,1753171828.43
652,ETH-259098465,1753172290042,0,0.0005,0.000371,106.49,ETH-25JUL25-4500-C,3632.11,buy,2.0,2.0,,,,,,,1753172290.042
653,ETH-259098466,1753172290045,1,0.0005,0.000371,106.49,ETH-25JUL25-4500-C,3632.11,sell,3.0,3.0,,,,,,,1753172290.045
654,ETH-259099531,1753172416785,1,0.0005,0.000409,104.78,ETH-25JUL25-4500-C,3646.24,buy,2.0,2.0,,,,,,,1753172416.785
655,ETH-259099532,1753172416792,1,0.0005,0.000409,104.78,ETH-25JUL25-4500-C,3646.24,sell,3.0,3.0,,,,,,,1753172416.792
656,ETH-259100015,1753172574529,1,0.0005,0.000392,104.95,ETH-25JUL25-4500-C,3645.36,buy,1.0,1.0,,,,,,,1753172574.529
657,ETH-259100016,1753172576159,1,0.0005,0.000391,104.98,ETH-25JUL25-4500-C,3645.14,buy,1.0,1.0,,,,,,,1753172576.159
658,ETH-259100017,1753172577669,0,0.0006,0.000389,107.64,ETH-25JUL25-4500-C,3645.48,buy,1.0,1.0,,,,,,,1753172577.669
659,ETH-259100020,1753172579209,1,0.0006,0.000389,107.63,ETH-25JUL25-4500-C,3645.54,buy,1.0,1.0,,,,,,,1753172579.209
661,ETH-259105035,1753173784755,3,0.0003,0.000403,98.52,ETH-25JUL25-4500-C,3643.81,sell,15.0,15.0,,,,,,,1753173784.755
660,ETH-259105034,1753173784755,2,0.0003,0.000403,98.52,ETH-25JUL25-4500-C,3643.81,sell,2.0,2.0,,,,,,,1753173784.755
662,ETH-259108106,1753174782768,3,0.0003,0.000366,98.01,ETH-25JUL25-4500-C,3650.76,buy,5.0,5.0,,,,,,,1753174782.768
663,ETH-259135837,1753191219536,2,0.0002,0.000257,93.47,ETH-25JUL25-4500-C,3678.39,sell,30.0,30.0,,,,,,,1753191219.536
664,ETH-259158541,1753198744617,0,0.0005,0.000397,101.71,ETH-25JUL25-4500-C,3719.19,buy,2.0,2.0,,,,,,,1753198744.617
665,ETH-259158542,1753198744631,1,0.0005,0.000397,101.71,ETH-25JUL25-4500-C,3719.19,sell,28.0,28.0,,,,,,,1753198744.631
666,ETH-259175995,1753208896318,2,0.0002,0.000241,94.83,ETH-25JUL25-4500-C,3698.75,sell,2.0,2.0,,,,,,,1753208896.318
667,ETH-259175996,1753208896325,3,0.0002,0.000241,94.83,ETH-25JUL25-4500-C,3698.75,buy,4.0,4.0,,,,,,,1753208896.325
668,ETH-259175997,1753208898866,3,0.0002,0.00024,94.65,ETH-25JUL25-4500-C,3700.31,buy,144.0,144.0,,,,,,,1753208898.866
670,ETH-259189072,1753214910340,1,0.0004,0.000227,107.11,ETH-25JUL25-4500-C,3681.62,buy,6.0,6.0,,,,,,,1753214910.34
669,ETH-259189071,1753214910340,0,0.0004,0.000227,107.11,ETH-25JUL25-4500-C,3681.62,buy,20.0,20.0,,,,,,,1753214910.34
671,ETH-259212134,1753237249809,0,0.0005,0.000271,108.06,ETH-25JUL25-4500-C,3744.8,buy,10.0,10.0,,,,,,,1753237249.809
672,ETH-259222895,1753248275152,2,0.0002,0.000217,101.67,ETH-25JUL25-4500-C,3721.9,sell,2.0,2.0,,,,,,,1753248275.152
673,ETH-259223323,1753248651819,0,0.0003,0.000205,107.91,ETH-25JUL25-4500-C,3714.4,buy,130.0,130.0,,,,,,,1753248651.819
674,ETH-259223345,1753248681142,1,0.0003,0.000202,107.99,ETH-25JUL25-4500-C,3713.73,buy,130.0,130.0,,,,,,,1753248681.142
675,ETH-259223371,1753248703826,1,0.0003,0.000198,108.28,ETH-25JUL25-4500-C,3711.77,buy,130.0,130.0,,,,,,,1753248703.826
676,ETH-259223402,1753248727727,1,0.0003,0.0002,108.0,ETH-25JUL25-4500-C,3713.77,buy,130.0,130.0,,,,,,,1753248727.727
677,ETH-259223418,1753248759835,1,0.0003,0.000198,108.14,ETH-25JUL25-4500-C,3712.84,buy,130.0,130.0,,,,,,,1753248759.835
678,ETH-259223430,1753248788130,1,0.0003,0.000198,108.26,ETH-25JUL25-4500-C,3711.96,buy,135.0,135.0,,,,,,,1753248788.13
679,ETH-259223749,1753248805463,1,0.0003,0.000184,109.25,ETH-25JUL25-4500-C,3704.71,buy,135.0,135.0,,,,,,,1753248805.463
680,ETH-259223822,1753248822122,1,0.0003,0.000185,109.03,ETH-25JUL25-4500-C,3706.34,buy,135.0,135.0,,,,,,,1753248822.122
681,ETH-259223861,1753248836896,1,0.0003,0.000187,108.89,ETH-25JUL25-4500-C,3707.31,buy,135.0,135.0,,,,,,,1753248836.896
682,ETH-259223969,1753248879323,1,0.0003,0.000198,108.06,ETH-25JUL25-4500-C,3713.53,buy,135.0,135.0,,,,,,,1753248879.323
683,ETH-259224067,1753248993400,1,0.0003,0.000205,107.77,ETH-25JUL25-4500-C,3716.27,buy,133.0,133.0,,,,,,,1753248993.4
684,ETH-259224074,1753249006765,1,0.0003,0.000207,107.62,ETH-25JUL25-4500-C,3717.35,buy,133.0,133.0,,,,,,,1753249006.765
685,ETH-259224100,1753249024496,1,0.0003,0.00021,107.36,ETH-25JUL25-4500-C,3719.37,buy,133.0,133.0,,,,,,,1753249024.496
686,ETH-259224181,1753249081504,1,0.0003,0.000212,107.22,ETH-25JUL25-4500-C,3720.65,buy,133.0,133.0,,,,,,,1753249081.504
687,ETH-259224182,1753249097654,1,0.0003,0.00021,107.22,ETH-25JUL25-4500-C,3720.73,buy,133.0,133.0,,,,,,,1753249097.654
688,ETH-259224290,1753249401228,1,0.0003,0.000201,108.01,ETH-25JUL25-4500-C,3715.43,buy,130.0,130.0,,,,,,,1753249401.228
689,ETH-259224303,1753249422032,1,0.0003,0.000196,108.25,ETH-25JUL25-4500-C,3713.86,buy,130.0,130.0,,,,,,,1753249422.032
690,ETH-259224308,1753249450068,1,0.0003,0.000197,108.16,ETH-25JUL25-4500-C,3714.54,buy,130.0,130.0,,,,,,,1753249450.068
691,ETH-259224376,1753249482233,1,0.0003,0.000196,108.3,ETH-25JUL25-4500-C,3713.77,buy,130.0,130.0,,,,,,,1753249482.233
692,ETH-259224396,1753249504011,1,0.0003,0.000192,108.53,ETH-25JUL25-4500-C,3712.0,buy,130.0,130.0,,,,,,,1753249504.011
693,ETH-259224432,1753249521820,1,0.0003,0.000187,108.69,ETH-25JUL25-4500-C,3710.75,buy,135.0,135.0,,,,,,,1753249521.82
694,ETH-259224450,1753249537409,1,0.0003,0.000192,108.51,ETH-25JUL25-4500-C,3712.14,buy,135.0,135.0,,,,,,,1753249537.409
695,ETH-259224467,1753249559287,1,0.0003,0.000187,108.8,ETH-25JUL25-4500-C,3709.89,buy,135.0,135.0,,,,,,,1753249559.287
696,ETH-259224503,1753249572608,1,0.0003,0.000193,108.38,ETH-25JUL25-4500-C,3712.98,buy,135.0,135.0,,,,,,,1753249572.608
697,ETH-259224530,1753249600706,1,0.0003,0.000199,108.03,ETH-25JUL25-4500-C,3715.68,buy,135.0,135.0,,,,,,,1753249600.706
698,ETH-259224646,1753249710865,1,0.0003,0.000201,107.9,ETH-25JUL25-4500-C,3716.95,buy,133.0,133.0,,,,,,,1753249710.865
699,ETH-259224653,1753249724538,1,0.0003,0.000202,107.78,ETH-25JUL25-4500-C,3717.92,buy,133.0,133.0,,,,,,,1753249724.538
700,ETH-259224668,1753249743085,1,0.0003,0.000202,107.77,ETH-25JUL25-4500-C,3717.99,buy,133.0,133.0,,,,,,,1753249743.085
701,ETH-259224691,1753249824252,1,0.0003,0.000203,107.64,ETH-25JUL25-4500-C,3718.94,buy,133.0,133.0,,,,,,,1753249824.252
702,ETH-259224748,1753249837720,1,0.0003,0.000202,107.78,ETH-25JUL25-4500-C,3718.08,buy,133.0,133.0,,,,,,,1753249837.72
703,ETH-259224815,1753250234384,1,0.0003,0.000199,108.15,ETH-25JUL25-4500-C,3716.29,buy,129.0,129.0,,,,,,,1753250234.384
704,ETH-259224825,1753250279907,1,0.0003,0.000195,108.34,ETH-25JUL25-4500-C,3715.0,buy,129.0,129.0,,,,,,,1753250279.907
705,ETH-259224877,1753250326808,1,0.0003,0.000195,108.3,ETH-25JUL25-4500-C,3715.29,buy,129.0,129.0,,,,,,,1753250326.808
706,ETH-259224889,1753250375445,1,0.0003,0.000198,108.06,ETH-25JUL25-4500-C,3717.17,buy,129.0,129.0,,,,,,,1753250375.445
707,ETH-259224901,1753250420124,1,0.0003,0.000195,108.25,ETH-25JUL25-4500-C,3715.73,buy,129.0,129.0,,,,,,,1753250420.124
708,ETH-259224946,1753250461735,1,0.0003,0.000198,108.12,ETH-25JUL25-4500-C,3716.87,buy,129.0,129.0,,,,,,,1753250461.735
709,ETH-259224952,1753250474330,1,0.0003,0.000195,108.22,ETH-25JUL25-4500-C,3716.16,buy,129.0,129.0,,,,,,,1753250474.33
710,ETH-259225013,1753250611494,1,0.0003,0.00019,108.63,ETH-25JUL25-4500-C,3713.35,buy,129.0,129.0,,,,,,,1753250611.494
711,ETH-259225034,1753250661553,1,0.0003,0.000188,108.78,ETH-25JUL25-4500-C,3712.37,buy,129.0,129.0,,,,,,,1753250661.553
712,ETH-259225087,1753250724635,1,0.0003,0.000195,108.3,ETH-25JUL25-4500-C,3715.96,buy,129.0,129.0,,,,,,,1753250724.635
713,ETH-259225091,1753250768289,1,0.0003,0.00019,108.55,ETH-25JUL25-4500-C,3714.37,buy,129.0,129.0,,,,,,,1753250768.289
714,ETH-259225099,1753250812937,1,0.0003,0.00019,108.53,ETH-25JUL25-4500-C,3714.6,buy,129.0,129.0,,,,,,,1753250812.937
715,ETH-259225101,1753250825458,1,0.0003,0.000189,108.58,ETH-25JUL25-4500-C,3714.26,buy,129.0,129.0,,,,,,,1753250825.458
716,ETH-259225169,1753250951015,1,0.0003,0.000184,109.19,ETH-25JUL25-4500-C,3710.15,buy,30.0,30.0,,,,,,,1753250951.015
717,ETH-259225170,1753250952429,1,0.0003,0.000184,109.21,ETH-25JUL25-4500-C,3710.07,sell,5.0,5.0,M,,,,,,1753250952.429
718,ETH-259225171,1753250953244,0,0.0004,0.000184,113.37,ETH-25JUL25-4500-C,3710.07,buy,5.0,5.0,T,,,,,,1753250953.244
719,ETH-259225278,1753251021698,2,0.0003,0.000192,108.87,ETH-25JUL25-4500-C,3712.6,buy,20.0,20.0,,,,,,,1753251021.698
720,ETH-259225630,1753251442196,3,0.0003,0.000189,109.95,ETH-25JUL25-4500-C,3705.6,buy,15.0,15.0,,,,,,,1753251442.196
721,ETH-259225633,1753251456858,3,0.0003,0.000189,110.03,ETH-25JUL25-4500-C,3705.12,buy,15.0,15.0,,,,,,,1753251456.858
722,ETH-259225637,1753251472352,3,0.0003,0.000189,110.07,ETH-25JUL25-4500-C,3704.82,buy,15.0,15.0,,,,,,,1753251472.352
723,ETH-259225677,1753251483836,3,0.0003,0.000189,110.18,ETH-25JUL25-4500-C,3704.02,buy,15.0,15.0,,,,,,,1753251483.836
724,ETH-259225788,1753251502652,3,0.0003,0.000183,110.35,ETH-25JUL25-4500-C,3702.77,buy,15.0,15.0,,,,,,,1753251502.652
725,ETH-259225831,1753251514907,3,0.0003,0.00018,110.71,ETH-25JUL25-4500-C,3700.29,buy,15.0,15.0,,,,,,,1753251514.907
726,ETH-259227264,1753251856710,3,0.0003,0.000194,111.4,ETH-25JUL25-4500-C,3695.72,buy,15.0,15.0,,,,,,,1753251856.71
727,ETH-259227265,1753251868320,3,0.0003,0.000194,111.38,ETH-25JUL25-4500-C,3695.87,buy,15.0,15.0,,,,,,,1753251868.32
728,ETH-259227270,1753251884968,3,0.0003,0.000194,111.39,ETH-25JUL25-4500-C,3695.88,buy,15.0,15.0,,,,,,,1753251884.968
729,ETH-259227322,1753251894268,3,0.0003,0.000195,111.24,ETH-25JUL25-4500-C,3697.02,buy,15.0,15.0,,,,,,,1753251894.268
730,ETH-259227459,1753251906773,3,0.0003,0.000196,111.22,ETH-25JUL25-4500-C,3697.05,buy,15.0,15.0,,,,,,,1753251906.773
731,ETH-259227478,1753251919221,3,0.0003,0.000201,110.95,ETH-25JUL25-4500-C,3698.98,buy,15.0,15.0,,,,,,,1753251919.221
732,ETH-259227482,1753251934797,3,0.0003,0.000199,111.13,ETH-25JUL25-4500-C,3697.76,buy,15.0,15.0,,,,,,,1753251934.797
733,ETH-259227486,1753251945214,3,0.0003,0.0002,111.13,ETH-25JUL25-4500-C,3697.82,buy,15.0,15.0,,,,,,,1753251945.214
734,ETH-259227912,1753252055336,3,0.0003,0.000209,110.52,ETH-25JUL25-4500-C,3702.85,buy,10.0,10.0,,,,,,,1753252055.336
735,ETH-259227919,1753252069875,3,0.0003,0.00021,110.42,ETH-25JUL25-4500-C,3703.54,buy,10.0,10.0,,,,,,,1753252069.875
736,ETH-259227970,1753252143539,3,0.0003,0.000203,110.91,ETH-25JUL25-4500-C,3699.99,buy,10.0,10.0,,,,,,,1753252143.539
737,ETH-259228087,1753252160109,3,0.0003,0.0002,111.04,ETH-25JUL25-4500-C,3699.05,buy,10.0,10.0,,,,,,,1753252160.109
738,ETH-259231686,1753255049653,2,0.0001,0.000161,98.87,ETH-25JUL25-4500-C,3697.47,sell,250.0,250.0,,,,,,,1753255049.653
739,ETH-259237103,1753258502962,3,0.0001,0.000146,101.72,ETH-25JUL25-4500-C,3682.73,sell,10.0,10.0,,,,,,,1753258502.962
740,ETH-259251062,1753267298392,3,0.0001,0.000147,106.59,ETH-25JUL25-4500-C,3665.21,sell,30.0,30.0,,,,,,,1753267298.392
741,ETH-259252369,1753269523785,3,0.0001,0.000153,107.16,ETH-25JUL25-4500-C,3666.57,sell,3.0,3.0,,,,,,,1753269523.785
742,ETH-259252564,1753269807523,0,0.0002,0.000154,114.96,ETH-25JUL25-4500-C,3672.19,buy,1.0,1.0,,,,,,,1753269807.523
743,ETH-259274716,1753278732920,1,0.0002,0.000135,129.9,ETH-25JUL25-4500-C,3589.61,buy,9.0,9.0,,,,,,,1753278732.92
744,ETH-259274717,1753278732920,1,0.0002,0.000135,129.9,ETH-25JUL25-4500-C,3589.61,buy,20.0,20.0,,,,,,,1753278732.92
745,ETH-259274718,1753278732920,1,0.0002,0.000135,129.9,ETH-25JUL25-4500-C,3589.61,buy,13.0,13.0,,,,,,,1753278732.92
746,ETH-259274719,1753278732922,1,0.0002,0.000135,129.9,ETH-25JUL25-4500-C,3589.61,sell,11.0,11.0,,,,,,,1753278732.922
747,ETH-259274720,1753278732940,1,0.0002,0.000135,129.9,ETH-25JUL25-4500-C,3589.61,sell,27.0,27.0,,,,,,,1753278732.94
748,ETH-259280975,1753280015504,2,0.0001,0.000162,121.23,ETH-25JUL25-4500-C,3588.64,sell,5.0,5.0,,,,,,,1753280015.504
749,ETH-259285053,1753281794783,3,0.0001,0.000168,119.47,ETH-25JUL25-4500-C,3606.63,sell,1.0,1.0,,,,,,,1753281794.783
750,ETH-259288195,1753283577035,3,0.0001,0.000166,120.25,ETH-25JUL25-4500-C,3606.85,sell,2.0,2.0,,,,,,,1753283577.035
751,ETH-259300991,1753288809103,3,0.0001,0.000148,124.74,ETH-25JUL25-4500-C,3589.98,sell,10.0,10.0,,,,,,,1753288809.103
752,ETH-259301000,1753288814219,3,0.0001,0.000149,124.7,ETH-25JUL25-4500-C,3590.23,sell,50.0,50.0,,,,,,,1753288814.219
753,ETH-259301001,1753288819351,3,0.0001,0.000147,124.8,ETH-25JUL25-4500-C,3589.49,sell,40.0,40.0,,,,,,,1753288819.351
754,ETH-259301003,1753288824786,3,0.0001,0.000147,124.77,ETH-25JUL25-4500-C,3589.71,sell,20.0,20.0,,,,,,,1753288824.786
755,ETH-259301008,1753288827287,3,0.0001,0.000148,124.78,ETH-25JUL25-4500-C,3589.62,sell,20.0,20.0,,,,,,,1753288827.287
756,ETH-259301010,1753288829766,3,0.0001,0.000148,124.85,ETH-25JUL25-4500-C,3589.14,sell,20.0,20.0,,,,,,,1753288829.766
757,ETH-259306600,1753290517846,0,0.0003,0.000151,145.84,ETH-25JUL25-4500-C,3564.24,buy,15.0,15.0,,,,,,,1753290517.846
758,ETH-259326511,1753302621372,2,0.0001,0.000128,135.4,ETH-25JUL25-4500-C,3562.38,sell,31.0,31.0,,,,,,,1753302621.372
759,ETH-259332594,1753305103005,3,0.0001,0.000135,136.35,ETH-25JUL25-4500-C,3565.07,sell,2.0,2.0,,,,,,,1753305103.005
760,ETH-259340513,1753308576449,3,0.0001,0.00015,133.54,ETH-25JUL25-4500-C,3596.69,sell,2.0,2.0,,,,,,,1753308576.449
761,ETH-259342685,1753309332839,3,0.0001,0.000151,132.29,ETH-25JUL25-4500-C,3607.76,sell,10.0,10.0,,,,,,,1753309332.839
762,ETH-259343481,1753310574789,3,0.0001,0.000147,131.92,ETH-25JUL25-4500-C,3615.07,sell,20.0,20.0,,,,,,,1753310574.789
764,ETH-259348152,1753313790735,3,0.0001,0.000145,131.28,ETH-25JUL25-4500-C,3632.12,sell,1.0,1.0,,,,,,,1753313790.735
763,ETH-259348151,1753313790735,3,0.0001,0.000145,131.28,ETH-25JUL25-4500-C,3632.12,sell,71.0,71.0,,,,,,,1753313790.735
765,ETH-259419778,1753347459287,3,0.0001,1.9e-05,155.02,ETH-25JUL25-4500-C,3636.32,buy,1.0,1.0,,,,,,,1753347459.287
