trade_seq,trade_id,timestamp,tick_direction,price,mark_price,iv,instrument_name,index_price,direction,contracts,amount,block_trade_leg_count,block_trade_id,combo_id,combo_trade_id,liquidation,unix_sec
1,ETH-257972590,1752692898762,1,0.0085,0.008954,75.23,ETH-25JUL25-3800-C,3346.07,buy,1.0,1.0,,,,,,1752692898.762
2,ETH-257973350,1752693148126,1,0.0085,0.008791,75.52,ETH-25JUL25-3800-C,3344.17,sell,1.0,1.0,,,,,,1752693148.126
4,ETH-257975731,1752693912128,1,0.009,0.009186,74.53,ETH-25JUL25-3800-C,3364.51,buy,50.0,50.0,,,,,,1752693912.128
3,ETH-257975730,1752693912128,0,0.009,0.009186,74.53,ETH-25JUL25-3800-C,3364.51,buy,1.0,1.0,,,,,,1752693912.128
5,ETH-257986596,1752695840156,1,0.009,0.009129,73.48,ETH-25JUL25-3800-C,3375.72,sell,1.0,1.0,,,,,,1752695840.156
6,ETH-257987922,1752696033276,1,0.009,0.009484,72.34,ETH-25JUL25-3800-C,3385.01,sell,1.0,1.0,,,,,,1752696033.276
7,ETH-257989853,1752696269080,0,0.0095,0.009543,73.28,ETH-25JUL25-3800-C,3388.44,buy,2.0,2.0,,,,,,1752696269.08
8,ETH-257989860,1752696271592,1,0.0095,0.009562,73.14,ETH-25JUL25-3800-C,3389.6,buy,8.0,8.0,,,,,,1752696271.592
9,ETH-257994958,1752696595686,0,0.0105,0.010209,73.71,ETH-25JUL25-3800-C,3405.34,buy,8.0,8.0,,,,,,1752696595.686
10,ETH-258000267,1752697068320,1,0.0105,0.010576,73.65,ETH-25JUL25-3800-C,3406.24,sell,20.0,20.0,,,,,,1752697068.32
11,ETH-258000268,1752697068324,1,0.0105,0.010576,73.65,ETH-25JUL25-3800-C,3406.24,sell,14.0,14.0,,,,,,1752697068.324
12,ETH-258000292,1752697070953,1,0.0105,0.01055,73.76,ETH-25JUL25-3800-C,3405.38,sell,66.0,66.0,,,,,,1752697070.953
14,ETH-258002638,1752697183001,2,0.0105,0.011018,72.42,ETH-25JUL25-3800-C,3416.38,sell,5.0,5.0,,,,,,1752697183.001
13,ETH-258002637,1752697183001,0,0.011,0.011018,73.64,ETH-25JUL25-3800-C,3416.38,sell,5.0,5.0,,,,,,1752697183.001
15,ETH-258012963,1752698144857,2,0.01,0.010304,72.33,ETH-25JUL25-3800-C,3407.09,sell,11.0,11.0,,,,,,1752698144.857
16,ETH-258012964,1752698144857,3,0.01,0.010304,72.33,ETH-25JUL25-3800-C,3407.09,sell,39.0,39.0,,,,,,1752698144.857
17,ETH-258013148,1752698188118,3,0.01,0.010269,72.37,ETH-25JUL25-3800-C,3406.87,sell,20.0,20.0,,,,,,1752698188.118
18,ETH-258013149,1752698188122,3,0.01,0.010269,72.37,ETH-25JUL25-3800-C,3406.87,buy,1.0,1.0,,,,,,1752698188.122
19,ETH-258013150,1752698188122,3,0.01,0.010269,72.37,ETH-25JUL25-3800-C,3406.87,buy,8.0,8.0,,,,,,1752698188.122
20,ETH-258013151,1752698188126,3,0.01,0.010269,72.37,ETH-25JUL25-3800-C,3406.87,buy,21.0,21.0,,,,,,1752698188.126
21,ETH-258017351,1752699066227,2,0.0095,0.009491,73.79,ETH-25JUL25-3800-C,3383.96,buy,1.0,1.0,,,,,,1752699066.227
22,ETH-258020018,1752699811092,2,0.0087,0.009282,72.57,ETH-25JUL25-3800-C,3376.33,sell,500.0,500.0,2.0,BLOCK-211334,ETH-RR-25JUL25-3200_3800,,,1752699811.092
23,ETH-258020269,1752699923684,0,0.009,0.009227,73.43,ETH-25JUL25-3800-C,3376.48,buy,1.0,1.0,,,,,,1752699923.684
24,ETH-258020395,1752699960050,2,0.0085,0.009245,71.96,ETH-25JUL25-3800-C,3377.49,sell,500.0,500.0,2.0,BLOCK-211336,ETH-RR-25JUL25-3200_3800,,,1752699960.05
25,ETH-258020397,1752699960059,0,0.0087,0.009245,72.51,ETH-25JUL25-3800-C,3377.49,sell,500.0,500.0,2.0,BLOCK-211337,ETH-RR-25JUL25-3200_3800,,,1752699960.059
26,ETH-258020748,1752700062934,2,0.0085,0.009253,71.62,ETH-25JUL25-3800-C,3380.95,sell,500.0,500.0,2.0,BLOCK-211338,ETH-RR-25JUL25-3200_3800,,,1752700062.934
27,ETH-258022877,1752700786606,0,0.0095,0.009202,73.31,ETH-25JUL25-3800-C,3390.06,buy,50.0,50.0,,,,,,1752700786.606
28,ETH-258022923,1752700804900,1,0.0095,0.009307,73.18,ETH-25JUL25-3800-C,3391.18,sell,5.0,5.0,,,,,,1752700804.9
29,ETH-258025324,1752701840877,2,0.0085,0.008497,73.14,ETH-25JUL25-3800-C,3369.58,sell,62.0,62.0,,,,,,1752701840.877
30,ETH-258025338,1752701841870,3,0.0085,0.008545,73.09,ETH-25JUL25-3800-C,3370.01,sell,62.0,62.0,,,,,,1752701841.87
31,ETH-258025476,1752701858129,3,0.0085,0.008423,73.58,ETH-25JUL25-3800-C,3365.95,buy,1.0,1.0,,,,,,1752701858.129
32,ETH-258025477,1752701858153,3,0.0085,0.008423,73.58,ETH-25JUL25-3800-C,3365.95,buy,86.0,86.0,,,,,,1752701858.153
33,ETH-258030070,1752702721190,2,0.0075,0.007914,69.19,ETH-25JUL25-3800-C,3380.21,sell,62.0,62.0,,,,,,1752702721.19
34,ETH-258030071,1752702721190,3,0.0075,0.007914,69.19,ETH-25JUL25-3800-C,3380.21,sell,20.0,20.0,,,,,,1752702721.19
36,ETH-258034440,1752703633164,3,0.0075,0.007858,68.4,ETH-25JUL25-3800-C,3387.42,sell,38.0,38.0,,,,,,1752703633.164
35,ETH-258034439,1752703633164,3,0.0075,0.007858,68.4,ETH-25JUL25-3800-C,3387.42,sell,62.0,62.0,,,,,,1752703633.164
37,ETH-258037152,1752704225410,3,0.0075,0.007477,68.85,ETH-25JUL25-3800-C,3383.97,sell,18.0,18.0,,,,,,1752704225.41
38,ETH-258037163,1752704233123,3,0.0075,0.007501,68.89,ETH-25JUL25-3800-C,3383.57,sell,32.0,32.0,,,,,,1752704233.123
39,ETH-258037440,1752704387121,3,0.0075,0.007512,68.93,ETH-25JUL25-3800-C,3383.2,sell,175.0,175.0,,,,,,1752704387.121
41,ETH-258040056,1752704972700,3,0.007,0.006994,68.18,ETH-25JUL25-3800-C,3377.2,buy,1.0,1.0,,,,,,1752704972.7
40,ETH-258040055,1752704972700,2,0.007,0.006994,68.18,ETH-25JUL25-3800-C,3377.2,buy,1.0,1.0,,,,,,1752704972.7
42,ETH-258040149,1752705005030,3,0.007,0.006918,68.27,ETH-25JUL25-3800-C,3376.62,buy,536.0,536.0,,,,,,1752705005.03
44,ETH-258063052,1752712042002,3,0.007,0.007262,66.72,ETH-25JUL25-3800-C,3392.78,sell,12.0,12.0,,,,,,1752712042.002
43,ETH-258063051,1752712042002,3,0.007,0.007262,66.72,ETH-25JUL25-3800-C,3392.78,sell,18.0,18.0,,,,,,1752712042.002
45,ETH-258077042,1752717511976,2,0.0055,0.005824,68.43,ETH-25JUL25-3800-C,3338.18,sell,2.0,2.0,,,,,,1752717511.976
46,ETH-258077828,1752718029134,0,0.006,0.00599,68.8,ETH-25JUL25-3800-C,3349.41,buy,30.0,30.0,,,,,,1752718029.134
47,ETH-258078692,1752718692435,0,0.0065,0.006097,69.93,ETH-25JUL25-3800-C,3353.86,buy,100.0,100.0,,,,,,1752718692.435
50,ETH-258078697,1752718694633,1,0.0065,0.006095,69.9,ETH-25JUL25-3800-C,3354.06,buy,30.0,30.0,,,,,,1752718694.633
48,ETH-258078695,1752718694633,1,0.0065,0.006095,69.9,ETH-25JUL25-3800-C,3354.06,buy,20.0,20.0,,,,,,1752718694.633
51,ETH-258078698,1752718694633,1,0.0065,0.006095,69.9,ETH-25JUL25-3800-C,3354.06,buy,30.0,30.0,,,,,,1752718694.633
49,ETH-258078696,1752718694633,1,0.0065,0.006095,69.9,ETH-25JUL25-3800-C,3354.06,buy,20.0,20.0,,,,,,1752718694.633
52,ETH-258078700,1752718699710,1,0.0065,0.006101,69.87,ETH-25JUL25-3800-C,3354.34,buy,10.0,10.0,,,,,,1752718699.71
53,ETH-258078701,1752718700841,1,0.0065,0.006104,69.84,ETH-25JUL25-3800-C,3354.58,buy,10.0,10.0,,,,,,1752718700.841
54,ETH-258078702,1752718702043,1,0.0065,0.00611,69.82,ETH-25JUL25-3800-C,3354.79,buy,10.0,10.0,,,,,,1752718702.043
55,ETH-258078705,1752718703418,1,0.0065,0.006118,69.8,ETH-25JUL25-3800-C,3354.87,buy,6.0,6.0,,,,,,1752718703.418
56,ETH-258078706,1752718703418,1,0.0065,0.006118,69.8,ETH-25JUL25-3800-C,3354.87,buy,4.0,4.0,,,,,,1752718703.418
57,ETH-258078712,1752718704879,1,0.0065,0.006132,69.8,ETH-25JUL25-3800-C,3354.88,buy,10.0,10.0,,,,,,1752718704.879
58,ETH-258078713,1752718706239,1,0.0065,0.006132,69.8,ETH-25JUL25-3800-C,3354.93,buy,10.0,10.0,,,,,,1752718706.239
59,ETH-258078715,1752718707363,1,0.0065,0.006134,69.8,ETH-25JUL25-3800-C,3354.94,buy,10.0,10.0,,,,,,1752718707.363
60,ETH-258078717,1752718708589,1,0.0065,0.006135,69.8,ETH-25JUL25-3800-C,3354.93,buy,10.0,10.0,,,,,,1752718708.589
61,ETH-258078718,1752718709823,1,0.0065,0.006135,69.8,ETH-25JUL25-3800-C,3354.92,buy,10.0,10.0,,,,,,1752718709.823
62,ETH-258078731,1752718712380,1,0.0065,0.006135,69.8,ETH-25JUL25-3800-C,3354.88,buy,1.0,1.0,,,,,,1752718712.38
63,ETH-258078732,1752718713396,1,0.0065,0.006133,69.84,ETH-25JUL25-3800-C,3354.56,buy,1.0,1.0,,,,,,1752718713.396
64,ETH-258078735,1752718714518,1,0.0065,0.006122,69.88,ETH-25JUL25-3800-C,3354.22,buy,1.0,1.0,,,,,,1752718714.518
65,ETH-258078741,1752718715555,1,0.0065,0.006109,69.92,ETH-25JUL25-3800-C,3353.96,buy,1.0,1.0,,,,,,1752718715.555
66,ETH-258079575,1752719537050,2,0.006,0.006187,68.16,ETH-25JUL25-3800-C,3355.85,sell,25.0,25.0,,,,,,1752719537.05
67,ETH-258082315,1752721677768,3,0.006,0.005715,69.77,ETH-25JUL25-3800-C,3342.23,buy,2.0,2.0,,,,,,1752721677.768
68,ETH-258083473,1752722461335,3,0.006,0.005614,70.39,ETH-25JUL25-3800-C,3337.41,buy,2.0,2.0,,,,,,1752722461.335
69,ETH-258084815,1752723040517,2,0.0055,0.005295,70.08,ETH-25JUL25-3800-C,3325.27,buy,7.0,7.0,,,,,,1752723040.517
70,ETH-258088441,1752725028052,3,0.0055,0.005326,69.72,ETH-25JUL25-3800-C,3329.03,buy,61.0,61.0,,,,,,1752725028.052
71,ETH-258095218,1752730617137,0,0.0065,0.006567,69.65,ETH-25JUL25-3800-C,3359.55,buy,9.0,9.0,,,,,,1752730617.137
72,ETH-258102928,1752733528925,0,0.01,0.009694,71.94,ETH-25JUL25-3800-C,3422.03,buy,2.0,2.0,,,,,,1752733528.925
73,ETH-258105216,1752733814033,0,0.0105,0.0103,72.85,ETH-25JUL25-3800-C,3425.62,sell,2.0,2.0,,,,,,1752733814.033
74,ETH-258105682,1752733903221,0,0.011,0.010804,73.35,ETH-25JUL25-3800-C,3431.39,buy,2.0,2.0,,,,,,1752733903.221
75,ETH-258107494,1752734082633,0,0.0119,0.011856,73.91,ETH-25JUL25-3800-C,3443.88,buy,500.0,500.0,2.0,BLOCK-211459,ETH-CSR12-25JUL25-3400_3800,,,1752734082.633
76,ETH-258107681,1752734105026,2,0.0115,0.011521,73.97,ETH-25JUL25-3800-C,3436.55,buy,1.0,1.0,,,,,,1752734105.026
77,ETH-258107920,1752734135225,3,0.0115,0.011303,74.54,ETH-25JUL25-3800-C,3432.22,buy,1.0,1.0,,,,,,1752734135.225
78,ETH-258108366,1752734259129,0,0.012,0.011748,75.17,ETH-25JUL25-3800-C,3436.29,buy,1.0,1.0,,,,,,1752734259.129
79,ETH-258108575,1752734312847,1,0.012,0.011752,75.32,ETH-25JUL25-3800-C,3435.35,buy,1.0,1.0,,,,,,1752734312.847
80,ETH-258108882,1752734390151,0,0.0125,0.012018,76.61,ETH-25JUL25-3800-C,3434.37,sell,1.0,1.0,,,,,,1752734390.151
81,ETH-258109085,1752734436642,2,0.012,0.012204,75.51,ETH-25JUL25-3800-C,3433.81,sell,1.0,1.0,,,,,,1752734436.642
82,ETH-258109159,1752734456975,0,0.0125,0.012118,76.97,ETH-25JUL25-3800-C,3431.99,buy,119.0,119.0,,,,,,1752734456.975
83,ETH-258109748,1752734583091,0,0.013,0.012769,77.83,ETH-25JUL25-3800-C,3434.51,buy,1.0,1.0,,,,,,1752734583.091
84,ETH-258109749,1752734583091,1,0.013,0.012769,77.83,ETH-25JUL25-3800-C,3434.51,buy,2.0,2.0,,,,,,1752734583.091
85,ETH-258112194,1752735549991,1,0.013,0.013491,77.88,ETH-25JUL25-3800-C,3434.17,sell,1.0,1.0,,,,,,1752735549.991
86,ETH-258112627,1752735593838,0,0.014,0.014048,78.86,ETH-25JUL25-3800-C,3443.67,sell,4.0,4.0,,,,,,1752735593.838
87,ETH-258112897,1752735635267,2,0.013,0.013448,78.0,ETH-25JUL25-3800-C,3433.54,sell,1.0,1.0,,,,,,1752735635.267
88,ETH-258113022,1752735661787,3,0.013,0.013131,78.63,ETH-25JUL25-3800-C,3429.01,buy,1.0,1.0,,,,,,1752735661.787
89,ETH-258113030,1752735664621,3,0.013,0.0131,78.6,ETH-25JUL25-3800-C,3429.18,buy,6.0,6.0,,,,,,1752735664.621
90,ETH-258116235,1752736236257,2,0.012,0.012336,77.93,ETH-25JUL25-3800-C,3416.52,sell,1.0,1.0,,,,,,1752736236.257
91,ETH-258134683,1752738695223,0,0.0145,0.014559,79.05,ETH-25JUL25-3800-C,3455.93,sell,100.0,100.0,,,,,,1752738695.223
92,ETH-258141252,1752739631859,2,0.014,0.014172,79.21,ETH-25JUL25-3800-C,3446.2,buy,9.0,9.0,,,,,,1752739631.859
93,ETH-258151468,1752742006621,2,0.0135,0.013616,79.84,ETH-25JUL25-3800-C,3433.7,buy,1.0,1.0,,,,,,1752742006.621
94,ETH-258151503,1752742033148,3,0.0135,0.013683,79.67,ETH-25JUL25-3800-C,3434.64,buy,1.0,1.0,,,,,,1752742033.148
95,ETH-258154303,1752743145497,0,0.0145,0.014654,79.06,ETH-25JUL25-3800-C,3455.73,buy,12.0,12.0,,,,,,1752743145.497
96,ETH-258154312,1752743147115,1,0.0145,0.01467,78.94,ETH-25JUL25-3800-C,3456.63,buy,8.0,8.0,,,,,,1752743147.115
97,ETH-258157081,1752744073602,1,0.0145,0.014706,78.85,ETH-25JUL25-3800-C,3456.97,buy,1.0,1.0,,,,,,1752744073.602
98,ETH-258157170,1752744133996,1,0.0145,0.014935,78.32,ETH-25JUL25-3800-C,3460.79,sell,95.0,95.0,,,,,,1752744133.996
99,ETH-258157171,1752744133996,1,0.0145,0.014935,78.32,ETH-25JUL25-3800-C,3460.79,sell,105.0,105.0,,,,,,1752744133.996
100,ETH-258159737,1752744802017,0,0.015,0.015166,78.76,ETH-25JUL25-3800-C,3465.53,sell,10.0,10.0,,,,,,1752744802.017
101,ETH-258159753,1752744809880,0,0.0155,0.015138,79.83,ETH-25JUL25-3800-C,3465.8,buy,95.0,95.0,,,,,,1752744809.88
102,ETH-258159857,1752744864417,1,0.0155,0.015196,79.92,ETH-25JUL25-3800-C,3465.14,buy,95.0,95.0,,,,,,1752744864.417
103,ETH-258159898,1752744878814,2,0.015,0.015198,78.74,ETH-25JUL25-3800-C,3465.7,sell,11.0,11.0,,,,,,1752744878.814
104,ETH-258160558,1752745023940,0,0.016,0.015929,79.63,ETH-25JUL25-3800-C,3475.04,buy,2.0,2.0,,,,,,1752745023.94
105,ETH-258161302,1752745310631,1,0.016,0.015636,80.47,ETH-25JUL25-3800-C,3470.59,buy,2.0,2.0,,,,,,1752745310.631
106,ETH-258164606,1752746404167,1,0.016,0.01592,80.81,ETH-25JUL25-3800-C,3467.81,buy,11.0,11.0,,,,,,1752746404.167
107,ETH-258164753,1752746466743,1,0.016,0.016037,80.47,ETH-25JUL25-3800-C,3469.93,buy,2.0,2.0,,,,,,1752746466.743
108,ETH-258167480,1752747037651,2,0.0155,0.015422,80.36,ETH-25JUL25-3800-C,3461.95,buy,10.0,10.0,,,,,,1752747037.651
109,ETH-258168226,1752747465627,3,0.0155,0.015856,79.16,ETH-25JUL25-3800-C,3470.77,sell,5.0,5.0,,,,,,1752747465.627
110,ETH-258174262,1752751047890,2,0.015,0.014704,80.95,ETH-25JUL25-3800-C,3452.14,buy,1.0,1.0,,,,,,1752751047.89
111,ETH-258177710,1752752087364,2,0.014,0.013963,81.53,ETH-25JUL25-3800-C,3432.37,buy,5.0,5.0,,,,,,1752752087.364
112,ETH-258178172,1752752285746,0,0.0145,0.014592,81.24,ETH-25JUL25-3800-C,3442.25,sell,2.0,2.0,,,,,,1752752285.746
113,ETH-258180865,1752753805154,2,0.014,0.014032,81.05,ETH-25JUL25-3800-C,3436.03,sell,2000.0,2000.0,2.0,BLOCK-211593,ETH-CDIAG-26SEP25_25JUL25-4600_3800,,,1752753805.154
114,ETH-258182416,1752754081525,2,0.0125,0.012968,79.78,ETH-25JUL25-3800-C,3419.79,sell,30.0,30.0,,,,,,1752754081.525
115,ETH-258185521,1752754686031,0,0.013,0.013261,79.24,ETH-25JUL25-3800-C,3433.59,buy,20.0,20.0,,,ETH-STRG-25JUL25-3100_3800,ETH-258185519,,1752754686.031
116,ETH-258198328,1752759515839,2,0.0106,0.011258,76.13,ETH-25JUL25-3800-C,3414.88,sell,250.0,250.0,1.0,BLOCK-211620,,,,1752759515.839
117,ETH-258209451,1752760519272,2,0.01,0.010099,76.36,ETH-25JUL25-3800-C,3402.47,sell,100.0,100.0,,,,,,1752760519.272
118,ETH-258214977,1752761354291,3,0.01,0.010008,75.49,ETH-25JUL25-3800-C,3409.51,buy,1.0,1.0,,,,,,1752761354.291
119,ETH-258214994,1752761361458,3,0.01,0.010026,75.49,ETH-25JUL25-3800-C,3409.47,buy,1.0,1.0,,,,,,1752761361.458
120,ETH-258219092,1752762534769,3,0.01,0.009955,74.93,ETH-25JUL25-3800-C,3414.79,buy,7.0,7.0,,,,,,1752762534.769
121,ETH-258219892,1752762783528,0,0.0105,0.01042,74.83,ETH-25JUL25-3800-C,3425.27,buy,1.0,1.0,,,,,,1752762783.528
122,ETH-258221402,1752763171663,1,0.0105,0.010511,74.69,ETH-25JUL25-3800-C,3426.43,sell,1.0,1.0,,,,,,1752763171.663
123,ETH-258223565,1752764409437,0,0.011,0.010548,75.5,ETH-25JUL25-3800-C,3430.14,buy,1.0,1.0,,,,,,1752764409.437
124,ETH-258228663,1752765920000,2,0.0095,0.009939,73.29,ETH-25JUL25-3800-C,3417.56,sell,2.0,2.0,,,,,,1752765920.0
125,ETH-258228664,1752765920000,3,0.0095,0.009939,73.29,ETH-25JUL25-3800-C,3417.56,sell,62.0,62.0,,,,,,1752765920.0
127,ETH-258228706,1752765931082,3,0.0095,0.010014,73.06,ETH-25JUL25-3800-C,3419.21,sell,65.0,65.0,,,,,,1752765931.082
126,ETH-258228705,1752765931082,3,0.0095,0.010014,73.06,ETH-25JUL25-3800-C,3419.21,sell,165.0,165.0,,,,,,1752765931.082
128,ETH-258228738,1752765952849,0,0.01,0.01006,74.29,ETH-25JUL25-3800-C,3420.26,buy,30.0,30.0,,,,,,1752765952.849
129,ETH-258228746,1752765970245,1,0.01,0.010017,74.36,ETH-25JUL25-3800-C,3419.96,buy,4.0,4.0,,,,,,1752765970.245
130,ETH-258228747,1752765970335,1,0.01,0.010017,74.36,ETH-25JUL25-3800-C,3419.96,buy,12.0,12.0,,,,,,1752765970.335
131,ETH-258228775,1752765991011,1,0.01,0.009948,74.52,ETH-25JUL25-3800-C,3418.93,buy,8.0,8.0,,,,,,1752765991.011
132,ETH-258228872,1752766030810,1,0.01,0.010013,74.33,ETH-25JUL25-3800-C,3420.37,buy,1.0,1.0,,,,,,1752766030.81
133,ETH-258228876,1752766030829,1,0.01,0.010013,74.33,ETH-25JUL25-3800-C,3420.37,buy,1.0,1.0,,,,,,1752766030.829
134,ETH-258229309,1752766416961,1,0.01,0.010017,74.07,ETH-25JUL25-3800-C,3422.53,buy,1.0,1.0,,,,,,1752766416.961
135,ETH-258230194,1752766916442,1,0.01,0.009939,73.93,ETH-25JUL25-3800-C,3423.41,buy,1.0,1.0,,,,,,1752766916.442
136,ETH-258230526,1752767165480,1,0.01,0.009946,73.93,ETH-25JUL25-3800-C,3424.01,buy,1.0,1.0,,,,,,1752767165.48
137,ETH-258230535,1752767167021,1,0.01,0.009925,74.02,ETH-25JUL25-3800-C,3423.41,buy,5.0,5.0,,,,,,1752767167.021
138,ETH-258230536,1752767167057,1,0.01,0.009925,74.02,ETH-25JUL25-3800-C,3423.41,buy,1.0,1.0,,,,,,1752767167.057
139,ETH-258230537,1752767167235,1,0.01,0.009925,74.02,ETH-25JUL25-3800-C,3423.41,buy,26.0,26.0,,,,,,1752767167.235
140,ETH-258230566,1752767180837,2,0.0095,0.009718,73.18,ETH-25JUL25-3800-C,3419.76,buy,2.0,2.0,,,ETH-CS-25JUL25-3300_3800,ETH-258230564,,1752767180.837
141,ETH-258232272,1752768412783,3,0.0095,0.009466,73.72,ETH-25JUL25-3800-C,3415.94,sell,21.0,21.0,,,ETH-CS-25JUL25-3400_3800,ETH-258232270,,1752768412.783
142,ETH-258246094,1752772501040,2,0.009,0.009098,73.69,ETH-25JUL25-3800-C,3406.96,buy,1.0,1.0,,,,,,1752772501.04
143,ETH-258246106,1752772508651,0,0.0095,0.009132,74.94,ETH-25JUL25-3800-C,3407.83,buy,100.0,100.0,,,,,,1752772508.651
144,ETH-258246107,1752772510558,1,0.0095,0.009147,74.94,ETH-25JUL25-3800-C,3407.84,buy,100.0,100.0,,,,,,1752772510.558
145,ETH-258246109,1752772514207,1,0.0095,0.009099,75.08,ETH-25JUL25-3800-C,3406.77,buy,10.0,10.0,,,,,,1752772514.207
146,ETH-258246113,1752772515323,1,0.0095,0.009089,75.09,ETH-25JUL25-3800-C,3406.74,buy,10.0,10.0,,,,,,1752772515.323
147,ETH-258246114,1752772516678,1,0.0095,0.009087,75.08,ETH-25JUL25-3800-C,3406.77,buy,10.0,10.0,,,,,,1752772516.678
148,ETH-258246115,1752772517786,1,0.0095,0.009088,75.09,ETH-25JUL25-3800-C,3406.75,buy,10.0,10.0,,,,,,1752772517.786
149,ETH-258246118,1752772521511,1,0.0095,0.009085,75.09,ETH-25JUL25-3800-C,3406.74,buy,1.0,1.0,,,,,,1752772521.511
150,ETH-258246119,1752772522817,1,0.0095,0.009084,75.1,ETH-25JUL25-3800-C,3406.66,buy,1.0,1.0,,,,,,1752772522.817
151,ETH-258246121,1752772524113,1,0.0095,0.009078,75.15,ETH-25JUL25-3800-C,3406.35,buy,1.0,1.0,,,,,,1752772524.113
152,ETH-258246122,1752772525311,1,0.0095,0.009065,75.15,ETH-25JUL25-3800-C,3406.28,buy,1.0,1.0,,,,,,1752772525.311
153,ETH-258246124,1752772526553,1,0.0095,0.009062,75.16,ETH-25JUL25-3800-C,3406.27,buy,1.0,1.0,,,,,,1752772526.553
154,ETH-258246125,1752772528068,1,0.0095,0.009064,75.11,ETH-25JUL25-3800-C,3406.6,buy,1.0,1.0,,,,,,1752772528.068
155,ETH-258246126,1752772529156,1,0.0095,0.009076,75.08,ETH-25JUL25-3800-C,3406.85,buy,1.0,1.0,,,,,,1752772529.156
156,ETH-258246127,1752772530128,1,0.0095,0.009088,75.07,ETH-25JUL25-3800-C,3406.92,buy,1.0,1.0,,,,,,1752772530.128
157,ETH-258246164,1752772578584,2,0.009,0.009092,73.69,ETH-25JUL25-3800-C,3407.03,buy,1.0,1.0,,,,,,1752772578.584
158,ETH-258246169,1752772588013,3,0.009,0.009073,73.74,ETH-25JUL25-3800-C,3406.66,buy,1.0,1.0,,,,,,1752772588.013
159,ETH-258246219,1752772631592,3,0.009,0.009037,73.79,ETH-25JUL25-3800-C,3406.48,buy,1.0,1.0,,,,,,1752772631.592
160,ETH-258246254,1752772638813,3,0.009,0.009134,73.49,ETH-25JUL25-3800-C,3408.7,sell,1.0,1.0,,,,,,1752772638.813
161,ETH-258249248,1752774494390,3,0.009,0.009484,72.62,ETH-25JUL25-3800-C,3415.34,sell,108.0,108.0,,,ETH-CS-25JUL25-3300_3800,ETH-258249246,,1752774494.39
162,ETH-258253804,1752776367284,0,0.0105,0.010551,74.54,ETH-25JUL25-3800-C,3432.31,buy,2.0,2.0,,,,,,1752776367.284
163,ETH-258268213,1752781501225,1,0.0105,0.01096,73.52,ETH-25JUL25-3800-C,3444.93,sell,5.0,5.0,,,,,,1752781501.225
164,ETH-258268914,1752781664554,0,0.011,0.010272,77.08,ETH-25JUL25-3800-C,3428.48,buy,10.0,10.0,,,,,,1752781664.554
165,ETH-258268920,1752781669042,2,0.0105,0.010267,75.87,ETH-25JUL25-3800-C,3427.83,buy,2.0,2.0,,,,,,1752781669.042
166,ETH-258268922,1752781670219,3,0.0105,0.010237,75.87,ETH-25JUL25-3800-C,3427.81,buy,2.0,2.0,,,,,,1752781670.219
167,ETH-258268930,1752781673792,3,0.0105,0.010243,75.85,ETH-25JUL25-3800-C,3427.93,buy,1.0,1.0,,,,,,1752781673.792
168,ETH-258268931,1752781675005,3,0.0105,0.010243,75.84,ETH-25JUL25-3800-C,3428.04,buy,1.0,1.0,,,,,,1752781675.005
169,ETH-258271588,1752782516633,2,0.009,0.009146,75.02,ETH-25JUL25-3800-C,3403.74,sell,1.0,1.0,,,,,,1752782516.633
170,ETH-258275339,1752782916688,2,0.008,0.008403,74.07,ETH-25JUL25-3800-C,3388.07,sell,2.0,2.0,,,,,,1752782916.688
171,ETH-258288390,1752786891282,0,0.0135,0.01329,75.31,ETH-25JUL25-3800-C,3485.96,buy,10.0,10.0,,,,,,1752786891.282
172,ETH-258290273,1752787248635,0,0.015,0.014767,76.49,ETH-25JUL25-3800-C,3500.72,buy,1.0,1.0,,,,,,1752787248.635
173,ETH-258291490,1752787492368,1,0.015,0.01469,77.66,ETH-25JUL25-3800-C,3492.91,buy,101.0,101.0,,,,,,1752787492.368
174,ETH-258294084,1752787933513,2,0.0135,0.01338,77.33,ETH-25JUL25-3800-C,3471.02,buy,1.0,1.0,,,,,,1752787933.513
175,ETH-258294849,1752788112602,3,0.0135,0.013452,77.69,ETH-25JUL25-3800-C,3468.75,sell,30.0,30.0,,,,,,1752788112.602
176,ETH-258294978,1752788121141,2,0.013,0.013028,77.71,ETH-25JUL25-3800-C,3460.54,buy,1.0,1.0,,,,,,1752788121.141
177,ETH-258296494,1752788359277,2,0.0125,0.012325,78.08,ETH-25JUL25-3800-C,3448.31,buy,1.0,1.0,,,,,,1752788359.277
178,ETH-258297135,1752788556220,3,0.0125,0.013179,75.94,ETH-25JUL25-3800-C,3464.13,sell,1.0,1.0,,,,,,1752788556.22
179,ETH-258297324,1752788674270,0,0.0135,0.013351,77.89,ETH-25JUL25-3800-C,3467.22,buy,1.0,1.0,,,,,,1752788674.27
180,ETH-258298296,1752788864916,1,0.0135,0.01356,77.99,ETH-25JUL25-3800-C,3467.15,buy,1.0,1.0,,,,,,1752788864.916
181,ETH-258298883,1752789044981,1,0.0135,0.013371,78.24,ETH-25JUL25-3800-C,3465.41,sell,1.0,1.0,,,,,,1752789044.981
182,ETH-258299256,1752789245595,0,0.014,0.013998,78.02,ETH-25JUL25-3800-C,3474.38,buy,1.0,1.0,,,,,,1752789245.595
183,ETH-258299730,1752789451028,1,0.014,0.014016,78.0,ETH-25JUL25-3800-C,3474.8,sell,1.0,1.0,,,,,,1752789451.028
184,ETH-258300551,1752789655461,2,0.0135,0.013554,78.05,ETH-25JUL25-3800-C,3466.48,sell,1.0,1.0,,,,,,1752789655.461
185,ETH-258301739,1752789857630,0,0.0145,0.014116,78.98,ETH-25JUL25-3800-C,3476.4,buy,2.0,2.0,,,,,,1752789857.63
186,ETH-258301740,1752789857633,1,0.0145,0.014116,78.98,ETH-25JUL25-3800-C,3476.4,sell,8.0,8.0,,,,,,1752789857.633
187,ETH-258303307,1752790436957,1,0.0145,0.014806,77.37,ETH-25JUL25-3800-C,3486.98,sell,1.0,1.0,,,,,,1752790436.957
188,ETH-258310036,1752793806904,1,0.0145,0.013943,78.63,ETH-25JUL25-3800-C,3479.65,buy,1.0,1.0,,,,,,1752793806.904
189,ETH-258312550,1752794262882,0,0.0165,0.015719,78.96,ETH-25JUL25-3800-C,3508.33,buy,1000.0,1000.0,1.0,BLOCK-211790,,,,1752794262.882
190,ETH-258313237,1752794363107,0,0.017,0.016842,77.59,ETH-25JUL25-3800-C,3523.77,buy,2.0,2.0,,,,,,1752794363.107
191,ETH-258314703,1752794643510,2,0.0165,0.016598,77.48,ETH-25JUL25-3800-C,3517.31,sell,200.0,200.0,,,ETH-CBUT-25JUL25-3600_3800_4000,ETH-258314701,,1752794643.51
192,ETH-258315142,1752794763475,2,0.016,0.016246,77.07,ETH-25JUL25-3800-C,3513.02,sell,50.0,50.0,,,,,,1752794763.475
193,ETH-258318827,1752795820989,2,0.014,0.014084,77.39,ETH-25JUL25-3800-C,3480.81,buy,7.0,7.0,,,,,,1752795820.989
194,ETH-258318875,1752795870223,3,0.014,0.014029,77.43,ETH-25JUL25-3800-C,3480.54,buy,2.0,2.0,,,,,,1752795870.223
195,ETH-258319000,1752795960207,3,0.014,0.014263,76.99,ETH-25JUL25-3800-C,3483.32,buy,1.0,1.0,,,,,,1752795960.207
196,ETH-258321861,1752798073344,2,0.013,0.01363,75.85,ETH-25JUL25-3800-C,3476.34,sell,2.0,2.0,,,,,,1752798073.344
197,ETH-258323957,1752799322213,0,0.015,0.014948,76.74,ETH-25JUL25-3800-C,3502.56,buy,2.0,2.0,,,,,,1752799322.213
198,ETH-258323958,1752799322213,1,0.015,0.014948,76.74,ETH-25JUL25-3800-C,3502.56,buy,3.0,3.0,,,,,,1752799322.213
199,ETH-258328646,1752800130736,0,0.0175,0.017131,77.41,ETH-25JUL25-3800-C,3534.72,buy,10.0,10.0,,,,,,1752800130.736
200,ETH-258329694,1752800435250,2,0.017,0.017159,76.57,ETH-25JUL25-3800-C,3533.52,sell,1.0,1.0,,,,,,1752800435.25
201,ETH-258331468,1752800936913,0,0.0185,0.018456,77.92,ETH-25JUL25-3800-C,3545.08,buy,2.0,2.0,,,,,,1752800936.913
202,ETH-258331778,1752801024429,0,0.019,0.018795,78.65,ETH-25JUL25-3800-C,3546.77,buy,2.0,2.0,,,,,,1752801024.429
203,ETH-258331996,1752801036418,1,0.019,0.018974,77.92,ETH-25JUL25-3800-C,3551.07,sell,1.0,1.0,,,,,,1752801036.418
204,ETH-258332587,1752801077073,0,0.02,0.019807,78.83,ETH-25JUL25-3800-C,3558.15,buy,5.0,5.0,,,,,,1752801077.073
205,ETH-258332588,1752801077073,1,0.02,0.019807,78.83,ETH-25JUL25-3800-C,3558.15,buy,19.0,19.0,,,,,,1752801077.073
207,ETH-258332594,1752801077315,1,0.02,0.019807,78.83,ETH-25JUL25-3800-C,3558.15,buy,10.0,10.0,,,,,,1752801077.315
206,ETH-258332593,1752801077315,1,0.02,0.019807,78.83,ETH-25JUL25-3800-C,3558.15,buy,31.0,31.0,,,,,,1752801077.315
208,ETH-258332972,1752801127890,0,0.021,0.020714,78.84,ETH-25JUL25-3800-C,3570.53,buy,1.0,1.0,,,,,,1752801127.89
209,ETH-258333242,1752801133904,0,0.022,0.021459,79.67,ETH-25JUL25-3800-C,3577.31,buy,1.0,1.0,,,,,T,1752801133.904
210,ETH-258333552,1752801149129,1,0.022,0.021414,80.02,ETH-25JUL25-3800-C,3575.52,buy,10.0,10.0,,,,,,1752801149.129
211,ETH-258335405,1752801308251,0,0.0225,0.021848,80.87,ETH-25JUL25-3800-C,3577.17,buy,94.0,94.0,,,,,,1752801308.251
212,ETH-258335406,1752801308255,1,0.0225,0.021848,80.87,ETH-25JUL25-3800-C,3577.17,sell,1.0,1.0,,,,,,1752801308.255
213,ETH-258335407,1752801308263,1,0.0225,0.021848,80.87,ETH-25JUL25-3800-C,3577.17,sell,1.0,1.0,,,,,,1752801308.263
214,ETH-258335408,1752801308307,1,0.0225,0.021848,80.87,ETH-25JUL25-3800-C,3577.17,sell,7.0,7.0,,,,,,1752801308.307
215,ETH-258335409,1752801308345,1,0.0225,0.021848,80.87,ETH-25JUL25-3800-C,3577.17,sell,23.0,23.0,,,,,,1752801308.345
216,ETH-258335436,1752801310572,1,0.0225,0.021766,80.9,ETH-25JUL25-3800-C,3576.99,sell,98.0,98.0,,,,,,1752801310.572
217,ETH-258335437,1752801310583,1,0.0225,0.021766,80.9,ETH-25JUL25-3800-C,3576.99,sell,1.0,1.0,,,,,,1752801310.583
218,ETH-258335443,1752801310757,1,0.0225,0.021762,80.98,ETH-25JUL25-3800-C,3576.55,sell,1.0,1.0,,,,,,1752801310.757
219,ETH-258335444,1752801310762,1,0.0225,0.021762,80.98,ETH-25JUL25-3800-C,3576.55,sell,1.0,1.0,,,,,,1752801310.762
220,ETH-258335445,1752801310766,1,0.0225,0.021762,80.98,ETH-25JUL25-3800-C,3576.55,sell,1.0,1.0,,,,,,1752801310.766
221,ETH-258335446,1752801310771,1,0.0225,0.021762,80.98,ETH-25JUL25-3800-C,3576.55,sell,1.0,1.0,,,,,,1752801310.771
223,ETH-258336580,1752801408973,1,0.0225,0.021786,81.52,ETH-25JUL25-3800-C,3574.42,buy,60.0,60.0,,,,,,1752801408.973
222,ETH-258336579,1752801408973,1,0.0225,0.021786,81.52,ETH-25JUL25-3800-C,3574.42,buy,140.0,140.0,,,,,,1752801408.973
224,ETH-258336620,1752801424196,2,0.0215,0.022033,79.16,ETH-25JUL25-3800-C,3576.45,sell,90.0,90.0,,,,,,1752801424.196
225,ETH-258336621,1752801424196,3,0.0215,0.022033,79.16,ETH-25JUL25-3800-C,3576.45,sell,10.0,10.0,,,,,,1752801424.196
226,ETH-258338033,1752801579449,0,0.023,0.0229,79.73,ETH-25JUL25-3800-C,3589.91,buy,20.0,20.0,,,,,,1752801579.449
227,ETH-258338036,1752801580699,1,0.023,0.022902,79.73,ETH-25JUL25-3800-C,3589.91,sell,37.0,37.0,,,,,,1752801580.699
228,ETH-258338037,1752801580868,1,0.023,0.022902,79.73,ETH-25JUL25-3800-C,3589.91,sell,35.0,35.0,,,,,,1752801580.868
229,ETH-258338038,1752801581918,1,0.023,0.022934,79.69,ETH-25JUL25-3800-C,3590.11,sell,8.0,8.0,,,,,,1752801581.918
230,ETH-258338374,1752801637229,2,0.0225,0.022632,79.27,ETH-25JUL25-3800-C,3587.06,buy,1.0,1.0,,,,,,1752801637.229
231,ETH-258339299,1752801814804,2,0.021,0.021448,78.35,ETH-25JUL25-3800-C,3575.33,buy,1.0,1.0,,,,,,1752801814.804
232,ETH-258342390,1752802592905,0,0.022,0.022234,77.27,ETH-25JUL25-3800-C,3592.87,sell,1.0,1.0,,,,,,1752802592.905
233,ETH-258343375,1752802808119,0,0.0235,0.022949,78.74,ETH-25JUL25-3800-C,3601.28,buy,100.0,100.0,,,,,,1752802808.119
234,ETH-258343376,1752802808133,1,0.0235,0.022949,78.74,ETH-25JUL25-3800-C,3601.28,buy,43.0,43.0,,,,,,1752802808.133
235,ETH-258345603,1752803003764,0,0.0249,0.024459,78.57,ETH-25JUL25-3800-C,3618.11,buy,500.0,500.0,1.0,BLOCK-211855,,,,1752803003.764
236,ETH-258346393,1752803111036,2,0.0225,0.023005,76.86,ETH-25JUL25-3800-C,3601.78,sell,32.0,32.0,,,,,,1752803111.036
237,ETH-258346394,1752803111040,3,0.0225,0.023005,76.86,ETH-25JUL25-3800-C,3601.78,buy,143.0,143.0,,,,,,1752803111.04
238,ETH-258346395,1752803111046,3,0.0225,0.023005,76.86,ETH-25JUL25-3800-C,3601.78,buy,1.0,1.0,,,,,,1752803111.046
239,ETH-258346419,1752803112004,3,0.0225,0.023005,77.01,ETH-25JUL25-3800-C,3600.93,buy,15.0,15.0,,,,,,1752803112.004
240,ETH-258346420,1752803112017,3,0.0225,0.023005,77.01,ETH-25JUL25-3800-C,3600.93,buy,16.0,16.0,,,,,,1752803112.017
241,ETH-258346422,1752803112022,3,0.0225,0.023005,77.01,ETH-25JUL25-3800-C,3600.93,buy,17.0,17.0,,,,,,1752803112.022
242,ETH-258346423,1752803112040,3,0.0225,0.023005,77.01,ETH-25JUL25-3800-C,3600.93,buy,240.0,240.0,,,,,,1752803112.04
243,ETH-258346424,1752803112053,3,0.0225,0.023005,77.01,ETH-25JUL25-3800-C,3600.93,buy,36.0,36.0,,,,,,1752803112.053
244,ETH-258348776,1752803631209,0,0.024,0.023801,76.85,ETH-25JUL25-3800-C,3617.64,buy,2.0,2.0,,,,,,1752803631.209
245,ETH-258348777,1752803632287,1,0.024,0.023823,76.83,ETH-25JUL25-3800-C,3617.77,sell,18.0,18.0,,,,,,1752803632.287
246,ETH-258349423,1752803720837,0,0.0245,0.0241,77.64,ETH-25JUL25-3800-C,3619.18,sell,10.0,10.0,,,,,,1752803720.837
247,ETH-258349854,1752803876507,1,0.0245,0.024241,77.27,ETH-25JUL25-3800-C,3620.98,buy,500.0,500.0,2.0,BLOCK-211870,ETH-CSR12-25JUL25-3400_3800,,,1752803876.507
248,ETH-258352387,1752804363488,2,0.022,0.022453,76.12,ETH-25JUL25-3800-C,3599.6,buy,7.0,7.0,,,,,,1752804363.488
249,ETH-258353703,1752804524924,0,0.0225,0.022837,76.16,ETH-25JUL25-3800-C,3604.8,buy,15.0,15.0,,,,,,1752804524.924
250,ETH-258354973,1752804758823,1,0.0225,0.022763,75.81,ETH-25JUL25-3800-C,3607.3,buy,14.0,14.0,,,,,,1752804758.823
251,ETH-258354974,1752804758830,1,0.0225,0.022763,75.81,ETH-25JUL25-3800-C,3607.3,buy,1.0,1.0,,,,,,1752804758.83
252,ETH-258355896,1752805176041,2,0.022,0.022216,75.57,ETH-25JUL25-3800-C,3602.88,buy,1.0,1.0,,,,,,1752805176.041
253,ETH-258356167,1752805301672,3,0.022,0.022184,75.61,ETH-25JUL25-3800-C,3602.78,buy,1.0,1.0,,,,,,1752805301.672
254,ETH-258356171,1752805305720,3,0.022,0.022221,75.64,ETH-25JUL25-3800-C,3602.54,buy,1.0,1.0,,,,,,1752805305.72
255,ETH-258356852,1752805514241,0,0.0225,0.022737,74.83,ETH-25JUL25-3800-C,3613.54,buy,50.0,50.0,,,,,,1752805514.241
256,ETH-258356959,1752805560435,1,0.0225,0.022795,74.59,ETH-25JUL25-3800-C,3615.06,buy,1.0,1.0,,,,,,1752805560.435
257,ETH-258359676,1752806448429,2,0.022,0.022153,73.8,ETH-25JUL25-3800-C,3614.71,sell,1.0,1.0,,,,,,1752806448.429
258,ETH-258360821,1752806578689,2,0.021,0.021531,73.35,ETH-25JUL25-3800-C,3605.93,sell,10.0,10.0,,,,,,1752806578.689
259,ETH-258360988,1752806625330,0,0.0215,0.021711,73.67,ETH-25JUL25-3800-C,3610.04,buy,1.0,1.0,,,,,,1752806625.33
260,ETH-258361955,1752806861770,2,0.0205,0.020778,73.73,ETH-25JUL25-3800-C,3598.68,buy,13.0,13.0,,,,,,1752806861.77
261,ETH-258361956,1752806862344,3,0.0205,0.020778,73.73,ETH-25JUL25-3800-C,3598.68,buy,23.0,23.0,,,,,,1752806862.344
262,ETH-258361958,1752806868840,3,0.0205,0.02067,73.69,ETH-25JUL25-3800-C,3598.89,buy,13.0,13.0,,,,,,1752806868.84
263,ETH-258361959,1752806868844,3,0.0205,0.02067,73.69,ETH-25JUL25-3800-C,3598.89,buy,1.0,1.0,,,,,,1752806868.844
264,ETH-258363075,1752807572170,3,0.0205,0.021219,72.48,ETH-25JUL25-3800-C,3605.57,sell,20.0,20.0,,,,,,1752807572.17
265,ETH-258363445,1752807815902,3,0.0205,0.020732,73.41,ETH-25JUL25-3800-C,3600.54,sell,73.0,73.0,,,,,,1752807815.902
267,ETH-258364385,1752808084249,1,0.021,0.020836,74.04,ETH-25JUL25-3800-C,3602.31,buy,20.0,20.0,,,,,,1752808084.249
268,ETH-258364386,1752808084249,1,0.021,0.020836,74.04,ETH-25JUL25-3800-C,3602.31,buy,41.0,41.0,,,,,,1752808084.249
266,ETH-258364384,1752808084249,0,0.021,0.020836,74.04,ETH-25JUL25-3800-C,3602.31,buy,88.0,88.0,,,,,,1752808084.249
269,ETH-258364387,1752808084249,1,0.021,0.020836,74.04,ETH-25JUL25-3800-C,3602.31,buy,62.0,62.0,,,,,,1752808084.249
270,ETH-258366560,1752809162623,2,0.019,0.01928,72.67,ETH-25JUL25-3800-C,3587.83,sell,7.0,7.0,,,,,,1752809162.623
271,ETH-258367072,1752809644014,0,0.0205,0.020152,73.74,ETH-25JUL25-3800-C,3599.26,buy,9.0,9.0,,,,,,1752809644.014
272,ETH-258367092,1752809648848,1,0.0205,0.020181,73.81,ETH-25JUL25-3800-C,3598.9,buy,11.0,11.0,,,,,,1752809648.848
273,ETH-258372603,1752813356247,1,0.0205,0.020571,72.73,ETH-25JUL25-3800-C,3606.24,sell,100.0,100.0,,,,,,1752813356.247
274,ETH-258374795,1752814424120,0,0.0215,0.020968,73.53,ETH-25JUL25-3800-C,3613.51,buy,100.0,100.0,,,,,,1752814424.12
275,ETH-258374796,1752814424120,1,0.0215,0.020968,73.53,ETH-25JUL25-3800-C,3613.51,buy,9.0,9.0,,,,,,1752814424.12
276,ETH-258374797,1752814424122,1,0.0215,0.020968,73.53,ETH-25JUL25-3800-C,3613.51,sell,148.0,148.0,,,,,,1752814424.122
278,ETH-258374799,1752814424137,1,0.0215,0.020968,73.53,ETH-25JUL25-3800-C,3613.51,sell,1.0,1.0,,,,,,1752814424.137
277,ETH-258374798,1752814424137,1,0.0215,0.020968,73.53,ETH-25JUL25-3800-C,3613.51,sell,24.0,24.0,,,,,,1752814424.137
279,ETH-258374801,1752814424974,1,0.0215,0.020973,73.54,ETH-25JUL25-3800-C,3613.49,sell,16.0,16.0,,,,,,1752814424.974
280,ETH-258380155,1752815303350,0,0.0235,0.02376,72.25,ETH-25JUL25-3800-C,3642.25,sell,2.0,2.0,,,,,,1752815303.35
281,ETH-258380199,1752815309677,1,0.0235,0.02379,72.23,ETH-25JUL25-3800-C,3642.38,sell,1.0,1.0,,,,,,1752815309.677
282,ETH-258380200,1752815310415,1,0.0235,0.023802,72.23,ETH-25JUL25-3800-C,3642.39,sell,1.0,1.0,,,,,,1752815310.415
283,ETH-258383294,1752815522848,2,0.023,0.023084,72.57,ETH-25JUL25-3800-C,3635.46,buy,55.0,55.0,,,,,,1752815522.848
284,ETH-258385075,1752815927482,3,0.023,0.023138,72.38,ETH-25JUL25-3800-C,3636.51,buy,30.0,30.0,,,,,,1752815927.482
285,ETH-258386401,1752816299333,0,0.0235,0.023937,71.88,ETH-25JUL25-3800-C,3645.18,sell,2.0,2.0,,,,,,1752816299.333
286,ETH-258386402,1752816299333,1,0.0235,0.023937,71.88,ETH-25JUL25-3800-C,3645.18,sell,2.0,2.0,,,,,,1752816299.333
287,ETH-258386411,1752816306490,1,0.0235,0.023899,71.93,ETH-25JUL25-3800-C,3644.91,sell,1.0,1.0,,,,,,1752816306.49
288,ETH-258387066,1752816544773,0,0.024,0.02368,73.55,ETH-25JUL25-3800-C,3640.86,buy,5.0,5.0,,,,,,1752816544.773
289,ETH-258387731,1752816709460,0,0.0245,0.024181,73.71,ETH-25JUL25-3800-C,3644.51,buy,419.0,419.0,,,,,,1752816709.46
290,ETH-258387732,1752816709463,1,0.0245,0.024181,73.71,ETH-25JUL25-3800-C,3644.51,sell,81.0,81.0,,,,,,1752816709.463
291,ETH-258387949,1752816731424,0,0.025,0.024584,73.84,ETH-25JUL25-3800-C,3648.62,buy,5.0,5.0,,,,,,1752816731.424
292,ETH-258388088,1752816751500,1,0.025,0.024546,73.94,ETH-25JUL25-3800-C,3648.1,buy,41.0,41.0,,,,,,1752816751.5
293,ETH-258388506,1752816827090,2,0.0245,0.024503,73.8,ETH-25JUL25-3800-C,3643.92,sell,1.0,1.0,,,,,,1752816827.09
295,ETH-258388806,1752816917780,1,0.025,0.024262,75.13,ETH-25JUL25-3800-C,3641.58,buy,3.0,3.0,,,,,,1752816917.78
294,ETH-258388805,1752816917780,0,0.025,0.024262,75.13,ETH-25JUL25-3800-C,3641.58,buy,2.0,2.0,,,,,,1752816917.78
296,ETH-258389521,1752817113833,0,0.0265,0.025512,75.68,ETH-25JUL25-3800-C,3654.56,buy,5.0,5.0,,,,,,1752817113.833
297,ETH-258390008,1752817246763,2,0.026,0.025883,74.8,ETH-25JUL25-3800-C,3655.03,sell,15.0,15.0,,,,,,1752817246.763
298,ETH-258393228,1752818106944,0,0.027,0.026843,74.86,ETH-25JUL25-3800-C,3665.29,buy,12.0,12.0,,,,,,1752818106.944
299,ETH-258393445,1752818119362,1,0.027,0.026956,74.66,ETH-25JUL25-3800-C,3666.32,buy,8.0,8.0,,,,,,1752818119.362
300,ETH-258393513,1752818130694,0,0.028,0.027345,76.06,ETH-25JUL25-3800-C,3668.64,buy,20.0,20.0,,,,,,1752818130.694
301,ETH-258393514,1752818130694,1,0.028,0.027345,76.06,ETH-25JUL25-3800-C,3668.64,buy,80.0,80.0,,,,,,1752818130.694
302,ETH-258395368,1752818481093,2,0.027,0.027589,74.01,ETH-25JUL25-3800-C,3670.53,sell,1.0,1.0,,,,,,1752818481.093
303,ETH-258395379,1752818487320,3,0.027,0.027656,73.99,ETH-25JUL25-3800-C,3670.61,sell,1.0,1.0,,,,,,1752818487.32
304,ETH-258395425,1752818505933,3,0.027,0.027606,74.05,ETH-25JUL25-3800-C,3670.32,sell,1.0,1.0,,,,,,1752818505.933
305,ETH-258395447,1752818518322,3,0.027,0.027636,73.99,ETH-25JUL25-3800-C,3670.66,sell,1.0,1.0,,,,,,1752818518.322
306,ETH-258395480,1752818535424,2,0.0265,0.0273,73.62,ETH-25JUL25-3800-C,3667.83,sell,1.0,1.0,,,,,,1752818535.424
307,ETH-258395544,1752818542279,2,0.026,0.027092,73.13,ETH-25JUL25-3800-C,3665.5,sell,1.0,1.0,,,,,,1752818542.279
308,ETH-258395583,1752818554092,3,0.026,0.027,73.26,ETH-25JUL25-3800-C,3664.78,sell,1.0,1.0,,,,,,1752818554.092
309,ETH-258395592,1752818559223,3,0.026,0.026962,73.29,ETH-25JUL25-3800-C,3664.61,sell,1.0,1.0,,,,,,1752818559.223
310,ETH-258395719,1752818565420,0,0.0265,0.026961,74.19,ETH-25JUL25-3800-C,3664.81,sell,1.0,1.0,,,,,,1752818565.42
311,ETH-258395788,1752818584558,2,0.026,0.026716,73.68,ETH-25JUL25-3800-C,3662.56,sell,1.0,1.0,,,,,,1752818584.558
312,ETH-258395840,1752818598846,3,0.026,0.026877,73.44,ETH-25JUL25-3800-C,3663.67,sell,1.0,1.0,,,,,,1752818598.846
313,ETH-258395878,1752818617542,3,0.026,0.026567,74.04,ETH-25JUL25-3800-C,3660.58,sell,1.0,1.0,,,,,,1752818617.542
314,ETH-258395899,1752818622615,3,0.026,0.026422,74.27,ETH-25JUL25-3800-C,3659.42,sell,1.0,1.0,,,,,,1752818622.615
315,ETH-258395984,1752818640249,2,0.0255,0.026197,73.76,ETH-25JUL25-3800-C,3657.02,sell,1.0,1.0,,,,,,1752818640.249
316,ETH-258396101,1752818666791,3,0.0255,0.026201,73.64,ETH-25JUL25-3800-C,3657.61,sell,1.0,1.0,,,,,,1752818666.791
317,ETH-258396147,1752818686093,0,0.026,0.026377,74.17,ETH-25JUL25-3800-C,3659.77,sell,1.0,1.0,,,,,,1752818686.093
318,ETH-258396169,1752818697335,1,0.026,0.026519,73.93,ETH-25JUL25-3800-C,3660.93,sell,1.0,1.0,,,,,,1752818697.335
319,ETH-258396335,1752818710084,1,0.026,0.02687,73.42,ETH-25JUL25-3800-C,3663.59,sell,1.0,1.0,,,,,,1752818710.084
320,ETH-258396417,1752818746201,1,0.026,0.026782,73.47,ETH-25JUL25-3800-C,3663.45,sell,1.0,1.0,,,,,,1752818746.201
321,ETH-258396496,1752818764451,1,0.026,0.026585,73.7,ETH-25JUL25-3800-C,3662.35,sell,1.0,1.0,,,,,,1752818764.451
322,ETH-258396508,1752818777279,1,0.026,0.026613,73.78,ETH-25JUL25-3800-C,3661.94,sell,1.0,1.0,,,,,,1752818777.279
323,ETH-258396539,1752818783756,2,0.0255,0.026344,73.37,ETH-25JUL25-3800-C,3659.13,sell,1.0,1.0,,,,,,1752818783.756
324,ETH-258396549,1752818788917,3,0.0255,0.026283,73.38,ETH-25JUL25-3800-C,3659.08,sell,1.0,1.0,,,,,,1752818788.917
325,ETH-258396591,1752818794555,3,0.0255,0.026301,73.34,ETH-25JUL25-3800-C,3659.23,sell,1.0,1.0,,,,,,1752818794.555
326,ETH-258396637,1752818802039,3,0.0255,0.025947,74.01,ETH-25JUL25-3800-C,3655.58,sell,1.0,1.0,,,,,,1752818802.039
327,ETH-258396649,1752818807674,3,0.0255,0.025974,74.01,ETH-25JUL25-3800-C,3655.58,sell,1.0,1.0,,,,,,1752818807.674
328,ETH-258396732,1752818813414,2,0.025,0.025819,73.38,ETH-25JUL25-3800-C,3653.92,sell,1.0,1.0,,,,,,1752818813.414
329,ETH-258396762,1752818826234,3,0.025,0.025719,73.47,ETH-25JUL25-3800-C,3653.41,sell,1.0,1.0,,,,,,1752818826.234
330,ETH-258396772,1752818830889,3,0.025,0.025756,73.4,ETH-25JUL25-3800-C,3653.76,sell,1.0,1.0,,,,,,1752818830.889
331,ETH-258396871,1752818844253,0,0.0255,0.025732,74.41,ETH-25JUL25-3800-C,3653.36,sell,1.0,1.0,,,,,,1752818844.253
332,ETH-258396890,1752818851245,1,0.0255,0.025753,74.3,ETH-25JUL25-3800-C,3653.92,sell,1.0,1.0,,,,,,1752818851.245
333,ETH-258396905,1752818864103,1,0.0255,0.025834,74.21,ETH-25JUL25-3800-C,3654.35,sell,1.0,1.0,,,,,,1752818864.103
334,ETH-258397005,1752818894705,1,0.0255,0.025548,74.81,ETH-25JUL25-3800-C,3651.23,sell,1.0,1.0,,,,,,1752818894.705
335,ETH-258397013,1752818900240,1,0.0255,0.025473,74.89,ETH-25JUL25-3800-C,3650.88,sell,1.0,1.0,,,,,,1752818900.24
336,ETH-258397053,1752818913862,2,0.025,0.025483,73.99,ETH-25JUL25-3800-C,3650.61,sell,1.0,1.0,,,,,,1752818913.862
337,ETH-258397121,1752818920253,2,0.0245,0.025322,73.33,ETH-25JUL25-3800-C,3649.04,sell,1.0,1.0,,,,,,1752818920.253
338,ETH-258397183,1752818938340,0,0.025,0.025406,73.93,ETH-25JUL25-3800-C,3650.79,sell,1.0,1.0,,,,,,1752818938.34
339,ETH-258397215,1752818944474,2,0.0245,0.025429,73.24,ETH-25JUL25-3800-C,3649.39,sell,1.0,1.0,,,,,,1752818944.474
340,ETH-258397494,1752818969583,3,0.0245,0.02492,73.76,ETH-25JUL25-3800-C,3646.56,sell,1.0,1.0,,,,,,1752818969.583
341,ETH-258397509,1752818975849,3,0.0245,0.025093,73.7,ETH-25JUL25-3800-C,3646.85,sell,1.0,1.0,,,,,,1752818975.849
342,ETH-258397535,1752818981166,0,0.025,0.025232,74.11,ETH-25JUL25-3800-C,3649.67,sell,1.0,1.0,,,,,,1752818981.166
343,ETH-258397591,1752818988020,2,0.0245,0.025119,73.68,ETH-25JUL25-3800-C,3646.8,sell,1.0,1.0,,,,,,1752818988.02
344,ETH-258397593,1752818992507,3,0.0245,0.025054,73.76,ETH-25JUL25-3800-C,3646.4,sell,1.0,1.0,,,,,,1752818992.507
345,ETH-258397697,1752819011788,0,0.025,0.024993,74.58,ETH-25JUL25-3800-C,3646.9,sell,1.0,1.0,,,,,,1752819011.788
346,ETH-258397717,1752819017401,2,0.0245,0.025174,73.63,ETH-25JUL25-3800-C,3646.78,sell,1.0,1.0,,,,,,1752819017.401
347,ETH-258397788,1752819037939,3,0.0245,0.024823,74.13,ETH-25JUL25-3800-C,3643.97,sell,1.0,1.0,,,,,,1752819037.939
348,ETH-258397822,1752819057321,3,0.0245,0.024897,74.06,ETH-25JUL25-3800-C,3644.26,sell,1.0,1.0,,,,,,1752819057.321
349,ETH-258397835,1752819064258,3,0.0245,0.024979,73.93,ETH-25JUL25-3800-C,3644.86,sell,1.0,1.0,,,,,,1752819064.258
350,ETH-258397890,1752819070567,0,0.025,0.025096,74.47,ETH-25JUL25-3800-C,3647.02,sell,1.0,1.0,,,,,,1752819070.567
351,ETH-258399632,1752819732729,1,0.025,0.025095,74.54,ETH-25JUL25-3800-C,3646.24,buy,3.0,3.0,,,,,,1752819732.729
352,ETH-258401634,1752820988867,0,0.0255,0.025962,74.21,ETH-25JUL25-3800-C,3654.56,sell,12.0,12.0,,,,,,1752820988.867
353,ETH-258401642,1752821011632,1,0.0255,0.025566,74.49,ETH-25JUL25-3800-C,3653.18,sell,8.0,8.0,,,,,,1752821011.632
355,ETH-258402544,1752821553301,1,0.0265,0.02633,74.5,ETH-25JUL25-3800-C,3663.56,buy,3.0,3.0,,,,,,1752821553.301
354,ETH-258402543,1752821553301,0,0.0265,0.02633,74.5,ETH-25JUL25-3800-C,3663.56,buy,2.0,2.0,,,,,,1752821553.301
356,ETH-258403463,1752822268618,2,0.026,0.026224,73.32,ETH-25JUL25-3800-C,3664.51,buy,6.0,6.0,,,,,,1752822268.618
357,ETH-258407315,1752822963001,2,0.0235,0.023548,74.43,ETH-25JUL25-3800-C,3632.34,buy,20.0,20.0,,,,,,1752822963.001
358,ETH-258407316,1752822963005,3,0.0235,0.023548,74.43,ETH-25JUL25-3800-C,3632.34,buy,8.0,8.0,,,,,,1752822963.005
359,ETH-258407317,1752822963156,3,0.0235,0.023548,74.43,ETH-25JUL25-3800-C,3632.34,buy,18.0,18.0,,,,,,1752822963.156
360,ETH-258407319,1752822963493,3,0.0235,0.023548,74.43,ETH-25JUL25-3800-C,3632.34,buy,4.0,4.0,,,,,,1752822963.493
361,ETH-258422216,1752824351601,3,0.0235,0.024024,74.15,ETH-25JUL25-3800-C,3633.4,sell,1.0,1.0,,,,,,1752824351.601
362,ETH-258423356,1752824466153,2,0.023,0.023571,73.93,ETH-25JUL25-3800-C,3628.95,sell,1.0,1.0,,,,,,1752824466.153
363,ETH-258435107,1752825691831,2,0.0215,0.022217,73.06,ETH-25JUL25-3800-C,3617.87,sell,6.0,6.0,,,,,,1752825691.831
364,ETH-258435108,1752825691833,3,0.0215,0.022217,73.06,ETH-25JUL25-3800-C,3617.87,buy,4.0,4.0,,,,,,1752825691.833
365,ETH-258437773,1752826059222,0,0.022,0.022285,72.68,ETH-25JUL25-3800-C,3625.6,buy,7.0,7.0,,,,,,1752826059.222
366,ETH-258440700,1752826594543,2,0.0215,0.021622,72.93,ETH-25JUL25-3800-C,3619.83,buy,7.0,7.0,,,,,,1752826594.543
367,ETH-258441588,1752826936545,3,0.0215,0.022134,71.61,ETH-25JUL25-3800-C,3627.04,sell,4.0,4.0,,,,,,1752826936.545
369,ETH-258441638,1752826951122,1,0.022,0.022186,72.48,ETH-25JUL25-3800-C,3627.7,buy,6.0,6.0,,,,,,1752826951.122
368,ETH-258441637,1752826951122,0,0.022,0.022186,72.48,ETH-25JUL25-3800-C,3627.7,buy,3.0,3.0,,,,,,1752826951.122
370,ETH-258441893,1752827016473,0,0.0225,0.022213,73.39,ETH-25JUL25-3800-C,3628.21,buy,3.0,3.0,,,,,,1752827016.473
371,ETH-258442306,1752827174402,2,0.022,0.02214,72.34,ETH-25JUL25-3800-C,3628.68,buy,10.0,10.0,,,,,,1752827174.402
372,ETH-258442387,1752827235572,2,0.0215,0.021881,71.81,ETH-25JUL25-3800-C,3626.32,sell,1.0,1.0,,,,,,1752827235.572
373,ETH-258444400,1752827587598,2,0.0205,0.021065,71.7,ETH-25JUL25-3800-C,3616.03,sell,1.0,1.0,,,,,,1752827587.598
375,ETH-258446726,1752827918946,0,0.021,0.020693,73.31,ETH-25JUL25-3800-C,3613.8,buy,431.0,431.0,,,,,,1752827918.946
374,ETH-258446725,1752827918946,3,0.0205,0.020693,72.31,ETH-25JUL25-3800-C,3613.8,buy,2.0,2.0,,,,,,1752827918.946
379,ETH-258446730,1752827918946,1,0.021,0.020693,73.31,ETH-25JUL25-3800-C,3613.8,buy,18.0,18.0,,,,,,1752827918.946
377,ETH-258446728,1752827918946,1,0.021,0.020693,73.31,ETH-25JUL25-3800-C,3613.8,buy,1.0,1.0,,,,,,1752827918.946
378,ETH-258446729,1752827918946,1,0.021,0.020693,73.31,ETH-25JUL25-3800-C,3613.8,buy,100.0,100.0,,,,,,1752827918.946
376,ETH-258446727,1752827918946,1,0.021,0.020693,73.31,ETH-25JUL25-3800-C,3613.8,buy,36.0,36.0,,,,,,1752827918.946
380,ETH-258446811,1752827939386,2,0.0205,0.020461,72.65,ETH-25JUL25-3800-C,3611.85,buy,1.0,1.0,,,,,,1752827939.386
381,ETH-258446812,1752827939386,3,0.0205,0.020461,72.65,ETH-25JUL25-3800-C,3611.85,buy,16.0,16.0,,,,,,1752827939.386
382,ETH-258449303,1752828270129,2,0.0185,0.01864,72.35,ETH-25JUL25-3800-C,3589.43,buy,3.0,3.0,,,,,,1752828270.129
383,ETH-258449330,1752828278018,3,0.0185,0.018879,71.86,ETH-25JUL25-3800-C,3592.22,sell,200.0,200.0,3.0,BLOCK-212016,,,,1752828278.018
384,ETH-258451170,1752828960755,0,0.0195,0.019913,71.17,ETH-25JUL25-3800-C,3609.37,sell,2.0,2.0,,,,,,1752828960.755
385,ETH-258455901,1752830337459,2,0.019,0.0186,71.26,ETH-25JUL25-3800-C,3603.58,buy,10.0,10.0,,,,,,1752830337.459
386,ETH-258456216,1752830475269,3,0.019,0.018703,70.94,ETH-25JUL25-3800-C,3605.48,buy,2.0,2.0,,,,,,1752830475.269
387,ETH-258458175,1752831297229,2,0.018,0.018124,70.26,ETH-25JUL25-3800-C,3597.41,buy,5.0,5.0,,,,,,1752831297.229
388,ETH-258463867,1752835163448,0,0.0195,0.019206,71.19,ETH-25JUL25-3800-C,3610.66,buy,1.0,1.0,,,,,,1752835163.448
389,ETH-258463969,1752835233029,1,0.0195,0.019273,71.09,ETH-25JUL25-3800-C,3611.07,sell,1.0,1.0,,,,,,1752835233.029
390,ETH-258465883,1752835880674,0,0.0205,0.019914,71.97,ETH-25JUL25-3800-C,3618.44,buy,25.0,25.0,,,,,,1752835880.674
391,ETH-258466148,1752835908288,2,0.0199,0.020073,70.5,ETH-25JUL25-3800-C,3619.93,buy,63.0,63.0,4.0,BLOCK-212047,ETH-CCOND-25JUL25-3700_3800_4000_4200,,,1752835908.288
392,ETH-258476238,1752839978749,2,0.0195,0.019687,71.38,ETH-25JUL25-3800-C,3612.08,sell,2.0,2.0,,,,,,1752839978.749
393,ETH-258489529,1752844896372,0,0.022,0.021704,74.38,ETH-25JUL25-3800-C,3625.45,buy,2.0,2.0,,,,,,1752844896.372
394,ETH-258498079,1752847712677,0,0.024,0.023904,73.25,ETH-25JUL25-3800-C,3654.18,buy,5.0,5.0,,,,,,1752847712.677
395,ETH-258498829,1752847791575,0,0.0245,0.024663,72.71,ETH-25JUL25-3800-C,3662.31,sell,1.0,1.0,,,,,,1752847791.575
396,ETH-258506419,1752848744931,2,0.018,0.018552,72.22,ETH-25JUL25-3800-C,3591.91,sell,138.0,138.0,,,,,,1752848744.931
397,ETH-258506420,1752848744931,3,0.018,0.018552,72.22,ETH-25JUL25-3800-C,3591.91,sell,127.0,127.0,,,,,,1752848744.931
398,ETH-258517554,1752850212297,2,0.0175,0.01765,73.35,ETH-25JUL25-3800-C,3580.56,buy,4.0,4.0,,,,,,1752850212.297
399,ETH-258518523,1752850357964,0,0.0185,0.018541,73.53,ETH-25JUL25-3800-C,3592.13,sell,1.0,1.0,,,,,,1752850357.964
400,ETH-258521274,1752850916564,2,0.0175,0.017455,73.26,ETH-25JUL25-3800-C,3582.06,buy,10.0,10.0,,,,,,1752850916.564
401,ETH-258525039,1752851652830,2,0.016,0.016637,72.6,ETH-25JUL25-3800-C,3566.39,sell,5.0,5.0,,,,,,1752851652.83
402,ETH-258531557,1752852330799,2,0.0146,0.014809,74.56,ETH-25JUL25-3800-C,3533.57,sell,200.0,200.0,2.0,BLOCK-212119,ETH-RR-25JUL25-3600_3800,,,1752852330.799
403,ETH-258539159,1752854041494,0,0.0165,0.016356,74.69,ETH-25JUL25-3800-C,3560.78,sell,1.0,1.0,,,,,,1752854041.494
404,ETH-258540534,1752854435891,0,0.017,0.017005,74.37,ETH-25JUL25-3800-C,3569.58,buy,1.0,1.0,,,,,,1752854435.891
405,ETH-258541312,1752854562909,0,0.0175,0.017152,75.25,ETH-25JUL25-3800-C,3570.72,buy,2.0,2.0,,,,,,1752854562.909
406,ETH-258542758,1752854681310,2,0.017,0.016966,74.48,ETH-25JUL25-3800-C,3569.5,sell,12.0,12.0,,,,,,1752854681.31
407,ETH-258542760,1752854681340,3,0.017,0.016966,74.48,ETH-25JUL25-3800-C,3569.5,sell,3.0,3.0,,,,,,1752854681.34
408,ETH-258542762,1752854681348,3,0.017,0.016966,74.48,ETH-25JUL25-3800-C,3569.5,sell,2.0,2.0,,,,,,1752854681.348
409,ETH-258542763,1752854681355,3,0.017,0.016966,74.48,ETH-25JUL25-3800-C,3569.5,sell,2.0,2.0,,,,,,1752854681.355
410,ETH-258542961,1752854752234,0,0.0175,0.017672,74.09,ETH-25JUL25-3800-C,3577.99,sell,10.0,10.0,,,,,,1752854752.234
411,ETH-258555180,1752859905561,0,0.0195,0.019653,71.64,ETH-25JUL25-3800-C,3618.99,buy,1.0,1.0,,,,,,1752859905.561
412,ETH-258556116,1752859983849,0,0.02,0.020096,71.58,ETH-25JUL25-3800-C,3625.14,buy,1.0,1.0,,,,,,1752859983.849
413,ETH-258556573,1752860039606,2,0.0195,0.019721,71.42,ETH-25JUL25-3800-C,3620.91,sell,20.0,20.0,,,,,,1752860039.606
414,ETH-258563352,1752862585701,2,0.0165,0.016214,72.1,ETH-25JUL25-3800-C,3579.86,buy,1.0,1.0,,,,,,1752862585.701
415,ETH-258563862,1752862881311,0,0.0175,0.01739,71.78,ETH-25JUL25-3800-C,3595.02,buy,15.0,15.0,,,,,,1752862881.311
416,ETH-258563945,1752862955150,1,0.0175,0.017336,71.88,ETH-25JUL25-3800-C,3595.1,buy,8.0,8.0,,,,,,1752862955.15
417,ETH-258575520,1752866013790,2,0.014,0.014431,71.26,ETH-25JUL25-3800-C,3553.02,sell,5.0,5.0,,,,,,1752866013.79
418,ETH-258575546,1752866027245,3,0.014,0.014518,70.94,ETH-25JUL25-3800-C,3555.0,sell,10.0,10.0,,,,,,1752866027.245
419,ETH-258585282,1752868772317,3,0.014,0.013745,72.2,ETH-25JUL25-3800-C,3549.84,sell,2.0,2.0,,,,,,1752868772.317
420,ETH-258592924,1752870422682,2,0.0115,0.011544,72.88,ETH-25JUL25-3800-C,3505.79,sell,2.0,2.0,,,,,,1752870422.682
421,ETH-258601465,1752872539711,0,0.0125,0.012873,71.51,ETH-25JUL25-3800-C,3530.93,sell,2.0,2.0,,,,,,1752872539.711
422,ETH-258607812,1752876400743,0,0.0135,0.013715,72.04,ETH-25JUL25-3800-C,3544.25,sell,34.0,34.0,,,,,,1752876400.743
423,ETH-258607813,1752876400745,1,0.0135,0.013715,72.04,ETH-25JUL25-3800-C,3544.25,buy,16.0,16.0,,,,,,1752876400.745
424,ETH-258627783,1752890595151,2,0.0125,0.012751,69.78,ETH-25JUL25-3800-C,3548.65,buy,3.0,3.0,,,,,,1752890595.151
425,ETH-258628533,1752891591566,0,0.013,0.013306,69.67,ETH-25JUL25-3800-C,3556.79,buy,1.0,1.0,,,,,,1752891591.566
426,ETH-258640800,1752906856572,0,0.014,0.014109,69.99,ETH-25JUL25-3800-C,3574.74,buy,1.0,1.0,,,,,,1752906856.572
427,ETH-258641219,1752907843163,1,0.014,0.014184,69.68,ETH-25JUL25-3800-C,3576.91,buy,5.0,5.0,,,,,,1752907843.163
428,ETH-258643781,1752910847880,2,0.0135,0.013599,69.26,ETH-25JUL25-3800-C,3573.63,sell,2.0,2.0,,,,,,1752910847.88
429,ETH-258643782,1752910848289,3,0.0135,0.013608,69.25,ETH-25JUL25-3800-C,3573.68,buy,94.0,94.0,,,,,,1752910848.289
430,ETH-258643783,1752910848329,3,0.0135,0.013608,69.25,ETH-25JUL25-3800-C,3573.68,buy,1.0,1.0,,,,,,1752910848.329
431,ETH-258643786,1752910850703,3,0.0135,0.013612,69.26,ETH-25JUL25-3800-C,3573.67,buy,1.0,1.0,,,,,,1752910850.703
432,ETH-258644192,1752911105435,3,0.0135,0.013544,69.39,ETH-25JUL25-3800-C,3572.89,buy,2.0,2.0,,,,,,1752911105.435
433,ETH-258644872,1752911693004,2,0.013,0.013518,67.77,ETH-25JUL25-3800-C,3576.19,sell,1.0,1.0,,,,,,1752911693.004
434,ETH-258648566,1752913572304,2,0.0125,0.012607,68.83,ETH-25JUL25-3800-C,3562.6,buy,1.0,1.0,,,,,,1752913572.304
435,ETH-258649226,1752914019136,3,0.0125,0.012486,70.48,ETH-25JUL25-3800-C,3553.16,sell,50.0,50.0,,,,,,1752914019.136
436,ETH-258651314,1752916010648,0,0.013,0.012719,70.52,ETH-25JUL25-3800-C,3560.59,sell,3.0,3.0,,,,,,1752916010.648
437,ETH-258655674,1752919728275,2,0.0125,0.012331,70.35,ETH-25JUL25-3800-C,3555.46,sell,3.0,3.0,,,,,,1752919728.275
438,ETH-258655688,1752919761562,2,0.012,0.012314,69.11,ETH-25JUL25-3800-C,3555.32,sell,2.0,2.0,,,,,,1752919761.562
439,ETH-258655789,1752919878348,3,0.012,0.012339,69.11,ETH-25JUL25-3800-C,3555.32,sell,4.0,4.0,,,,,,1752919878.348
440,ETH-258657810,1752923727942,3,0.012,0.011801,70.43,ETH-25JUL25-3800-C,3549.09,sell,10.0,10.0,,,,,,1752923727.942
441,ETH-258658163,1752923868651,2,0.0115,0.0117,69.64,ETH-25JUL25-3800-C,3546.29,sell,1.0,1.0,,,,,,1752923868.651
442,ETH-258658164,1752923869705,3,0.0115,0.011689,69.65,ETH-25JUL25-3800-C,3546.24,sell,1.0,1.0,,,,,,1752923869.705
443,ETH-258658165,1752923871009,3,0.0115,0.011686,69.65,ETH-25JUL25-3800-C,3546.26,buy,1.0,1.0,,,,,,1752923871.009
444,ETH-258658166,1752923876249,3,0.0115,0.0117,69.64,ETH-25JUL25-3800-C,3546.31,buy,1.0,1.0,,,,,,1752923876.249
445,ETH-258658167,1752923879018,3,0.0115,0.011694,69.62,ETH-25JUL25-3800-C,3546.41,sell,1.0,1.0,,,,,,1752923879.018
446,ETH-258658207,1752923966177,0,0.0119,0.01193,70.04,ETH-25JUL25-3800-C,3550.02,sell,250.0,250.0,2.0,BLOCK-212181,ETH-RR-25JUL25-3300_3800,,,1752923966.177
447,ETH-258658290,1752924013382,0,0.012,0.01211,69.84,ETH-25JUL25-3800-C,3552.81,buy,1.0,1.0,,,,,,1752924013.382
448,ETH-258658576,1752924213718,0,0.0125,0.012659,69.58,ETH-25JUL25-3800-C,3562.15,buy,1.0,1.0,,,,,,1752924213.718
449,ETH-258659022,1752924433636,0,0.013,0.012987,69.78,ETH-25JUL25-3800-C,3568.37,buy,1.0,1.0,,,,,,1752924433.636
450,ETH-258659923,1752925157565,0,0.0135,0.013135,70.64,ETH-25JUL25-3800-C,3570.72,buy,1.0,1.0,,,,,,1752925157.565
451,ETH-258659994,1752925357540,1,0.0135,0.012887,71.27,ETH-25JUL25-3800-C,3567.3,buy,1.0,1.0,,,,,,1752925357.54
452,ETH-258660036,1752925414999,2,0.013,0.012736,70.5,ETH-25JUL25-3800-C,3564.66,sell,1.0,1.0,,,,,,1752925414.999
453,ETH-258661375,1752926991246,2,0.0125,0.011822,71.98,ETH-25JUL25-3800-C,3548.83,buy,1.0,1.0,,,,,,1752926991.246
454,ETH-258661446,1752927013242,2,0.012,0.01187,70.8,ETH-25JUL25-3800-C,3548.18,sell,3.0,3.0,,,,,,1752927013.242
455,ETH-258662486,1752928224451,2,0.0115,0.011861,68.98,ETH-25JUL25-3800-C,3552.84,sell,2.0,2.0,,,,,,1752928224.451
456,ETH-258662487,1752928224453,3,0.0115,0.011861,68.98,ETH-25JUL25-3800-C,3552.84,buy,8.0,8.0,,,,,,1752928224.453
457,ETH-258662488,1752928224453,3,0.0115,0.011861,68.98,ETH-25JUL25-3800-C,3552.84,buy,10.0,10.0,,,,,,1752928224.453
458,ETH-258663357,1752929735111,0,0.012,0.012435,68.21,ETH-25JUL25-3800-C,3565.51,sell,2.0,2.0,,,,,,1752929735.111
459,ETH-258663358,1752929735113,1,0.012,0.012435,68.21,ETH-25JUL25-3800-C,3565.51,buy,1.0,1.0,,,,,,1752929735.113
460,ETH-258663619,1752930349189,0,0.0125,0.012348,69.84,ETH-25JUL25-3800-C,3563.69,sell,4.0,4.0,,,,,,1752930349.189
461,ETH-258663795,1752930610008,2,0.0115,0.012019,68.28,ETH-25JUL25-3800-C,3557.76,sell,10.0,10.0,,,,,,1752930610.008
462,ETH-258665669,1752933833528,0,0.012,0.011741,70.18,ETH-25JUL25-3800-C,3555.43,buy,2.0,2.0,,,,,,1752933833.528
463,ETH-258665672,1752933839227,1,0.012,0.011738,70.18,ETH-25JUL25-3800-C,3555.44,sell,2.0,2.0,,,,,,1752933839.227
464,ETH-258669702,1752937571785,2,0.0105,0.010588,68.92,ETH-25JUL25-3800-C,3541.08,sell,2.0,2.0,,,,,,1752937571.785
465,ETH-258669703,1752937571787,3,0.0105,0.010588,68.92,ETH-25JUL25-3800-C,3541.08,buy,8.0,8.0,,,,,,1752937571.787
466,ETH-258673583,1752941959584,3,0.0105,0.010866,68.69,ETH-25JUL25-3800-C,3544.25,sell,2.0,2.0,,,,,,1752941959.584
467,ETH-258674422,1752942524826,0,0.012,0.01205,69.14,ETH-25JUL25-3800-C,3565.45,buy,77.0,77.0,,,,,,1752942524.826
468,ETH-258680232,1752950418304,2,0.0115,0.011522,69.03,ETH-25JUL25-3800-C,3562.74,buy,7.0,7.0,,,,,,1752950418.304
469,ETH-258680734,1752951516052,2,0.011,0.011064,69.23,ETH-25JUL25-3800-C,3553.96,buy,1.0,1.0,,,,,,1752951516.052
470,ETH-258686192,1752955841460,0,0.013,0.013343,68.73,ETH-25JUL25-3800-C,3588.65,sell,1.0,1.0,,,,,,1752955841.46
471,ETH-258686977,1752957603515,1,0.013,0.012912,70.33,ETH-25JUL25-3800-C,3580.43,buy,6.0,6.0,,,,,,1752957603.515
472,ETH-258688310,1752959447130,1,0.013,0.012448,72.88,ETH-25JUL25-3800-C,3565.96,buy,2.0,2.0,,,,,,1752959447.13
473,ETH-258688311,1752959447130,1,0.013,0.012448,72.88,ETH-25JUL25-3800-C,3565.96,buy,49.0,49.0,,,,,,1752959447.13
474,ETH-258688373,1752959550164,2,0.0125,0.012194,72.28,ETH-25JUL25-3800-C,3562.19,sell,1.0,1.0,,,,,,1752959550.164
475,ETH-258691404,1752962490480,0,0.013,0.013141,72.2,ETH-25JUL25-3800-C,3571.19,buy,35.0,35.0,,,,,,1752962490.48
476,ETH-258692495,1752964259519,0,0.0145,0.014081,73.47,ETH-25JUL25-3800-C,3586.48,buy,2.0,2.0,,,,,,1752964259.519
477,ETH-258692496,1752964259519,1,0.0145,0.014081,73.47,ETH-25JUL25-3800-C,3586.48,buy,18.0,18.0,,,,,,1752964259.519
478,ETH-258694385,1752969174724,2,0.0143,0.014369,71.96,ETH-25JUL25-3800-C,3594.49,sell,200.0,200.0,,,ETH-CBUT-25JUL25-3600_3800_4000,ETH-258694383,,1752969174.724
479,ETH-258698802,1752974428690,0,0.016,0.01596,72.01,ETH-25JUL25-3800-C,3618.09,buy,2.0,2.0,,,,,,1752974428.69
480,ETH-258703054,1752977452621,2,0.0155,0.015739,73.12,ETH-25JUL25-3800-C,3606.24,buy,1.0,1.0,,,,,,1752977452.621
481,ETH-258703177,1752977646557,0,0.016,0.016241,73.08,ETH-25JUL25-3800-C,3612.93,buy,1.0,1.0,,,,,,1752977646.557
482,ETH-258704369,1752978999484,0,0.0165,0.016589,73.06,ETH-25JUL25-3800-C,3620.24,buy,1.0,1.0,,,,,,1752978999.484
483,ETH-258711235,1752982385976,0,0.0205,0.020433,73.57,ETH-25JUL25-3800-C,3664.78,buy,5.0,5.0,,,,,,1752982385.976
484,ETH-258716579,1752983013274,0,0.0225,0.02209,75.74,ETH-25JUL25-3800-C,3676.16,sell,10.0,10.0,,,,,,1752983013.274
493,ETH-258721590,1752985946602,1,0.022,0.021148,76.94,ETH-25JUL25-3800-C,3666.41,buy,1.0,1.0,,,,,,1752985946.602
488,ETH-258721585,1752985946602,1,0.022,0.021148,76.94,ETH-25JUL25-3800-C,3666.41,buy,138.0,138.0,,,,,,1752985946.602
490,ETH-258721587,1752985946602,1,0.022,0.021148,76.94,ETH-25JUL25-3800-C,3666.41,buy,1.0,1.0,,,,,,1752985946.602
492,ETH-258721589,1752985946602,1,0.022,0.021148,76.94,ETH-25JUL25-3800-C,3666.41,buy,418.0,418.0,,,,,,1752985946.602
487,ETH-258721584,1752985946602,0,0.022,0.021148,76.94,ETH-25JUL25-3800-C,3666.41,buy,10.0,10.0,,,,,,1752985946.602
485,ETH-258721582,1752985946602,2,0.0215,0.021148,75.83,ETH-25JUL25-3800-C,3666.41,buy,124.0,124.0,,,,,,1752985946.602
489,ETH-258721586,1752985946602,1,0.022,0.021148,76.94,ETH-25JUL25-3800-C,3666.41,buy,32.0,32.0,,,,,,1752985946.602
491,ETH-258721588,1752985946602,1,0.022,0.021148,76.94,ETH-25JUL25-3800-C,3666.41,buy,200.0,200.0,,,,,,1752985946.602
486,ETH-258721583,1752985946602,3,0.0215,0.021148,75.83,ETH-25JUL25-3800-C,3666.41,buy,20.0,20.0,,,,,,1752985946.602
496,ETH-258721593,1752985946606,1,0.022,0.021148,76.94,ETH-25JUL25-3800-C,3666.41,sell,1.0,1.0,,,,,,1752985946.606
494,ETH-258721591,1752985946606,1,0.022,0.021148,76.94,ETH-25JUL25-3800-C,3666.41,sell,36.0,36.0,,,,,,1752985946.606
495,ETH-258721592,1752985946606,1,0.022,0.021148,76.94,ETH-25JUL25-3800-C,3666.41,sell,8.0,8.0,,,,,,1752985946.606
497,ETH-258721594,1752985946607,1,0.022,0.021148,76.94,ETH-25JUL25-3800-C,3666.41,sell,11.0,11.0,,,,,,1752985946.607
499,ETH-258721844,1752986069715,1,0.022,0.02137,77.44,ETH-25JUL25-3800-C,3663.92,buy,124.0,124.0,,,,,,1752986069.715
498,ETH-258721843,1752986069715,1,0.022,0.02137,77.44,ETH-25JUL25-3800-C,3663.92,buy,1.0,1.0,,,,,,1752986069.715
500,ETH-258721845,1752986069717,1,0.022,0.02137,77.44,ETH-25JUL25-3800-C,3663.92,sell,9.0,9.0,,,,,,1752986069.717
501,ETH-258721846,1752986069718,1,0.022,0.02137,77.44,ETH-25JUL25-3800-C,3663.92,sell,1.0,1.0,,,,,,1752986069.718
503,ETH-258721865,1752986091206,1,0.0225,0.021771,78.3,ETH-25JUL25-3800-C,3665.0,buy,137.0,137.0,,,,,,1752986091.206
504,ETH-258721866,1752986091206,1,0.0225,0.021771,78.3,ETH-25JUL25-3800-C,3665.0,buy,20.0,20.0,,,,,,1752986091.206
505,ETH-258721867,1752986091206,1,0.0225,0.021771,78.3,ETH-25JUL25-3800-C,3665.0,buy,100.0,100.0,,,,,,1752986091.206
502,ETH-258721864,1752986091206,0,0.0225,0.021771,78.3,ETH-25JUL25-3800-C,3665.0,buy,420.0,420.0,,,,,,1752986091.206
506,ETH-258721868,1752986091209,1,0.0225,0.021771,78.3,ETH-25JUL25-3800-C,3665.0,sell,188.0,188.0,,,,,,1752986091.209
507,ETH-258724002,1752987382287,2,0.022,0.021346,79.39,ETH-25JUL25-3800-C,3654.9,buy,2.0,2.0,,,,,,1752987382.287
508,ETH-258724435,1752987635927,2,0.0215,0.021811,77.26,ETH-25JUL25-3800-C,3659.43,sell,1.0,1.0,,,,,,1752987635.927
509,ETH-258725089,1752987991154,3,0.0215,0.021426,78.57,ETH-25JUL25-3800-C,3653.29,sell,33.0,33.0,,,,,,1752987991.154
510,ETH-258725090,1752987991154,3,0.0215,0.021426,78.57,ETH-25JUL25-3800-C,3653.29,sell,3.0,3.0,,,,,,1752987991.154
511,ETH-258725244,1752988236918,2,0.0205,0.020903,77.55,ETH-25JUL25-3800-C,3647.43,sell,1.0,1.0,,,,,,1752988236.918
512,ETH-258725916,1752989182372,0,0.021,0.020438,79.73,ETH-25JUL25-3800-C,3642.72,buy,8.0,8.0,,,,,,1752989182.372
513,ETH-258727245,1752990997553,1,0.021,0.021049,77.83,ETH-25JUL25-3800-C,3652.6,buy,13.0,13.0,,,,,,1752990997.553
514,ETH-258727261,1752990999190,1,0.021,0.021032,77.81,ETH-25JUL25-3800-C,3652.7,buy,7.0,7.0,,,,,,1752990999.19
515,ETH-258727765,1752991514833,2,0.02,0.020215,77.51,ETH-25JUL25-3800-C,3643.25,buy,5.0,5.0,,,,,,1752991514.833
516,ETH-258728862,1752992869277,0,0.0215,0.021015,79.14,ETH-25JUL25-3800-C,3652.79,buy,2.0,2.0,,,,,,1752992869.277
517,ETH-258729290,1752993368298,2,0.021,0.021073,77.83,ETH-25JUL25-3800-C,3653.98,buy,1.0,1.0,,,,,,1752993368.298
518,ETH-258730583,1752995450863,0,0.0215,0.021637,77.67,ETH-25JUL25-3800-C,3661.01,buy,5.0,5.0,,,,,,1752995450.863
519,ETH-258734506,1752997705192,0,0.024,0.024021,77.15,ETH-25JUL25-3800-C,3689.78,buy,1.0,1.0,,,,,,1752997705.192
520,ETH-258734779,1752997840579,1,0.024,0.023923,77.72,ETH-25JUL25-3800-C,3687.17,sell,12.0,12.0,,,,,,1752997840.579
521,ETH-258734780,1752997840589,1,0.024,0.023923,77.72,ETH-25JUL25-3800-C,3687.17,sell,1.0,1.0,,,,,,1752997840.589
522,ETH-258734781,1752997840602,1,0.024,0.023923,77.72,ETH-25JUL25-3800-C,3687.17,sell,3.0,3.0,,,,,,1752997840.602
523,ETH-258734782,1752997840608,1,0.024,0.023923,77.72,ETH-25JUL25-3800-C,3687.17,sell,4.0,4.0,,,,,,1752997840.608
524,ETH-258737558,1752998839762,2,0.022,0.022196,76.19,ETH-25JUL25-3800-C,3675.05,buy,6.0,6.0,,,,,,1752998839.762
525,ETH-258737932,1752999118782,0,0.023,0.022728,76.88,ETH-25JUL25-3800-C,3682.17,buy,3.0,3.0,,,,,,1752999118.782
526,ETH-258737933,1752999118782,1,0.023,0.022728,76.88,ETH-25JUL25-3800-C,3682.17,buy,47.0,47.0,,,,,,1752999118.782
527,ETH-258740819,1753000573641,0,0.0235,0.023594,76.3,ETH-25JUL25-3800-C,3689.49,buy,5.0,5.0,,,,,,1753000573.641
528,ETH-258741139,1753000795644,0,0.024,0.023907,76.85,ETH-25JUL25-3800-C,3691.97,buy,5.0,5.0,,,,,,1753000795.644
529,ETH-258743928,1753000976422,0,0.0255,0.025098,78.64,ETH-25JUL25-3800-C,3698.66,sell,94.0,94.0,,,,,,1753000976.422
530,ETH-258746208,1753001336441,0,0.0275,0.027343,79.36,ETH-25JUL25-3800-C,3714.18,sell,94.0,94.0,,,,,,1753001336.441
531,ETH-258746230,1753001341868,1,0.0275,0.027253,79.67,ETH-25JUL25-3800-C,3712.86,sell,1.0,1.0,,,,,,1753001341.868
532,ETH-258746237,1753001343130,1,0.0275,0.027207,79.69,ETH-25JUL25-3800-C,3712.79,sell,1.0,1.0,,,,,,1753001343.13
533,ETH-258746238,1753001343135,1,0.0275,0.027207,79.69,ETH-25JUL25-3800-C,3712.79,sell,1.0,1.0,,,,,,1753001343.135
534,ETH-258746239,1753001343205,1,0.0275,0.027207,79.69,ETH-25JUL25-3800-C,3712.79,sell,1.0,1.0,,,,,,1753001343.205
535,ETH-258746240,1753001343215,1,0.0275,0.027207,79.69,ETH-25JUL25-3800-C,3712.79,sell,1.0,1.0,,,,,,1753001343.215
536,ETH-258746242,1753001343260,1,0.0275,0.027207,79.69,ETH-25JUL25-3800-C,3712.79,sell,2.0,2.0,,,,,,1753001343.26
537,ETH-258746243,1753001343268,1,0.0275,0.027207,79.69,ETH-25JUL25-3800-C,3712.79,sell,1.0,1.0,,,,,,1753001343.268
538,ETH-258746245,1753001344097,1,0.0275,0.027211,79.77,ETH-25JUL25-3800-C,3712.44,sell,1.0,1.0,,,,,,1753001344.097
539,ETH-258746246,1753001344102,1,0.0275,0.027211,79.77,ETH-25JUL25-3800-C,3712.44,sell,1.0,1.0,,,,,,1753001344.102
540,ETH-258746248,1753001344445,1,0.0275,0.027185,79.85,ETH-25JUL25-3800-C,3712.11,sell,1.0,1.0,,,,,,1753001344.445
541,ETH-258746249,1753001344492,1,0.0275,0.027185,79.85,ETH-25JUL25-3800-C,3712.11,sell,1.0,1.0,,,,,,1753001344.492
542,ETH-258746251,1753001345609,1,0.0275,0.027185,79.93,ETH-25JUL25-3800-C,3711.78,sell,123.0,123.0,,,,,,1753001345.609
543,ETH-258747391,1753001502784,2,0.026,0.026197,78.88,ETH-25JUL25-3800-C,3702.25,buy,1.0,1.0,,,,,,1753001502.784
544,ETH-258747515,1753001528884,0,0.0265,0.026244,79.97,ETH-25JUL25-3800-C,3702.28,sell,1.0,1.0,,,,,,1753001528.884
545,ETH-258747523,1753001536880,1,0.0265,0.026221,80.38,ETH-25JUL25-3800-C,3700.51,sell,176.0,176.0,,,,,,1753001536.88
546,ETH-258748189,1753001733589,1,0.0265,0.026594,79.34,ETH-25JUL25-3800-C,3705.03,sell,2.0,2.0,,,,,,1753001733.589
547,ETH-258748190,1753001733592,1,0.0265,0.026594,79.34,ETH-25JUL25-3800-C,3705.03,buy,1.0,1.0,,,,,,1753001733.592
548,ETH-258748579,1753001871992,1,0.0265,0.026635,79.12,ETH-25JUL25-3800-C,3705.75,buy,1.0,1.0,,,,,,1753001871.992
549,ETH-258748683,1753001922363,1,0.0265,0.026663,79.13,ETH-25JUL25-3800-C,3705.73,buy,1.0,1.0,,,,,,1753001922.363
550,ETH-258748878,1753001989354,0,0.0275,0.027545,79.32,ETH-25JUL25-3800-C,3714.15,sell,6.0,6.0,,,,,,1753001989.354
551,ETH-258749443,1753002049814,0,0.028,0.027967,79.84,ETH-25JUL25-3800-C,3716.75,buy,1.0,1.0,,,,,,1753002049.814
552,ETH-258752028,1753002472976,2,0.0275,0.027291,81.01,ETH-25JUL25-3800-C,3707.68,buy,120.0,120.0,,,,,,1753002472.976
553,ETH-258753058,1753002761430,2,0.027,0.027305,79.96,ETH-25JUL25-3800-C,3707.06,sell,1.0,1.0,,,,,,1753002761.43
554,ETH-258753335,1753002923236,0,0.028,0.027745,81.12,ETH-25JUL25-3800-C,3711.4,buy,50.0,50.0,,,,,,1753002923.236
555,ETH-258754603,1753003519405,2,0.027,0.027266,80.0,ETH-25JUL25-3800-C,3707.13,buy,1.0,1.0,,,,,,1753003519.405
556,ETH-258756929,1753004966603,0,0.0275,0.027727,80.15,ETH-25JUL25-3800-C,3712.44,sell,9.0,9.0,,,,,,1753004966.603
557,ETH-258757002,1753004984935,0,0.028,0.028018,80.6,ETH-25JUL25-3800-C,3715.02,buy,2.0,2.0,,,,,,1753004984.935
558,ETH-258757660,1753005565611,1,0.028,0.028031,81.14,ETH-25JUL25-3800-C,3713.23,sell,300.0,300.0,,,,,,1753005565.611
559,ETH-258758630,1753006175974,2,0.027,0.026954,80.27,ETH-25JUL25-3800-C,3707.88,buy,20.0,20.0,,,,,,1753006175.974
560,ETH-258759388,1753006890066,2,0.026,0.026433,79.39,ETH-25JUL25-3800-C,3702.5,sell,2.0,2.0,,,,,,1753006890.066
561,ETH-258775173,1753012091638,0,0.03,0.030371,78.91,ETH-25JUL25-3800-C,3742.49,buy,2.0,2.0,,,,,,1753012091.638
562,ETH-258783229,1753014538742,2,0.0295,0.029228,81.72,ETH-25JUL25-3800-C,3728.45,buy,2.0,2.0,,,,,,1753014538.742
563,ETH-258783274,1753014604704,3,0.0295,0.029487,81.47,ETH-25JUL25-3800-C,3729.45,sell,13.0,13.0,,,,,,1753014604.704
564,ETH-258783291,1753014615252,3,0.0295,0.029384,81.66,ETH-25JUL25-3800-C,3728.72,sell,14.0,14.0,,,,,,1753014615.252
565,ETH-258783292,1753014615261,3,0.0295,0.029384,81.66,ETH-25JUL25-3800-C,3728.72,sell,2.0,2.0,,,,,,1753014615.261
566,ETH-258783293,1753014615267,3,0.0295,0.029384,81.66,ETH-25JUL25-3800-C,3728.72,sell,1.0,1.0,,,,,,1753014615.267
567,ETH-258784366,1753015638726,0,0.0305,0.03051,82.24,ETH-25JUL25-3800-C,3735.88,sell,100.0,100.0,,,,,,1753015638.726
568,ETH-258785116,1753016266364,1,0.0305,0.030844,81.24,ETH-25JUL25-3800-C,3739.98,sell,2.0,2.0,,,,,,1753016266.364
572,ETH-258785161,1753016331994,3,0.03,0.031011,79.63,ETH-25JUL25-3800-C,3742.03,sell,153.0,153.0,,,,,,1753016331.994
569,ETH-258785158,1753016331994,1,0.0305,0.031011,80.73,ETH-25JUL25-3800-C,3742.03,sell,10.0,10.0,,,,,,1753016331.994
571,ETH-258785160,1753016331994,3,0.03,0.031011,79.63,ETH-25JUL25-3800-C,3742.03,sell,16.0,16.0,,,,,,1753016331.994
570,ETH-258785159,1753016331994,2,0.03,0.031011,79.63,ETH-25JUL25-3800-C,3742.03,sell,121.0,121.0,,,,,,1753016331.994
574,ETH-258786321,1753017078595,0,0.032,0.031512,82.65,ETH-25JUL25-3800-C,3747.64,buy,3.0,3.0,,,,,,1753017078.595
573,ETH-258786320,1753017078595,0,0.0315,0.031512,81.55,ETH-25JUL25-3800-C,3747.64,buy,2.0,2.0,,,,,,1753017078.595
575,ETH-258787026,1753017461788,1,0.032,0.032055,80.92,ETH-25JUL25-3800-C,3754.12,sell,50.0,50.0,,,,,,1753017461.788
576,ETH-258787952,1753018059100,2,0.0315,0.031229,81.49,ETH-25JUL25-3800-C,3747.7,sell,1.0,1.0,,,,,,1753018059.1
577,ETH-258789871,1753019625144,2,0.031,0.031003,79.48,ETH-25JUL25-3800-C,3751.89,buy,2.0,2.0,,,,,,1753019625.144
578,ETH-258794040,1753023374314,3,0.031,0.031126,79.76,ETH-25JUL25-3800-C,3751.77,buy,10.0,10.0,,,,,,1753023374.314
579,ETH-258796048,1753023832888,0,0.0322,0.032093,80.44,ETH-25JUL25-3800-C,3759.38,buy,200.0,200.0,,,ETH-CBUT-25JUL25-3800_4000_4200,ETH-258796045,,1753023832.888
580,ETH-258796407,1753023900509,0,0.0325,0.032224,80.79,ETH-25JUL25-3800-C,3760.62,buy,63.0,63.0,,,ETH-CBUT-25JUL25-3800_4000_4200,ETH-258796405,,1753023900.509
581,ETH-258797006,1753024153272,2,0.0324,0.031897,81.18,ETH-25JUL25-3800-C,3758.65,buy,63.0,63.0,,,ETH-CBUT-25JUL25-3800_4000_4200,ETH-258797005,,1753024153.272
583,ETH-258797042,1753024186307,2,0.0325,0.032168,80.86,ETH-25JUL25-3800-C,3760.62,buy,11.0,11.0,,,ETH-CBUT-25JUL25-3800_4000_4200,ETH-258797040,,1753024186.307
582,ETH-258797041,1753024186307,0,0.0326,0.032168,81.08,ETH-25JUL25-3800-C,3760.62,buy,63.0,63.0,,,ETH-CBUT-25JUL25-3800_4000_4200,ETH-258797039,,1753024186.307
584,ETH-258797047,1753024189993,3,0.0325,0.032202,80.82,ETH-25JUL25-3800-C,3760.8,buy,2.0,2.0,,,,,,1753024189.993
585,ETH-258797048,1753024189999,3,0.0325,0.032202,80.82,ETH-25JUL25-3800-C,3760.8,sell,98.0,98.0,,,,,,1753024189.999
587,ETH-258797156,1753024303917,1,0.033,0.032402,81.47,ETH-25JUL25-3800-C,3762.56,buy,29.0,29.0,,,,,,1753024303.917
588,ETH-258797157,1753024303917,1,0.033,0.032402,81.47,ETH-25JUL25-3800-C,3762.56,buy,1.0,1.0,,,,,,1753024303.917
586,ETH-258797155,1753024303917,0,0.033,0.032402,81.47,ETH-25JUL25-3800-C,3762.56,buy,20.0,20.0,,,,,,1753024303.917
589,ETH-258797361,1753024365992,0,0.0335,0.032723,82.05,ETH-25JUL25-3800-C,3764.46,buy,29.0,29.0,,,,,,1753024365.992
590,ETH-258797362,1753024365994,1,0.0335,0.032723,82.05,ETH-25JUL25-3800-C,3764.46,sell,13.0,13.0,,,,,,1753024365.994
591,ETH-258797363,1753024365995,1,0.0335,0.032723,82.05,ETH-25JUL25-3800-C,3764.46,sell,5.0,5.0,,,,,,1753024365.995
592,ETH-258797364,1753024365995,1,0.0335,0.032723,82.05,ETH-25JUL25-3800-C,3764.46,sell,53.0,53.0,,,,,,1753024365.995
593,ETH-258797755,1753024614175,2,0.0325,0.031949,81.5,ETH-25JUL25-3800-C,3758.46,buy,1.0,1.0,,,,,,1753024614.175
594,ETH-258800084,1753025635598,0,0.0335,0.033151,81.12,ETH-25JUL25-3800-C,3768.43,buy,10.0,10.0,,,,,,1753025635.598
595,ETH-258800361,1753025638843,0,0.0345,0.034099,81.04,ETH-25JUL25-3800-C,3776.73,buy,10.0,10.0,,,,,,1753025638.843
596,ETH-258805189,1753027325478,0,0.036,0.036015,80.06,ETH-25JUL25-3800-C,3793.21,buy,10.0,10.0,,,,,,1753027325.478
597,ETH-258805458,1753027356270,0,0.0365,0.035954,81.48,ETH-25JUL25-3800-C,3792.46,buy,3.0,3.0,,,,,,1753027356.27
598,ETH-258805459,1753027356270,1,0.0365,0.035954,81.48,ETH-25JUL25-3800-C,3792.46,buy,7.0,7.0,,,,,,1753027356.27
599,ETH-258807609,1753028046918,2,0.0345,0.034779,79.82,ETH-25JUL25-3800-C,3783.21,buy,3.0,3.0,,,,,,1753028046.918
600,ETH-258811351,1753029259930,0,0.037,0.036483,81.13,ETH-25JUL25-3800-C,3799.32,buy,10.0,10.0,,,,,,1753029259.93
601,ETH-258812760,1753029650616,0,0.0385,0.037845,81.17,ETH-25JUL25-3800-C,3810.38,buy,10.0,10.0,,,,,,1753029650.616
602,ETH-258814775,1753029983117,2,0.0384,0.038131,81.09,ETH-25JUL25-3800-C,3810.61,buy,100.0,100.0,,,ETH-CBUT-25JUL25-3800_4000_4200,ETH-258814774,,1753029983.117
603,ETH-258815339,1753030086664,2,0.0383,0.0381,80.82,ETH-25JUL25-3800-C,3810.91,buy,100.0,100.0,,,ETH-CBUT-25JUL25-3800_4000_4200,ETH-258815337,,1753030086.664
604,ETH-258815896,1753030228192,0,0.04,0.03939,81.73,ETH-25JUL25-3800-C,3820.14,buy,10.0,10.0,,,,,,1753030228.192
605,ETH-258816513,1753030399569,2,0.0395,0.038635,82.47,ETH-25JUL25-3800-C,3814.2,buy,20.0,20.0,,,,,,1753030399.569
606,ETH-258816514,1753030399569,3,0.0395,0.038635,82.47,ETH-25JUL25-3800-C,3814.2,buy,1.0,1.0,,,,,,1753030399.569
607,ETH-258819634,1753031095481,2,0.0345,0.034812,80.39,ETH-25JUL25-3800-C,3783.47,sell,3.0,3.0,,,,,,1753031095.481
608,ETH-258828664,1753034148129,2,0.0305,0.030611,81.5,ETH-25JUL25-3800-C,3747.32,sell,2.0,2.0,,,,,,1753034148.129
609,ETH-258832207,1753035663415,2,0.029,0.029573,80.73,ETH-25JUL25-3800-C,3738.19,sell,1.0,1.0,,,,,,1753035663.415
610,ETH-258835582,1753038440176,0,0.0305,0.030704,81.39,ETH-25JUL25-3800-C,3749.69,buy,5.0,5.0,,,,,,1753038440.176
611,ETH-258840415,1753041943951,2,0.028,0.028038,82.77,ETH-25JUL25-3800-C,3723.9,sell,100.0,100.0,,,,,,1753041943.951
612,ETH-258843598,1753044710633,0,0.0315,0.031021,83.47,ETH-25JUL25-3800-C,3752.43,buy,1.0,1.0,,,,,,1753044710.633
613,ETH-258843750,1753044886562,1,0.0315,0.031032,83.44,ETH-25JUL25-3800-C,3752.67,buy,1.0,1.0,,,,,,1753044886.562
614,ETH-258843996,1753045002709,2,0.0302,0.03019,82.44,ETH-25JUL25-3800-C,3745.5,sell,75.0,75.0,,,ETH-CBUT-25JUL25-3800_4000_4200,ETH-258843994,,1753045002.709
615,ETH-258844016,1753045005644,3,0.0302,0.030094,82.63,ETH-25JUL25-3800-C,3744.44,sell,25.0,25.0,,,ETH-CBUT-25JUL25-3800_4000_4200,ETH-258844013,,1753045005.644
616,ETH-258849776,1753048702519,0,0.033,0.032825,83.05,ETH-25JUL25-3800-C,3767.73,sell,1.0,1.0,,,,,,1753048702.519
617,ETH-258857281,1753050016014,2,0.0275,0.02688,84.4,ETH-25JUL25-3800-C,3716.15,sell,5.0,5.0,,,,,,1753050016.014
618,ETH-258867900,1753054059907,0,0.0295,0.029708,80.34,ETH-25JUL25-3800-C,3751.44,buy,1.0,1.0,,,,,,1753054059.907
619,ETH-258887522,1753062784427,2,0.026,0.025864,80.05,ETH-25JUL25-3800-C,3724.59,buy,1.0,1.0,,,,,,1753062784.427
621,ETH-258891266,1753065813319,1,0.0275,0.027914,78.21,ETH-25JUL25-3800-C,3745.86,sell,17.0,17.0,,,,,,1753065813.319
620,ETH-258891265,1753065813319,0,0.0275,0.027914,78.21,ETH-25JUL25-3800-C,3745.86,sell,1.0,1.0,,,,,,1753065813.319
622,ETH-258891267,1753065813319,1,0.0275,0.027914,78.21,ETH-25JUL25-3800-C,3745.86,sell,17.0,17.0,,,,,,1753065813.319
623,ETH-258904588,1753077247689,0,0.03,0.03029,75.76,ETH-25JUL25-3800-C,3778.74,sell,2.0,2.0,,,,,,1753077247.689
624,ETH-258904589,1753077247689,1,0.03,0.03029,75.76,ETH-25JUL25-3800-C,3778.74,sell,9.0,9.0,,,,,,1753077247.689
625,ETH-258904755,1753077345767,0,0.0305,0.030741,77.13,ETH-25JUL25-3800-C,3778.11,buy,400.0,400.0,2.0,BLOCK-212311,ETH-CS-25JUL25-3800_3850,,,1753077345.767
626,ETH-258907760,1753079109195,0,0.034,0.033246,77.96,ETH-25JUL25-3800-C,3804.43,buy,1.0,1.0,,,,,,1753079109.195
627,ETH-258908853,1753079408757,1,0.034,0.033425,78.28,ETH-25JUL25-3800-C,3803.49,buy,1.0,1.0,,,,,,1753079408.757
628,ETH-258910659,1753080265651,2,0.0315,0.031694,75.66,ETH-25JUL25-3800-C,3792.78,sell,4.0,4.0,,,,,,1753080265.651
629,ETH-258912569,1753081823064,3,0.0315,0.031435,75.54,ETH-25JUL25-3800-C,3793.86,sell,5.0,5.0,,,,,,1753081823.064
630,ETH-258913762,1753082854517,0,0.032,0.031778,75.89,ETH-25JUL25-3800-C,3796.66,sell,100.0,100.0,,,,,,1753082854.517
631,ETH-258913850,1753082936256,0,0.0325,0.032463,75.38,ETH-25JUL25-3800-C,3802.02,buy,10.0,10.0,,,,,,1753082936.256
632,ETH-258913852,1753082936855,1,0.0325,0.032463,75.38,ETH-25JUL25-3800-C,3802.02,buy,5.0,5.0,,,,,,1753082936.855
633,ETH-258914185,1753083149485,2,0.031,0.030923,75.5,ETH-25JUL25-3800-C,3790.41,sell,11.0,11.0,,,,,,1753083149.485
634,ETH-258914188,1753083151795,3,0.031,0.030937,75.54,ETH-25JUL25-3800-C,3790.33,sell,15.0,15.0,,,,,,1753083151.795
635,ETH-258914253,1753083205453,3,0.031,0.031057,75.08,ETH-25JUL25-3800-C,3791.71,buy,1.0,1.0,,,,,,1753083205.453
636,ETH-258915373,1753084008096,2,0.0305,0.030493,75.65,ETH-25JUL25-3800-C,3787.55,sell,30.0,30.0,,,,,,1753084008.096
637,ETH-258915964,1753084255149,2,0.03,0.030115,75.48,ETH-25JUL25-3800-C,3784.64,sell,30.0,30.0,,,,,,1753084255.149
638,ETH-258916689,1753084533911,0,0.0305,0.030383,75.95,ETH-25JUL25-3800-C,3787.11,buy,78.0,78.0,,,,,,1753084533.911
639,ETH-258916690,1753084533917,1,0.0305,0.030383,75.95,ETH-25JUL25-3800-C,3787.11,buy,72.0,72.0,,,,,,1753084533.917
640,ETH-258916785,1753084564497,1,0.0305,0.03068,75.38,ETH-25JUL25-3800-C,3789.11,sell,90.0,90.0,,,,,,1753084564.497
641,ETH-258916788,1753084564506,1,0.0305,0.03068,75.38,ETH-25JUL25-3800-C,3789.11,sell,60.0,60.0,,,,,,1753084564.506
642,ETH-258917134,1753084717323,1,0.0305,0.030745,75.27,ETH-25JUL25-3800-C,3789.93,sell,2.0,2.0,,,,,,1753084717.323
644,ETH-258919508,1753086310802,1,0.0325,0.032044,75.7,ETH-25JUL25-3800-C,3804.76,buy,6.0,6.0,,,,,,1753086310.802
643,ETH-258919507,1753086310802,0,0.0325,0.032044,75.7,ETH-25JUL25-3800-C,3804.76,buy,18.0,18.0,,,,,,1753086310.802
645,ETH-258921372,1753087141611,2,0.0315,0.031769,74.23,ETH-25JUL25-3800-C,3801.61,sell,2.0,2.0,,,,,,1753087141.611
646,ETH-258922267,1753087643598,2,0.03,0.029966,75.24,ETH-25JUL25-3800-C,3786.93,sell,27.0,27.0,,,,,,1753087643.598
647,ETH-258922370,1753087711877,2,0.0295,0.029627,75.09,ETH-25JUL25-3800-C,3783.53,sell,30.0,30.0,,,,,,1753087711.877
649,ETH-258922517,1753087814543,1,0.03,0.030015,75.24,ETH-25JUL25-3800-C,3787.05,sell,1.0,1.0,,,,,,1753087814.543
650,ETH-258922518,1753087814543,1,0.03,0.030015,75.24,ETH-25JUL25-3800-C,3787.05,sell,2.0,2.0,,,,,,1753087814.543
648,ETH-258922516,1753087814543,0,0.03,0.030015,75.24,ETH-25JUL25-3800-C,3787.05,sell,1.0,1.0,,,,,,1753087814.543
651,ETH-258922805,1753087911186,2,0.029,0.029471,74.01,ETH-25JUL25-3800-C,3783.3,sell,11.0,11.0,,,,,,1753087911.186
652,ETH-258922861,1753087911724,3,0.029,0.029471,74.01,ETH-25JUL25-3800-C,3783.3,sell,19.0,19.0,,,,,,1753087911.724
653,ETH-258923174,1753087956147,2,0.0285,0.028815,74.69,ETH-25JUL25-3800-C,3776.93,sell,30.0,30.0,,,,,,1753087956.147
654,ETH-258923299,1753087973613,2,0.028,0.02808,75.09,ETH-25JUL25-3800-C,3771.75,sell,30.0,30.0,,,,,,1753087973.613
655,ETH-258923369,1753087990114,2,0.0275,0.027494,75.57,ETH-25JUL25-3800-C,3766.12,sell,12.0,12.0,,,,,,1753087990.114
657,ETH-258925906,1753090148647,1,0.028,0.028443,74.03,ETH-25JUL25-3800-C,3774.74,sell,18.0,18.0,,,,,,1753090148.647
656,ETH-258925905,1753090148647,0,0.028,0.028443,74.03,ETH-25JUL25-3800-C,3774.74,sell,5.0,5.0,,,,,,1753090148.647
658,ETH-258925907,1753090148649,1,0.028,0.028443,74.03,ETH-25JUL25-3800-C,3774.74,buy,12.0,12.0,,,,,,1753090148.649
659,ETH-258926309,1753090531353,0,0.029,0.028295,76.66,ETH-25JUL25-3800-C,3774.25,buy,10.0,10.0,,,,,,1753090531.353
660,ETH-258926577,1753090670497,2,0.0275,0.027588,75.04,ETH-25JUL25-3800-C,3767.49,sell,18.0,18.0,,,,,,1753090670.497
661,ETH-258926910,1753090843099,2,0.027,0.027242,74.29,ETH-25JUL25-3800-C,3765.75,sell,20.0,20.0,,,,,,1753090843.099
662,ETH-258926921,1753090843160,3,0.027,0.027242,74.29,ETH-25JUL25-3800-C,3765.75,sell,10.0,10.0,,,,,,1753090843.16
663,ETH-258930745,1753094529354,0,0.0305,0.030218,76.29,ETH-25JUL25-3800-C,3788.88,buy,1.0,1.0,,,,,,1753094529.354
664,ETH-258931583,1753094857371,0,0.0345,0.034027,77.2,ETH-25JUL25-3800-C,3816.27,buy,12.0,12.0,,,,,,1753094857.371
665,ETH-258931625,1753094857525,1,0.0345,0.034005,77.13,ETH-25JUL25-3800-C,3816.42,buy,107.0,107.0,,,,,,1753094857.525
666,ETH-258935919,1753097069402,0,0.036,0.035018,79.09,ETH-25JUL25-3800-C,3821.95,buy,20.0,20.0,,,,,,1753097069.402
667,ETH-258935938,1753097069442,1,0.036,0.035018,79.09,ETH-25JUL25-3800-C,3821.95,buy,7.0,7.0,,,,,,1753097069.442
668,ETH-258938362,1753097662101,0,0.038,0.037597,78.68,ETH-25JUL25-3800-C,3837.13,sell,4.0,4.0,,,,,,1753097662.101
669,ETH-258938763,1753097783664,2,0.0365,0.036235,77.99,ETH-25JUL25-3800-C,3829.01,buy,4.0,4.0,,,,,,1753097783.664
670,ETH-258940035,1753098408992,2,0.035,0.035168,77.41,ETH-25JUL25-3800-C,3819.52,sell,2.0,2.0,,,,,,1753098408.992
671,ETH-258940036,1753098408992,2,0.0345,0.035168,76.18,ETH-25JUL25-3800-C,3819.52,sell,8.0,8.0,,,,,,1753098408.992
672,ETH-258949109,1753102977946,2,0.033,0.033059,77.87,ETH-25JUL25-3800-C,3805.54,sell,5.0,5.0,,,,,,1753102977.946
673,ETH-258949225,1753102992653,2,0.0325,0.032652,77.61,ETH-25JUL25-3800-C,3802.53,sell,5.0,5.0,,,,,,1753102992.653
674,ETH-258949864,1753103112157,2,0.032,0.031955,78.24,ETH-25JUL25-3800-C,3796.77,sell,5.0,5.0,,,,,,1753103112.157
675,ETH-258950021,1753103114084,2,0.0315,0.031904,78.01,ETH-25JUL25-3800-C,3793.71,sell,5.0,5.0,,,,,,1753103114.084
676,ETH-258950226,1753103128183,2,0.031,0.030985,78.53,ETH-25JUL25-3800-C,3788.23,sell,5.0,5.0,,,,,,1753103128.183
677,ETH-258951652,1753103560998,2,0.0305,0.030408,78.86,ETH-25JUL25-3800-C,3783.27,sell,5.0,5.0,,,,,,1753103560.998
678,ETH-258952036,1753103591116,2,0.03,0.029941,78.77,ETH-25JUL25-3800-C,3779.58,sell,5.0,5.0,,,,,,1753103591.116
679,ETH-258968163,1753108489673,0,0.039,0.038503,78.89,ETH-25JUL25-3800-C,3848.59,buy,15.0,15.0,,,,,,1753108489.673
680,ETH-258968167,1753108489728,1,0.039,0.038503,78.89,ETH-25JUL25-3800-C,3848.59,buy,70.0,70.0,,,,,,1753108489.728
681,ETH-258968169,1753108489738,1,0.039,0.038503,78.89,ETH-25JUL25-3800-C,3848.59,buy,15.0,15.0,,,,,,1753108489.738
682,ETH-258968393,1753108511462,1,0.039,0.038857,78.06,ETH-25JUL25-3800-C,3850.84,sell,2.0,2.0,,,,,,1753108511.462
683,ETH-258972110,1753109411409,2,0.0385,0.038473,78.15,ETH-25JUL25-3800-C,3848.73,buy,29.0,29.0,,,,,,1753109411.409
684,ETH-258972148,1753109425065,3,0.0385,0.038419,78.12,ETH-25JUL25-3800-C,3848.79,buy,11.0,11.0,,,,,,1753109425.065
685,ETH-258972162,1753109430064,3,0.0385,0.038554,77.76,ETH-25JUL25-3800-C,3849.71,buy,60.0,60.0,,,,,,1753109430.064
686,ETH-258975809,1753111113029,2,0.0372,0.037604,76.54,ETH-25JUL25-3800-C,3844.29,sell,250.0,250.0,2.0,BLOCK-212419,ETH-CDIAG-1AUG25_25JUL25-4000_3800,,,1753111113.029
687,ETH-258982030,1753113905755,2,0.0325,0.032891,75.02,ETH-25JUL25-3800-C,3815.45,sell,7.0,7.0,,,,,,1753113905.755
688,ETH-258982076,1753113909986,2,0.032,0.032381,75.19,ETH-25JUL25-3800-C,3811.38,sell,8.0,8.0,,,,,,1753113909.986
689,ETH-258982426,1753113983066,2,0.0315,0.031833,75.02,ETH-25JUL25-3800-C,3807.96,sell,8.0,8.0,,,,,,1753113983.066
690,ETH-258982427,1753113983066,3,0.0315,0.031833,75.02,ETH-25JUL25-3800-C,3807.96,sell,1.0,1.0,,,,,,1753113983.066
691,ETH-258982622,1753114020922,2,0.031,0.031185,75.38,ETH-25JUL25-3800-C,3803.13,sell,8.0,8.0,,,,,,1753114020.922
692,ETH-258982708,1753114028133,2,0.0305,0.030788,75.33,ETH-25JUL25-3800-C,3799.62,sell,8.0,8.0,,,,,,1753114028.133
693,ETH-258983179,1753114088765,2,0.03,0.03016,75.46,ETH-25JUL25-3800-C,3795.21,sell,8.0,8.0,,,,,,1753114088.765
694,ETH-258984236,1753114365222,2,0.0295,0.029555,76.11,ETH-25JUL25-3800-C,3789.25,sell,13.0,13.0,,,,,,1753114365.222
695,ETH-258984238,1753114365371,3,0.0295,0.029555,76.11,ETH-25JUL25-3800-C,3789.25,sell,1.0,1.0,,,,,,1753114365.371
696,ETH-258984380,1753114382491,2,0.029,0.029094,76.08,ETH-25JUL25-3800-C,3785.49,sell,10.0,10.0,,,,,,1753114382.491
697,ETH-258985022,1753114537398,2,0.0285,0.028821,75.31,ETH-25JUL25-3800-C,3783.81,sell,1.0,1.0,,,,,,1753114537.398
698,ETH-258985023,1753114538460,0,0.029,0.028857,76.56,ETH-25JUL25-3800-C,3783.79,sell,5.0,5.0,,,,,,1753114538.46
699,ETH-258985063,1753114543322,2,0.0285,0.028857,75.57,ETH-25JUL25-3800-C,3782.99,sell,9.0,9.0,,,,,,1753114543.322
700,ETH-258985141,1753114556311,2,0.028,0.028188,75.94,ETH-25JUL25-3800-C,3777.84,sell,10.0,10.0,,,,,,1753114556.311
701,ETH-258987232,1753114844235,2,0.0265,0.02593,77.98,ETH-25JUL25-3800-C,3758.42,buy,100.0,100.0,,,,,,1753114844.235
702,ETH-258992234,1753115975318,0,0.03,0.029968,76.79,ETH-25JUL25-3800-C,3791.61,buy,13.0,13.0,,,,,,1753115975.318
703,ETH-258995179,1753116611707,2,0.026,0.025523,77.74,ETH-25JUL25-3800-C,3756.56,buy,62.0,62.0,,,,,,1753116611.707
704,ETH-258996546,1753117438177,0,0.028,0.028057,76.62,ETH-25JUL25-3800-C,3777.02,buy,7.0,7.0,,,,,,1753117438.177
705,ETH-258996548,1753117438935,1,0.028,0.028055,76.57,ETH-25JUL25-3800-C,3777.17,buy,30.0,30.0,,,,,,1753117438.935
706,ETH-258999357,1753119110457,2,0.0275,0.02784,75.9,ETH-25JUL25-3800-C,3776.33,sell,18.0,18.0,,,,,,1753119110.457
707,ETH-259007075,1753122129292,0,0.031,0.030312,78.75,ETH-25JUL25-3800-C,3796.75,buy,1.0,1.0,,,,,,1753122129.292
708,ETH-259009194,1753123023083,2,0.028,0.027876,77.41,ETH-25JUL25-3800-C,3777.43,sell,1.0,1.0,,,,,,1753123023.083
709,ETH-259009419,1753123150265,2,0.027,0.027138,76.81,ETH-25JUL25-3800-C,3770.73,buy,1.0,1.0,,,,,,1753123150.265
710,ETH-259019516,1753127235806,2,0.0225,0.022907,77.05,ETH-25JUL25-3800-C,3731.47,sell,1.0,1.0,,,,,,1753127235.806
711,ETH-259019746,1753127257221,2,0.022,0.022648,76.55,ETH-25JUL25-3800-C,3728.51,sell,1.0,1.0,,,,,,1753127257.221
712,ETH-259031242,1753132556043,0,0.025,0.024491,78.49,ETH-25JUL25-3800-C,3751.48,buy,10.0,10.0,,,,,,1753132556.043
713,ETH-259034528,1753137706080,0,0.027,0.026855,76.33,ETH-25JUL25-3800-C,3777.56,buy,2.0,2.0,,,,,,1753137706.08
715,ETH-259034621,1753137835714,1,0.0275,0.027182,76.92,ETH-25JUL25-3800-C,3779.56,buy,20.0,20.0,,,,,,1753137835.714
714,ETH-259034620,1753137835714,0,0.0275,0.027182,76.92,ETH-25JUL25-3800-C,3779.56,buy,30.0,30.0,,,,,,1753137835.714
716,ETH-259034622,1753137835716,1,0.0275,0.027182,76.92,ETH-25JUL25-3800-C,3779.56,sell,11.0,11.0,,,,,,1753137835.716
717,ETH-259039083,1753144535370,2,0.0235,0.023871,73.54,ETH-25JUL25-3800-C,3760.02,sell,1.0,1.0,,,,,,1753144535.37
718,ETH-259039085,1753144535414,3,0.0235,0.023871,73.54,ETH-25JUL25-3800-C,3760.02,sell,24.0,24.0,,,,,,1753144535.414
719,ETH-259052435,1753149216770,0,0.0275,0.027241,75.23,ETH-25JUL25-3800-C,3789.97,buy,82.0,82.0,,,,,,1753149216.77
720,ETH-259052466,1753149216804,1,0.0275,0.027241,75.23,ETH-25JUL25-3800-C,3789.97,buy,12.0,12.0,,,,,,1753149216.804
721,ETH-259052481,1753149216847,1,0.0275,0.027241,75.23,ETH-25JUL25-3800-C,3789.97,buy,6.0,6.0,,,,,,1753149216.847
722,ETH-259052482,1753149216847,1,0.0275,0.027241,75.23,ETH-25JUL25-3800-C,3789.97,buy,29.0,29.0,,,,,,1753149216.847
723,ETH-259052505,1753149216921,1,0.0275,0.027241,75.23,ETH-25JUL25-3800-C,3789.97,buy,24.0,24.0,,,,,,1753149216.921
724,ETH-259053511,1753149377723,0,0.029,0.028997,75.97,ETH-25JUL25-3800-C,3798.08,sell,20.0,20.0,,,,,,1753149377.723
725,ETH-259054275,1753149650145,2,0.0285,0.028745,75.56,ETH-25JUL25-3800-C,3796.27,sell,26.0,26.0,,,,,,1753149650.145
726,ETH-259054986,1753149955772,2,0.0275,0.027436,76.47,ETH-25JUL25-3800-C,3785.93,buy,3.0,3.0,,,,,,1753149955.772
727,ETH-259055015,1753149970863,3,0.0275,0.027478,76.16,ETH-25JUL25-3800-C,3786.9,buy,2.0,2.0,,,,,,1753149970.863
728,ETH-259056772,1753152170845,2,0.025,0.025642,73.72,ETH-25JUL25-3800-C,3775.29,sell,24.0,24.0,,,,,,1753152170.845
729,ETH-259062199,1753155446281,2,0.019,0.019474,75.68,ETH-25JUL25-3800-C,3717.0,sell,88.0,88.0,,,,,,1753155446.281
730,ETH-259065929,1753158697367,2,0.0185,0.018345,76.25,ETH-25JUL25-3800-C,3712.15,buy,11.0,11.0,,,,,,1753158697.367
731,ETH-259066724,1753159132753,2,0.0175,0.01793,74.51,ETH-25JUL25-3800-C,3708.72,sell,10.0,10.0,,,,,,1753159132.753
732,ETH-259071112,1753160200173,2,0.015,0.015667,75.23,ETH-25JUL25-3800-C,3679.4,sell,2.0,2.0,,,,,,1753160200.173
733,ETH-259071113,1753160200175,3,0.015,0.015667,75.23,ETH-25JUL25-3800-C,3679.4,buy,36.0,36.0,,,,,,1753160200.175
734,ETH-259071114,1753160200175,3,0.015,0.015667,75.23,ETH-25JUL25-3800-C,3679.4,buy,20.0,20.0,,,,,,1753160200.175
735,ETH-259071115,1753160200177,3,0.015,0.015667,75.23,ETH-25JUL25-3800-C,3679.4,buy,20.0,20.0,,,,,,1753160200.177
736,ETH-259071116,1753160200180,3,0.015,0.015667,75.23,ETH-25JUL25-3800-C,3679.4,buy,20.0,20.0,,,,,,1753160200.18
737,ETH-259071117,1753160200187,3,0.015,0.015667,75.23,ETH-25JUL25-3800-C,3679.4,buy,60.0,60.0,,,,,,1753160200.187
738,ETH-259071118,1753160200190,3,0.015,0.015667,75.23,ETH-25JUL25-3800-C,3679.4,buy,60.0,60.0,,,,,,1753160200.19
739,ETH-259071119,1753160200193,3,0.015,0.015667,75.23,ETH-25JUL25-3800-C,3679.4,buy,60.0,60.0,,,,,,1753160200.193
740,ETH-259071120,1753160200196,3,0.015,0.015667,75.23,ETH-25JUL25-3800-C,3679.4,buy,20.0,20.0,,,,,,1753160200.196
741,ETH-259073340,1753160435690,2,0.0145,0.014113,77.99,ETH-25JUL25-3800-C,3662.99,buy,1.0,1.0,,,,,,1753160435.69
742,ETH-259076609,1753161223972,0,0.016,0.015877,76.52,ETH-25JUL25-3800-C,3685.33,buy,2.0,2.0,,,,,,1753161223.972
743,ETH-259082666,1753163873558,2,0.0155,0.016047,73.67,ETH-25JUL25-3800-C,3691.58,sell,18.0,18.0,,,,,,1753163873.558
744,ETH-259086964,1753166852092,0,0.016,0.01598,74.38,ETH-25JUL25-3800-C,3695.93,buy,2.0,2.0,,,,,,1753166852.092
745,ETH-259087022,1753166879897,1,0.016,0.015906,74.71,ETH-25JUL25-3800-C,3694.86,buy,10.0,10.0,,,,,,1753166879.897
746,ETH-259090171,1753169196631,0,0.0175,0.017402,74.29,ETH-25JUL25-3800-C,3713.17,sell,1.0,1.0,,,,,,1753169196.631
747,ETH-259092209,1753170597165,2,0.0155,0.015562,73.86,ETH-25JUL25-3800-C,3694.83,sell,1.0,1.0,,,,,,1753170597.165
748,ETH-259093555,1753170980308,2,0.014,0.013944,73.99,ETH-25JUL25-3800-C,3677.92,sell,1.0,1.0,,,,,,1753170980.308
749,ETH-259095439,1753171648056,2,0.012,0.012202,73.31,ETH-25JUL25-3800-C,3656.37,sell,1.0,1.0,,,,,,1753171648.056
750,ETH-259095620,1753171651791,3,0.012,0.011846,75.34,ETH-25JUL25-3800-C,3648.57,sell,1.0,1.0,,,,,,1753171651.791
751,ETH-259095991,1753171669317,2,0.0115,0.011349,74.19,ETH-25JUL25-3800-C,3646.42,sell,1.0,1.0,,,,,,1753171669.317
752,ETH-259096126,1753171689170,3,0.0115,0.011218,74.63,ETH-25JUL25-3800-C,3644.37,sell,1.0,1.0,,,,,,1753171689.17
753,ETH-259096563,1753171785588,0,0.012,0.011712,74.88,ETH-25JUL25-3800-C,3649.87,sell,1.0,1.0,,,,,,1753171785.588
754,ETH-259097099,1753171999506,2,0.0115,0.011317,74.67,ETH-25JUL25-3800-C,3644.49,sell,1.0,1.0,,,,,,1753171999.506
755,ETH-259097100,1753171999506,3,0.0115,0.011317,74.67,ETH-25JUL25-3800-C,3644.49,sell,1.0,1.0,,,,,,1753171999.506
756,ETH-259097235,1753172038412,3,0.0115,0.011497,74.14,ETH-25JUL25-3800-C,3646.56,sell,1.0,1.0,,,,,,1753172038.412
757,ETH-259097397,1753172101528,3,0.0115,0.011081,75.27,ETH-25JUL25-3800-C,3641.98,sell,1.0,1.0,,,,,,1753172101.528
758,ETH-259099063,1753172328880,2,0.011,0.01096,74.16,ETH-25JUL25-3800-C,3639.31,buy,1.0,1.0,,,,,,1753172328.88
759,ETH-259101209,1753172759710,2,0.01,0.01013,73.52,ETH-25JUL25-3800-C,3628.18,sell,9.0,9.0,,,,,,1753172759.71
760,ETH-259101371,1753172770821,3,0.01,0.009874,74.21,ETH-25JUL25-3800-C,3625.35,sell,4.0,4.0,,,,,,1753172770.821
761,ETH-259101428,1753172777124,3,0.01,0.009994,73.89,ETH-25JUL25-3800-C,3626.79,sell,2.0,2.0,,,,,,1753172777.124
762,ETH-259101989,1753172936078,3,0.01,0.010367,72.74,ETH-25JUL25-3800-C,3632.25,sell,20.0,20.0,,,,,,1753172936.078
763,ETH-259102024,1753172949612,3,0.01,0.010314,72.8,ETH-25JUL25-3800-C,3631.95,sell,5.0,5.0,,,,,,1753172949.612
764,ETH-259102025,1753172949612,3,0.01,0.010314,72.8,ETH-25JUL25-3800-C,3631.95,sell,2.0,2.0,,,,,,1753172949.612
765,ETH-259102415,1753173067118,3,0.01,0.010167,72.31,ETH-25JUL25-3800-C,3633.45,buy,10.0,10.0,,,,,,1753173067.118
766,ETH-259102416,1753173067118,3,0.01,0.010167,72.31,ETH-25JUL25-3800-C,3633.45,buy,1.0,1.0,,,,,,1753173067.118
767,ETH-259104715,1753173646544,0,0.011,0.010874,72.85,ETH-25JUL25-3800-C,3645.02,sell,12.0,12.0,,,,,,1753173646.544
768,ETH-259104946,1753173750245,0,0.0115,0.011374,73.53,ETH-25JUL25-3800-C,3648.93,sell,138.0,138.0,,,,,,1753173750.245
769,ETH-259108080,1753174755628,2,0.011,0.010954,71.86,ETH-25JUL25-3800-C,3650.35,buy,1.0,1.0,,,,,,1753174755.628
770,ETH-259108930,1753175187120,2,0.0095,0.009881,70.31,ETH-25JUL25-3800-C,3636.05,sell,3.0,3.0,,,,,,1753175187.12
771,ETH-259108935,1753175187847,3,0.0095,0.009881,70.31,ETH-25JUL25-3800-C,3636.05,sell,3.0,3.0,,,,,,1753175187.847
772,ETH-259108936,1753175187847,3,0.0095,0.009881,70.31,ETH-25JUL25-3800-C,3636.05,sell,40.0,40.0,,,,,,1753175187.847
773,ETH-259109263,1753175320348,3,0.0095,0.009677,71.05,ETH-25JUL25-3800-C,3632.99,sell,9.0,9.0,,,,,,1753175320.348
774,ETH-259109264,1753175320354,3,0.0095,0.009677,71.05,ETH-25JUL25-3800-C,3632.99,buy,8.0,8.0,,,,,,1753175320.354
775,ETH-259109265,1753175320358,3,0.0095,0.009677,71.05,ETH-25JUL25-3800-C,3632.99,buy,2.0,2.0,,,,,,1753175320.358
776,ETH-259109313,1753175328360,3,0.0095,0.009679,71.11,ETH-25JUL25-3800-C,3632.72,buy,1.0,1.0,,,,,,1753175328.36
777,ETH-259109641,1753175459065,2,0.009,0.009615,69.65,ETH-25JUL25-3800-C,3631.44,sell,47.0,47.0,,,,,,1753175459.065
778,ETH-259109642,1753175459065,3,0.009,0.009615,69.65,ETH-25JUL25-3800-C,3631.44,sell,3.0,3.0,,,,,,1753175459.065
779,ETH-259109765,1753175493543,0,0.01,0.009774,72.45,ETH-25JUL25-3800-C,3634.14,buy,25.0,25.0,,,,,,1753175493.543
780,ETH-259112016,1753176082005,2,0.0085,0.008681,69.38,ETH-25JUL25-3800-C,3625.02,buy,1.0,1.0,,,,,,1753176082.005
781,ETH-259112709,1753176300918,0,0.009,0.008988,69.77,ETH-25JUL25-3800-C,3630.91,buy,1.0,1.0,,,,,,1753176300.918
783,ETH-259113253,1753176405165,1,0.0095,0.009615,69.0,ETH-25JUL25-3800-C,3641.43,buy,2.0,2.0,,,,,,1753176405.165
782,ETH-259113252,1753176405165,0,0.0095,0.009615,69.0,ETH-25JUL25-3800-C,3641.43,buy,10.0,10.0,,,,,,1753176405.165
784,ETH-259113261,1753176405195,1,0.0095,0.009615,69.0,ETH-25JUL25-3800-C,3641.43,buy,8.0,8.0,,,,,,1753176405.195
785,ETH-259113294,1753176412560,0,0.01,0.009836,70.11,ETH-25JUL25-3800-C,3643.81,buy,1.0,1.0,,,,,,1753176412.56
786,ETH-259113967,1753176558803,1,0.01,0.009901,69.89,ETH-25JUL25-3800-C,3645.32,buy,1.0,1.0,,,,,,1753176558.803
787,ETH-259114244,1753176703343,2,0.0095,0.009969,67.7,ETH-25JUL25-3800-C,3647.52,sell,52.0,52.0,,,,,,1753176703.343
788,ETH-259114429,1753176866523,0,0.01,0.010066,69.2,ETH-25JUL25-3800-C,3648.56,buy,2.0,2.0,,,,,,1753176866.523
789,ETH-259114430,1753176866525,1,0.01,0.010066,69.2,ETH-25JUL25-3800-C,3648.56,sell,1.0,1.0,,,,,,1753176866.525
790,ETH-259114841,1753177036009,0,0.0105,0.0106,68.87,ETH-25JUL25-3800-C,3656.55,sell,1.0,1.0,,,,,,1753177036.009
791,ETH-259116705,1753177854548,1,0.0105,0.010644,67.87,ETH-25JUL25-3800-C,3661.39,sell,1.0,1.0,,,,,,1753177854.548
792,ETH-259118616,1753178974281,0,0.011,0.010961,68.17,ETH-25JUL25-3800-C,3667.45,sell,1.0,1.0,,,,,,1753178974.281
793,ETH-259118684,1753179075119,2,0.0105,0.011094,66.03,ETH-25JUL25-3800-C,3669.62,sell,2.0,2.0,,,,,,1753179075.119
794,ETH-259120662,1753180225759,0,0.0115,0.011494,67.48,ETH-25JUL25-3800-C,3677.17,buy,12.0,12.0,,,,,,1753180225.759
795,ETH-259121849,1753181331736,0,0.0125,0.01221,68.49,ETH-25JUL25-3800-C,3686.3,buy,1.0,1.0,,,,,,1753181331.736
796,ETH-259121892,1753181422804,1,0.0125,0.012276,68.15,ETH-25JUL25-3800-C,3687.5,buy,5.0,5.0,,,,,,1753181422.804
797,ETH-259121965,1753181492955,1,0.0125,0.012489,67.47,ETH-25JUL25-3800-C,3689.96,sell,1.0,1.0,,,,,,1753181492.955
798,ETH-259121999,1753181564447,1,0.0125,0.012563,67.26,ETH-25JUL25-3800-C,3690.83,sell,2.0,2.0,,,,,,1753181564.447
799,ETH-259123014,1753182132910,1,0.0125,0.012537,67.28,ETH-25JUL25-3800-C,3691.41,sell,5.0,5.0,,,,,,1753182132.91
800,ETH-259123018,1753182133168,1,0.0125,0.012527,67.31,ETH-25JUL25-3800-C,3691.28,sell,3.0,3.0,,,,,,1753182133.168
801,ETH-259123477,1753182523953,0,0.0135,0.013459,67.26,ETH-25JUL25-3800-C,3702.32,buy,2.0,2.0,,,,,,1753182523.953
802,ETH-259125049,1753183519811,2,0.0125,0.013024,65.51,ETH-25JUL25-3800-C,3698.79,sell,1.0,1.0,,,,,,1753183519.811
803,ETH-259125937,1753183888599,3,0.0125,0.012861,66.14,ETH-25JUL25-3800-C,3697.01,sell,6.0,6.0,,,,,,1753183888.599
804,ETH-259125938,1753183888651,3,0.0125,0.012861,66.14,ETH-25JUL25-3800-C,3697.01,sell,10.0,10.0,,,,,,1753183888.651
805,ETH-259126732,1753184719611,0,0.013,0.013227,66.41,ETH-25JUL25-3800-C,3701.82,sell,20.0,20.0,,,,,,1753184719.611
806,ETH-259129204,1753186233958,0,0.014,0.014002,68.4,ETH-25JUL25-3800-C,3706.5,sell,15.0,15.0,,,,,,1753186233.958
807,ETH-259129255,1753186330239,0,0.0145,0.014197,69.47,ETH-25JUL25-3800-C,3708.14,buy,1.0,1.0,,,,,,1753186330.239
808,ETH-259130405,1753187538430,2,0.013,0.012927,68.86,ETH-25JUL25-3800-C,3694.86,buy,2.0,2.0,,,,,,1753187538.43
809,ETH-259130888,1753187830192,0,0.014,0.014214,67.82,ETH-25JUL25-3800-C,3709.24,sell,33.0,33.0,,,,,,1753187830.192
810,ETH-259131833,1753189127670,2,0.0135,0.013773,67.59,ETH-25JUL25-3800-C,3704.97,sell,1.0,1.0,,,,,,1753189127.67
811,ETH-259131933,1753189318218,0,0.014,0.013823,68.93,ETH-25JUL25-3800-C,3706.03,buy,3.0,3.0,,,,,,1753189318.218
812,ETH-259133930,1753190691349,2,0.013,0.012967,68.57,ETH-25JUL25-3800-C,3697.03,buy,2.0,2.0,,,,,,1753190691.349
814,ETH-259138811,1753191948825,3,0.012,0.012261,68.31,ETH-25JUL25-3800-C,3687.21,sell,20.0,20.0,,,,,,1753191948.825
813,ETH-259138810,1753191948825,2,0.012,0.012261,68.31,ETH-25JUL25-3800-C,3687.21,sell,21.0,21.0,,,,,,1753191948.825
815,ETH-259138812,1753191948827,3,0.012,0.012261,68.31,ETH-25JUL25-3800-C,3687.21,buy,9.0,9.0,,,,,,1753191948.827
816,ETH-259139249,1753192110529,2,0.011,0.011156,68.6,ETH-25JUL25-3800-C,3673.85,buy,50.0,50.0,,,,,,1753192110.529
817,ETH-259141345,1753192395233,2,0.0095,0.009478,69.18,ETH-25JUL25-3800-C,3651.2,sell,1.0,1.0,,,,,,1753192395.233
818,ETH-259141346,1753192395238,3,0.0095,0.009478,69.18,ETH-25JUL25-3800-C,3651.2,buy,151.0,151.0,,,,,,1753192395.238
819,ETH-259141347,1753192395255,3,0.0095,0.009478,69.18,ETH-25JUL25-3800-C,3651.2,buy,1.0,1.0,,,,,,1753192395.255
820,ETH-259141389,1753192398401,3,0.0095,0.009454,69.09,ETH-25JUL25-3800-C,3651.55,buy,200.0,200.0,,,,,,1753192398.401
821,ETH-259141390,1753192398416,3,0.0095,0.009454,69.09,ETH-25JUL25-3800-C,3651.55,buy,128.0,128.0,,,,,,1753192398.416
822,ETH-259141391,1753192398423,3,0.0095,0.009454,69.09,ETH-25JUL25-3800-C,3651.55,buy,19.0,19.0,,,,,,1753192398.423
824,ETH-259141544,1753192430047,1,0.01,0.009644,70.15,ETH-25JUL25-3800-C,3654.14,buy,94.0,94.0,,,,,,1753192430.047
825,ETH-259141545,1753192430047,0,0.0105,0.009644,71.87,ETH-25JUL25-3800-C,3654.14,buy,100.0,100.0,,,,,,1753192430.047
826,ETH-259141546,1753192430047,1,0.0105,0.009644,71.87,ETH-25JUL25-3800-C,3654.14,buy,302.0,302.0,,,,,,1753192430.047
823,ETH-259141543,1753192430047,0,0.01,0.009644,70.15,ETH-25JUL25-3800-C,3654.14,buy,4.0,4.0,,,,,,1753192430.047
831,ETH-259141562,1753192434323,1,0.0105,0.009603,72.17,ETH-25JUL25-3800-C,3653.01,buy,60.0,60.0,,,,,,1753192434.323
827,ETH-259141558,1753192434323,1,0.0105,0.009603,72.17,ETH-25JUL25-3800-C,3653.01,buy,111.0,111.0,,,,,,1753192434.323
830,ETH-259141561,1753192434323,1,0.0105,0.009603,72.17,ETH-25JUL25-3800-C,3653.01,buy,93.0,93.0,,,,,,1753192434.323
828,ETH-259141559,1753192434323,1,0.0105,0.009603,72.17,ETH-25JUL25-3800-C,3653.01,buy,36.0,36.0,,,,,,1753192434.323
829,ETH-259141560,1753192434323,1,0.0105,0.009603,72.17,ETH-25JUL25-3800-C,3653.01,buy,200.0,200.0,,,,,,1753192434.323
832,ETH-259141582,1753192434726,2,0.01,0.009579,70.48,ETH-25JUL25-3800-C,3652.87,buy,2.0,2.0,,,,,,1753192434.726
833,ETH-259142054,1753192466192,2,0.0095,0.009757,68.5,ETH-25JUL25-3800-C,3653.79,sell,1.0,1.0,,,,,,1753192466.192
834,ETH-259150500,1753195228637,0,0.011,0.011409,68.27,ETH-25JUL25-3800-C,3677.05,sell,1.0,1.0,,,,,,1753195228.637
835,ETH-259150501,1753195229377,1,0.011,0.011409,68.27,ETH-25JUL25-3800-C,3677.05,sell,23.0,23.0,,,,,,1753195229.377
836,ETH-259153201,1753196355649,0,0.0135,0.013265,69.72,ETH-25JUL25-3800-C,3701.15,buy,1.0,1.0,,,,,,1753196355.649
837,ETH-259153637,1753196467648,2,0.013,0.01369,66.83,ETH-25JUL25-3800-C,3705.88,sell,2.0,2.0,,,,,,1753196467.648
838,ETH-259154744,1753197161552,2,0.0125,0.013293,66.34,ETH-25JUL25-3800-C,3702.6,sell,1.0,1.0,,,,,,1753197161.552
839,ETH-259154788,1753197230504,0,0.013,0.013336,67.57,ETH-25JUL25-3800-C,3703.78,sell,1.0,1.0,,,,,,1753197230.504
840,ETH-259154869,1753197277344,0,0.0135,0.013744,67.83,ETH-25JUL25-3800-C,3708.14,buy,1.0,1.0,,,,,,1753197277.344
841,ETH-259154973,1753197353153,1,0.0135,0.013633,67.98,ETH-25JUL25-3800-C,3707.69,buy,1.0,1.0,,,,,,1753197353.153
842,ETH-259155225,1753197508209,0,0.014,0.013968,68.0,ETH-25JUL25-3800-C,3713.08,buy,1.0,1.0,,,,,,1753197508.209
843,ETH-259155986,1753197739031,0,0.0155,0.015518,68.47,ETH-25JUL25-3800-C,3726.62,buy,1.0,1.0,,,,,,1753197739.031
844,ETH-259156098,1753197782474,1,0.0155,0.015741,68.19,ETH-25JUL25-3800-C,3727.82,sell,1.0,1.0,,,,,,1753197782.474
845,ETH-259156416,1753197817514,1,0.0155,0.015897,67.52,ETH-25JUL25-3800-C,3730.0,sell,11.0,11.0,,,,,,1753197817.514
846,ETH-259156843,1753197863369,2,0.014,0.014621,66.75,ETH-25JUL25-3800-C,3717.73,sell,5.0,5.0,,,,,,1753197863.369
847,ETH-259157343,1753198110171,0,0.0145,0.014595,68.54,ETH-25JUL25-3800-C,3716.5,sell,1.0,1.0,,,,,,1753198110.171
848,ETH-259157344,1753198113465,1,0.0145,0.014592,68.13,ETH-25JUL25-3800-C,3717.81,sell,1.0,1.0,,,,,,1753198113.465
849,ETH-259157683,1753198442532,1,0.0145,0.014577,68.83,ETH-25JUL25-3800-C,3715.79,buy,1.0,1.0,,,,,,1753198442.532
850,ETH-259163035,1753200933649,0,0.018,0.017858,69.53,ETH-25JUL25-3800-C,3749.09,buy,2.0,2.0,,,,,,1753200933.649
851,ETH-259163426,1753201025656,2,0.0175,0.017777,68.55,ETH-25JUL25-3800-C,3748.6,sell,5.0,5.0,,,,,,1753201025.656
852,ETH-259163619,1753201071664,3,0.0175,0.017891,68.24,ETH-25JUL25-3800-C,3749.57,sell,6.0,6.0,,,,,,1753201071.664
853,ETH-259163620,1753201072914,3,0.0175,0.017902,68.23,ETH-25JUL25-3800-C,3749.59,sell,1.0,1.0,,,,,,1753201072.914
854,ETH-259168768,1753204335461,2,0.0115,0.012159,66.48,ETH-25JUL25-3800-C,3694.39,sell,200.0,200.0,,,,,,1753204335.461
