trade_seq,trade_id,timestamp,tick_direction,price,mark_price,iv,instrument_name,index_price,direction,contracts,block_trade_leg_count,block_trade_id,amount,combo_id,combo_trade_id,block_rfq_id,unix_sec
2386,ETH-256161554,1751303643086,0,0.0445,0.044081,61.8,ETH-25JUL25-2600-C,2479.28,buy,1.0,,,1.0,,,,1751303643.086
2387,ETH-256161835,1751303653195,0,0.045,0.04473,61.67,ETH-25JUL25-2600-C,2483.36,buy,1.0,,,1.0,,,,1751303653.195
2388,ETH-256165184,1751306177984,0,0.046,0.045712,61.56,ETH-25JUL25-2600-C,2490.79,buy,1.0,,,1.0,,,,1751306177.984
2389,ETH-256170884,1751311296750,0,0.048,0.047772,61.59,ETH-25JUL25-2600-C,2504.12,buy,1.0,,,1.0,,,,1751311296.75
2390,ETH-256171161,1751311383185,0,0.0485,0.048158,61.79,ETH-25JUL25-2600-C,2506.24,buy,1.0,,,1.0,,,,1751311383.185
2391,ETH-256171162,1751311383185,1,0.0485,0.048158,61.79,ETH-25JUL25-2600-C,2506.24,buy,12.0,,,12.0,,,,1751311383.185
2392,ETH-256171163,1751311383188,1,0.0485,0.048158,61.79,ETH-25JUL25-2600-C,2506.24,sell,77.0,,,77.0,,,,1751311383.188
2394,ETH-256171283,1751311441652,1,0.049,0.048386,61.97,ETH-25JUL25-2600-C,2508.08,buy,13.0,,,13.0,,,,1751311441.652
2393,ETH-256171282,1751311441652,0,0.049,0.048386,61.97,ETH-25JUL25-2600-C,2508.08,buy,12.0,,,12.0,,,,1751311441.652
2395,ETH-256171773,1751311654377,0,0.05,0.049809,61.64,ETH-25JUL25-2600-C,2516.35,buy,1.0,,,1.0,,,,1751311654.377
2396,ETH-256178550,1751316717798,2,0.0485,0.048231,61.48,ETH-25JUL25-2600-C,2508.46,buy,1.0,,,1.0,,,,1751316717.798
2397,ETH-256178551,1751316717798,3,0.0485,0.048231,61.48,ETH-25JUL25-2600-C,2508.46,buy,6.0,,,6.0,,,,1751316717.798
2398,ETH-256178552,1751316717813,3,0.0485,0.048231,61.48,ETH-25JUL25-2600-C,2508.46,sell,3.0,,,3.0,,,,1751316717.813
2399,ETH-256179289,1751317806801,2,0.0465,0.046656,61.0,ETH-25JUL25-2600-C,2498.81,buy,1.0,,,1.0,,,,1751317806.801
2400,ETH-256180207,1751318632942,3,0.0465,0.046509,61.18,ETH-25JUL25-2600-C,2497.5,sell,1.0,,,1.0,,,,1751318632.942
2401,ETH-256197404,1751344981045,2,0.0415,0.041545,59.73,ETH-25JUL25-2600-C,2476.39,sell,2.0,,,2.0,,,,1751344981.045
2402,ETH-256200517,1751347516544,2,0.039,0.038686,60.29,ETH-25JUL25-2600-C,2455.4,buy,1.0,,,1.0,,,,1751347516.544
2403,ETH-256200518,1751347516547,3,0.039,0.038686,60.29,ETH-25JUL25-2600-C,2455.4,sell,2.0,,,2.0,,,,1751347516.547
2404,ETH-256202986,1751349762576,3,0.039,0.039019,59.96,ETH-25JUL25-2600-C,2458.01,sell,1.0,,,1.0,,,,1751349762.576
2405,ETH-256207659,1751355724637,0,0.04,0.039569,60.28,ETH-25JUL25-2600-C,2464.26,buy,1.0,,,1.0,,,,1751355724.637
2406,ETH-256211106,1751359043620,2,0.0385,0.038497,59.69,ETH-25JUL25-2600-C,2458.18,buy,1.0,,,1.0,,,,1751359043.62
2407,ETH-256211550,1751359367366,2,0.0375,0.037946,59.19,ETH-25JUL25-2600-C,2454.62,sell,1.0,,,1.0,,,,1751359367.366
2408,ETH-256212824,1751361948707,3,0.0375,0.038064,58.7,ETH-25JUL25-2600-C,2457.93,sell,2.0,,,2.0,,,,1751361948.707
2409,ETH-256212869,1751362042834,3,0.0375,0.037935,58.82,ETH-25JUL25-2600-C,2457.13,sell,1.0,,,1.0,,,,1751362042.834
2410,ETH-256214039,1751363488919,3,0.0375,0.037672,58.98,ETH-25JUL25-2600-C,2456.09,buy,2.0,,,2.0,,,,1751363488.919
2411,ETH-256214160,1751363763025,3,0.0375,0.037752,58.86,ETH-25JUL25-2600-C,2456.97,buy,2.0,,,2.0,,,,1751363763.025
2412,ETH-256216237,1751366341623,2,0.0365,0.03674,58.65,ETH-25JUL25-2600-C,2452.05,sell,8.0,,,8.0,,,,1751366341.623
2413,ETH-256216240,1751366341639,3,0.0365,0.03674,58.65,ETH-25JUL25-2600-C,2452.05,sell,2.0,,,2.0,,,,1751366341.639
2414,ETH-256216697,1751366916831,3,0.0365,0.036639,58.71,ETH-25JUL25-2600-C,2451.68,buy,21.0,,,21.0,,,,1751366916.831
2415,ETH-256238230,1751382482835,2,0.032,0.032501,58.55,ETH-25JUL25-2600-C,2420.69,sell,1.0,,,1.0,,,,1751382482.835
2416,ETH-256244722,1751389609646,0,0.0325,0.032167,59.14,ETH-25JUL25-2600-C,2420.69,buy,1.0,,,1.0,,,,1751389609.646
2417,ETH-256248596,1751395679285,2,0.032,0.031967,59.0,ETH-25JUL25-2600-C,2418.5,sell,1.0,,,1.0,,,,1751395679.285
2418,ETH-256252805,1751397859578,0,0.0325,0.032446,59.03,ETH-25JUL25-2600-C,2422.0,buy,2.0,,,2.0,,,,1751397859.578
2419,ETH-256253162,1751398502243,2,0.032,0.031895,59.07,ETH-25JUL25-2600-C,2418.2,buy,1.0,,,1.0,,,,1751398502.243
2420,ETH-256257190,1751400430507,2,0.0305,0.030484,58.88,ETH-25JUL25-2600-C,2407.67,buy,2.0,,,2.0,,,,1751400430.507
2421,ETH-256264809,1751407455841,3,0.0305,0.030511,58.77,ETH-25JUL25-2600-C,2409.3,buy,26.0,,,26.0,,,,1751407455.841
2422,ETH-256264810,1751407455848,3,0.0305,0.030511,58.77,ETH-25JUL25-2600-C,2409.3,buy,26.0,,,26.0,,,,1751407455.848
2423,ETH-256283307,1751424663368,0,0.031,0.031027,58.6,ETH-25JUL25-2600-C,2416.51,buy,2.0,,,2.0,,,,1751424663.368
2424,ETH-256283357,1751424921461,1,0.031,0.031035,58.61,ETH-25JUL25-2600-C,2416.48,buy,1.0,,,1.0,,,,1751424921.461
2425,ETH-256286397,1751427498366,0,0.0325,0.032165,58.72,ETH-25JUL25-2600-C,2427.51,buy,1.0,,,1.0,,,,1751427498.366
2426,ETH-256287083,1751428640435,1,0.0325,0.032313,58.44,ETH-25JUL25-2600-C,2429.72,buy,1.0,,,1.0,,,,1751428640.435
2427,ETH-256287326,1751428940469,1,0.0325,0.032323,58.51,ETH-25JUL25-2600-C,2429.34,buy,1.0,,,1.0,,,,1751428940.469
2429,ETH-256288388,1751431216657,1,0.033,0.032804,58.25,ETH-25JUL25-2600-C,2434.95,buy,1.0,,,1.0,,,,1751431216.657
2428,ETH-256288387,1751431216657,0,0.033,0.032804,58.25,ETH-25JUL25-2600-C,2434.95,buy,19.0,,,19.0,,,,1751431216.657
2430,ETH-256288389,1751431216660,1,0.033,0.032804,58.25,ETH-25JUL25-2600-C,2434.95,sell,30.0,,,30.0,,,,1751431216.66
2431,ETH-256289433,1751433173073,1,0.033,0.03275,58.25,ETH-25JUL25-2600-C,2435.57,buy,1.0,,,1.0,,,,1751433173.073
2432,ETH-256290899,1751434183115,0,0.0335,0.033289,58.21,ETH-25JUL25-2600-C,2439.73,buy,1.0,,,1.0,,,,1751434183.115
2433,ETH-256299505,1751444616363,0,0.035,0.035096,57.83,ETH-25JUL25-2600-C,2454.9,buy,2.0,,,2.0,,,,1751444616.363
2434,ETH-256299961,1751445067659,2,0.034,0.034612,57.28,ETH-25JUL25-2600-C,2451.56,sell,1.0,,,1.0,,,,1751445067.659
2435,ETH-256303738,1751450499798,2,0.0335,0.033736,57.16,ETH-25JUL25-2600-C,2449.15,buy,5.0,,,5.0,,,,1751450499.798
2436,ETH-256304031,1751450695993,2,0.033,0.033334,57.07,ETH-25JUL25-2600-C,2446.08,sell,5.0,,,5.0,,,,1751450695.993
2437,ETH-256304135,1751450879362,3,0.033,0.033261,57.15,ETH-25JUL25-2600-C,2445.52,buy,5.0,,,5.0,,,,1751450879.362
2438,ETH-256304189,1751451053941,0,0.0335,0.033411,57.53,ETH-25JUL25-2600-C,2446.63,sell,1.0,,,1.0,,,,1751451053.941
2439,ETH-256304328,1751451248981,1,0.0335,0.033577,57.35,ETH-25JUL25-2600-C,2448.15,buy,2.0,,,2.0,,,,1751451248.981
2440,ETH-256304431,1751451452337,1,0.0335,0.033881,57.01,ETH-25JUL25-2600-C,2450.24,buy,1.0,,,1.0,,,,1751451452.337
2443,ETH-256305340,1751453483786,1,0.0345,0.034082,57.78,ETH-25JUL25-2600-C,2452.46,buy,100.0,,,100.0,,,,1751453483.786
2441,ETH-256305338,1751453483786,0,0.0345,0.034082,57.78,ETH-25JUL25-2600-C,2452.46,buy,15.0,,,15.0,,,,1751453483.786
2442,ETH-256305339,1751453483786,1,0.0345,0.034082,57.78,ETH-25JUL25-2600-C,2452.46,buy,52.0,,,52.0,,,,1751453483.786
2444,ETH-256305341,1751453483790,1,0.0345,0.034082,57.78,ETH-25JUL25-2600-C,2452.46,sell,83.0,,,83.0,,,,1751453483.79
2445,ETH-256314394,1751463439202,2,0.034,0.033523,57.85,ETH-25JUL25-2600-C,2448.32,buy,50.0,,,50.0,,,,1751463439.202
2446,ETH-256314405,1751463454585,3,0.034,0.033654,57.72,ETH-25JUL25-2600-C,2449.15,buy,8.0,,,8.0,,,,1751463454.585
2447,ETH-256314406,1751463454595,3,0.034,0.033654,57.72,ETH-25JUL25-2600-C,2449.15,sell,1.0,,,1.0,,,,1751463454.595
2448,ETH-256314436,1751463515123,0,0.0345,0.034199,58.03,ETH-25JUL25-2600-C,2450.57,buy,11.0,,,11.0,,,,1751463515.123
2449,ETH-256314465,1751463542945,1,0.0345,0.034172,58.04,ETH-25JUL25-2600-C,2450.57,buy,11.0,,,11.0,,,,1751463542.945
2450,ETH-256314466,1751463542945,1,0.0345,0.034172,58.04,ETH-25JUL25-2600-C,2450.57,buy,4.0,,,4.0,,,,1751463542.945
2451,ETH-256314542,1751463580759,2,0.0341,0.034053,57.76,ETH-25JUL25-2600-C,2449.67,sell,1000.0,2.0,BLOCK-208192,1000.0,ETH-CSR12-25JUL25-2600_2900,,,1751463580.759
2452,ETH-256314584,1751463593552,0,0.0345,0.034109,58.05,ETH-25JUL25-2600-C,2450.54,buy,4.0,,,4.0,,,,1751463593.552
2453,ETH-256323406,1751469062010,0,0.04,0.0392,59.0,ETH-25JUL25-2600-C,2483.42,buy,20.0,,,20.0,,,,1751469062.01
2454,ETH-256326480,1751469356962,0,0.0415,0.041111,58.59,ETH-25JUL25-2600-C,2496.34,buy,1.0,,,1.0,,,,1751469356.962
2455,ETH-256326481,1751469356964,1,0.0415,0.041111,58.59,ETH-25JUL25-2600-C,2496.34,sell,39.0,,,39.0,,,,1751469356.964
2456,ETH-256326767,1751469386121,0,0.042,0.041375,58.87,ETH-25JUL25-2600-C,2497.99,buy,40.0,,,40.0,,,,1751469386.121
2457,ETH-256336051,1751472482438,0,0.0455,0.045199,59.16,ETH-25JUL25-2600-C,2518.12,buy,1.0,,,1.0,,,,1751472482.438
2458,ETH-256344244,1751473890866,0,0.0495,0.049084,60.07,ETH-25JUL25-2600-C,2537.12,sell,1.0,,,1.0,,,,1751473890.866
2459,ETH-256344644,1751474118911,0,0.0505,0.049945,60.22,ETH-25JUL25-2600-C,2542.0,buy,2.0,,,2.0,,,,1751474118.911
2460,ETH-256344808,1751474206157,0,0.051,0.050259,60.45,ETH-25JUL25-2600-C,2543.99,buy,3.0,,,3.0,,,,1751474206.157
2461,ETH-256345236,1751474417116,0,0.0515,0.050752,60.47,ETH-25JUL25-2600-C,2546.75,buy,2.0,,,2.0,,,,1751474417.116
2462,ETH-256346975,1751474960570,0,0.053,0.052415,60.53,ETH-25JUL25-2600-C,2555.05,buy,3.0,,,3.0,,,,1751474960.57
2463,ETH-256349524,1751475362219,2,0.0525,0.052821,59.84,ETH-25JUL25-2600-C,2556.61,sell,4.0,,,4.0,,,,1751475362.219
2465,ETH-256350641,1751475622850,1,0.0555,0.054787,60.91,ETH-25JUL25-2600-C,2567.56,buy,31.0,,,31.0,,,,1751475622.85
2464,ETH-256350640,1751475622850,0,0.0555,0.054787,60.91,ETH-25JUL25-2600-C,2567.56,buy,1.0,,,1.0,,,,1751475622.85
2466,ETH-256350652,1751475622872,1,0.0555,0.054787,60.91,ETH-25JUL25-2600-C,2567.56,buy,19.0,,,19.0,,,,1751475622.872
2467,ETH-256350912,1751475638766,1,0.0555,0.055414,60.44,ETH-25JUL25-2600-C,2569.95,sell,1.0,,,1.0,,,,1751475638.766
2468,ETH-256350918,1751475639494,1,0.0555,0.055414,60.44,ETH-25JUL25-2600-C,2569.95,sell,148.0,,,148.0,,,,1751475639.494
2469,ETH-256351140,1751475684983,2,0.055,0.05449,60.77,ETH-25JUL25-2600-C,2565.41,sell,1.0,,,1.0,,,,1751475684.983
2470,ETH-256353530,1751476321440,2,0.0545,0.054423,60.47,ETH-25JUL25-2600-C,2564.71,sell,1.0,,,1.0,,,,1751476321.44
2471,ETH-256358911,1751477399750,0,0.0585,0.05854,61.49,ETH-25JUL25-2600-C,2582.46,sell,6.0,,,6.0,,,,1751477399.75
2472,ETH-256358912,1751477399752,1,0.0585,0.05854,61.49,ETH-25JUL25-2600-C,2582.46,buy,3.0,,,3.0,,,,1751477399.752
2473,ETH-256363074,1751478465032,2,0.0545,0.054671,61.81,ETH-25JUL25-2600-C,2557.36,sell,10.0,,,10.0,,,,1751478465.032
2474,ETH-256363278,1751478533082,3,0.0545,0.054596,61.88,ETH-25JUL25-2600-C,2556.97,sell,27.0,,,27.0,,,,1751478533.082
2475,ETH-256366098,1751479423267,0,0.057,0.057124,61.82,ETH-25JUL25-2600-C,2571.09,buy,3.0,,,3.0,,,,1751479423.267
2476,ETH-256368045,1751481362653,1,0.057,0.056976,61.73,ETH-25JUL25-2600-C,2571.47,buy,20.0,,,20.0,,,,1751481362.653
2477,ETH-256368183,1751481476759,0,0.058,0.057588,62.19,ETH-25JUL25-2600-C,2574.26,buy,2.0,,,2.0,,,,1751481476.759
2478,ETH-256369020,1751482055447,0,0.059,0.058755,62.08,ETH-25JUL25-2600-C,2580.83,buy,11.0,,,11.0,,,,1751482055.447
2479,ETH-256372503,1751485550443,1,0.059,0.059121,61.85,ETH-25JUL25-2600-C,2582.85,buy,1.0,,,1.0,,,,1751485550.443
2480,ETH-256373741,1751486188120,0,0.061,0.060373,62.6,ETH-25JUL25-2600-C,2589.72,buy,46.0,,,46.0,,,,1751486188.12
2481,ETH-256373760,1751486188145,1,0.061,0.060373,62.6,ETH-25JUL25-2600-C,2589.72,buy,24.0,,,24.0,,,,1751486188.145
2482,ETH-256373905,1751486189182,0,0.062,0.060391,63.26,ETH-25JUL25-2600-C,2591.62,buy,1.0,,,1.0,,,,1751486189.182
2483,ETH-256376608,1751486395284,0,0.0645,0.063961,62.88,ETH-25JUL25-2600-C,2607.31,sell,185.0,,,185.0,,,,1751486395.284
2484,ETH-256376617,1751486395362,1,0.0645,0.063961,62.88,ETH-25JUL25-2600-C,2607.31,sell,30.0,,,30.0,,,,1751486395.362
2485,ETH-256376621,1751486395368,1,0.0645,0.063961,62.88,ETH-25JUL25-2600-C,2607.31,sell,4.0,,,4.0,,,,1751486395.368
2486,ETH-256376622,1751486395375,1,0.0645,0.063961,62.88,ETH-25JUL25-2600-C,2607.31,sell,31.0,,,31.0,,,,1751486395.375
2487,ETH-256376627,1751486395550,1,0.0645,0.063961,62.88,ETH-25JUL25-2600-C,2607.31,sell,231.0,,,231.0,,,,1751486395.55
2488,ETH-256376629,1751486395666,1,0.0645,0.06399,62.91,ETH-25JUL25-2600-C,2607.2,sell,30.0,,,30.0,,,,1751486395.666
2489,ETH-256376633,1751486395966,1,0.0645,0.06399,62.91,ETH-25JUL25-2600-C,2607.2,sell,24.0,,,24.0,,,,1751486395.966
2490,ETH-256376634,1751486395979,1,0.0645,0.06399,62.91,ETH-25JUL25-2600-C,2607.2,sell,10.0,,,10.0,,,,1751486395.979
2491,ETH-256376639,1751486396358,1,0.0645,0.06399,62.91,ETH-25JUL25-2600-C,2607.2,sell,15.0,,,15.0,,,,1751486396.358
2492,ETH-256376646,1751486396585,1,0.0645,0.06399,62.91,ETH-25JUL25-2600-C,2607.2,sell,125.0,,,125.0,,,,1751486396.585
2493,ETH-256376647,1751486396651,1,0.0645,0.063992,63.06,ETH-25JUL25-2600-C,2606.41,sell,122.0,,,122.0,,,,1751486396.651
2494,ETH-256376648,1751486396862,1,0.0645,0.063992,63.06,ETH-25JUL25-2600-C,2606.41,sell,1.0,,,1.0,,,,1751486396.862
2495,ETH-256376652,1751486396902,1,0.0645,0.063992,63.06,ETH-25JUL25-2600-C,2606.41,sell,5.0,,,5.0,,,,1751486396.902
2496,ETH-256376653,1751486396988,1,0.0645,0.063992,63.06,ETH-25JUL25-2600-C,2606.41,sell,1.0,,,1.0,,,,1751486396.988
2497,ETH-256376656,1751486397070,1,0.0645,0.063992,63.06,ETH-25JUL25-2600-C,2606.41,sell,43.0,,,43.0,,,,1751486397.07
2498,ETH-256376657,1751486397079,1,0.0645,0.063992,63.06,ETH-25JUL25-2600-C,2606.41,sell,2.0,,,2.0,,,,1751486397.079
2499,ETH-256376658,1751486397173,1,0.0645,0.063992,63.06,ETH-25JUL25-2600-C,2606.41,sell,209.0,,,209.0,,,,1751486397.173
2500,ETH-256376864,1751486407855,2,0.064,0.063746,63.21,ETH-25JUL25-2600-C,2603.04,sell,13.0,,,13.0,,,,1751486407.855
2501,ETH-256376865,1751486407857,3,0.064,0.063746,63.21,ETH-25JUL25-2600-C,2603.04,sell,37.0,,,37.0,,,,1751486407.857
2502,ETH-256376866,1751486407858,3,0.064,0.063746,63.21,ETH-25JUL25-2600-C,2603.04,sell,11.0,,,11.0,,,,1751486407.858
2503,ETH-256376890,1751486410051,3,0.064,0.063282,63.3,ETH-25JUL25-2600-C,2602.53,sell,58.0,,,58.0,,,,1751486410.051
2504,ETH-256377008,1751486423453,3,0.064,0.063374,63.47,ETH-25JUL25-2600-C,2601.48,sell,25.0,,,25.0,,,,1751486423.453
2505,ETH-256377012,1751486423497,3,0.064,0.063374,63.47,ETH-25JUL25-2600-C,2601.48,sell,1.0,,,1.0,,,,1751486423.497
2506,ETH-256377124,1751486430770,3,0.064,0.063297,63.64,ETH-25JUL25-2600-C,2600.61,sell,1.0,,,1.0,,,,1751486430.77
2507,ETH-256381872,1751487918794,2,0.0625,0.062774,64.11,ETH-25JUL25-2600-C,2590.34,buy,250.0,,,250.0,,,,1751487918.794
2508,ETH-256382253,1751488106385,0,0.0635,0.063279,64.59,ETH-25JUL25-2600-C,2593.76,buy,31.0,,,31.0,,,,1751488106.385
2509,ETH-256383677,1751488941953,0,0.0655,0.065231,65.02,ETH-25JUL25-2600-C,2602.05,buy,1.0,,,1.0,,,,1751488941.953
2510,ETH-256384950,1751489628636,1,0.0655,0.065373,65.64,ETH-25JUL25-2600-C,2598.89,buy,1.0,,,1.0,,,,1751489628.636
2511,ETH-256386559,1751490892878,2,0.0625,0.063071,64.62,ETH-25JUL25-2600-C,2587.7,sell,202.0,,,202.0,,,,1751490892.878
2512,ETH-256387285,1751491697982,0,0.0628,0.062948,64.75,ETH-25JUL25-2600-C,2589.01,buy,250.0,2.0,BLOCK-208318,250.0,ETH-CCAL-26SEP25_25JUL25-2600,,7661.0,1751491697.982
2513,ETH-256388649,1751492720700,2,0.0625,0.063216,64.11,ETH-25JUL25-2600-C,2591.43,sell,2.0,,,2.0,,,,1751492720.7
2514,ETH-256388966,1751493262625,0,0.0635,0.064063,64.18,ETH-25JUL25-2600-C,2596.6,sell,250.0,,,250.0,,,,1751493262.625
2515,ETH-256389998,1751493819904,1,0.0635,0.063942,63.72,ETH-25JUL25-2600-C,2599.57,sell,9.0,,,9.0,,,,1751493819.904
2516,ETH-256400075,1751500242828,2,0.059,0.05949,63.75,ETH-25JUL25-2600-C,2574.77,sell,122.0,,,122.0,,,,1751500242.828
2517,ETH-256400076,1751500242848,3,0.059,0.05949,63.75,ETH-25JUL25-2600-C,2574.77,sell,17.0,,,17.0,,,,1751500242.848
2518,ETH-256400077,1751500242868,3,0.059,0.05949,63.75,ETH-25JUL25-2600-C,2574.77,sell,1.0,,,1.0,,,,1751500242.868
2519,ETH-256400078,1751500242889,3,0.059,0.05949,63.75,ETH-25JUL25-2600-C,2574.77,sell,1.0,,,1.0,,,,1751500242.889
2520,ETH-256400079,1751500242904,3,0.059,0.05949,63.75,ETH-25JUL25-2600-C,2574.77,sell,1.0,,,1.0,,,,1751500242.904
2521,ETH-256400080,1751500242929,3,0.059,0.05949,63.75,ETH-25JUL25-2600-C,2574.77,sell,1.0,,,1.0,,,,1751500242.929
2522,ETH-256400081,1751500242974,3,0.059,0.05949,63.75,ETH-25JUL25-2600-C,2574.77,sell,1.0,,,1.0,,,,1751500242.974
2523,ETH-256400085,1751500242998,3,0.059,0.05949,63.75,ETH-25JUL25-2600-C,2574.77,sell,2.0,,,2.0,,,,1751500242.998
2524,ETH-256400086,1751500243023,3,0.059,0.05949,63.75,ETH-25JUL25-2600-C,2574.77,sell,2.0,,,2.0,,,,1751500243.023
2525,ETH-256400087,1751500243039,3,0.059,0.05949,63.75,ETH-25JUL25-2600-C,2574.77,sell,4.0,,,4.0,,,,1751500243.039
2526,ETH-256400088,1751500243053,3,0.059,0.05949,63.75,ETH-25JUL25-2600-C,2574.77,sell,4.0,,,4.0,,,,1751500243.053
2527,ETH-256400090,1751500243089,3,0.059,0.05949,63.75,ETH-25JUL25-2600-C,2574.77,sell,3.0,,,3.0,,,,1751500243.089
2528,ETH-256400091,1751500243131,3,0.059,0.05949,63.75,ETH-25JUL25-2600-C,2574.77,sell,1.0,,,1.0,,,,1751500243.131
2529,ETH-256400098,1751500243234,3,0.059,0.05949,63.75,ETH-25JUL25-2600-C,2574.77,sell,206.0,,,206.0,,,,1751500243.234
2530,ETH-256400099,1751500243255,3,0.059,0.05949,63.75,ETH-25JUL25-2600-C,2574.77,sell,1.0,,,1.0,,,,1751500243.255
2531,ETH-256400102,1751500243285,3,0.059,0.05949,63.75,ETH-25JUL25-2600-C,2574.77,sell,96.0,,,96.0,,,,1751500243.285
2532,ETH-256400104,1751500243300,3,0.059,0.05949,63.75,ETH-25JUL25-2600-C,2574.77,sell,70.0,,,70.0,,,,1751500243.3
2533,ETH-256401358,1751501296291,0,0.0595,0.059411,64.3,ETH-25JUL25-2600-C,2574.59,buy,1.0,,,1.0,,,,1751501296.291
2534,ETH-256401440,1751501443138,1,0.0595,0.059667,64.06,ETH-25JUL25-2600-C,2575.97,buy,25.0,,,25.0,,,,1751501443.138
2535,ETH-256403695,1751504526814,2,0.058,0.058315,63.25,ETH-25JUL25-2600-C,2571.93,buy,50.0,,,50.0,,,,1751504526.814
2536,ETH-256403799,1751504646790,2,0.0575,0.057519,63.38,ETH-25JUL25-2600-C,2568.37,buy,50.0,,,50.0,,,,1751504646.79
2537,ETH-256404332,1751505061622,0,0.059,0.059059,63.45,ETH-25JUL25-2600-C,2576.45,sell,5.0,,,5.0,,,,1751505061.622
2538,ETH-256406787,1751508885357,2,0.058,0.058252,62.92,ETH-25JUL25-2600-C,2573.87,buy,1.0,,,1.0,,,,1751508885.357
2539,ETH-256407453,1751509690403,2,0.0565,0.056778,63.06,ETH-25JUL25-2600-C,2564.84,sell,4.0,,,4.0,,,,1751509690.403
2540,ETH-256416110,1751521375721,0,0.0615,0.060994,63.41,ETH-25JUL25-2600-C,2592.05,sell,250.0,2.0,BLOCK-208387,250.0,ETH-CSR12-25JUL25-2600_2900,,7706.0,1751521375.721
2541,ETH-256419998,1751525777470,0,0.063,0.063251,63.31,ETH-25JUL25-2600-C,2600.6,sell,40.0,,,40.0,,,,1751525777.47
2542,ETH-256421044,1751526894710,2,0.0616,0.06171,63.23,ETH-25JUL25-2600-C,2593.61,sell,125.0,4.0,BLOCK-208410,125.0,ETH-IBUT-25JUL25-2300_2600_2900,,,1751526894.71
2543,ETH-256422857,1751528470484,0,0.0633,0.063218,63.53,ETH-25JUL25-2600-C,2602.17,sell,150.0,4.0,BLOCK-208418,150.0,ETH-IBUT-25JUL25-2300_2600_2900,,,1751528470.484
2544,ETH-256431267,1751534303309,2,0.063,0.063058,63.51,ETH-25JUL25-2600-C,2601.0,buy,5.0,,,5.0,,,,1751534303.309
2545,ETH-256434404,1751535749651,0,0.0665,0.066207,64.56,ETH-25JUL25-2600-C,2613.39,buy,2.0,,,2.0,,,,1751535749.651
2546,ETH-256438055,1751536888196,2,0.064,0.063837,64.77,ETH-25JUL25-2600-C,2599.09,sell,1.0,,,1.0,,,,1751536888.196
2547,ETH-256438208,1751536913694,2,0.0635,0.06328,64.87,ETH-25JUL25-2600-C,2595.9,sell,1.0,,,1.0,,,,1751536913.694
2548,ETH-256448605,1751543887732,2,0.0625,0.062901,63.9,ETH-25JUL25-2600-C,2596.52,sell,1.0,,,1.0,,,,1751543887.732
2549,ETH-256448649,1751543919483,0,0.063,0.063055,64.24,ETH-25JUL25-2600-C,2597.32,buy,1.0,,,1.0,,,,1751543919.483
2550,ETH-256451658,1751545801481,0,0.0645,0.063859,65.01,ETH-25JUL25-2600-C,2601.69,buy,1.0,,,1.0,,,,1751545801.481
2551,ETH-256457406,1751546466869,2,0.0595,0.059882,64.06,ETH-25JUL25-2600-C,2578.26,buy,3.0,,,3.0,,,,1751546466.869
2552,ETH-256480098,1751552782652,0,0.0665,0.06607,65.01,ETH-25JUL25-2600-C,2612.77,buy,1.0,,,1.0,,,,1751552782.652
2553,ETH-256488282,1751555932105,2,0.061,0.060839,64.51,ETH-25JUL25-2600-C,2585.94,buy,50.0,,,50.0,,,,1751555932.105
2554,ETH-256488791,1751556256650,3,0.061,0.061117,64.08,ETH-25JUL25-2600-C,2588.02,buy,50.0,,,50.0,,,,1751556256.65
2555,ETH-256490047,1751556900112,2,0.0585,0.059163,63.39,ETH-25JUL25-2600-C,2578.12,sell,156.0,,,156.0,,,,1751556900.112
2556,ETH-256490082,1751556900163,3,0.0585,0.059163,63.39,ETH-25JUL25-2600-C,2578.12,sell,3.0,,,3.0,,,,1751556900.163
2557,ETH-256490107,1751556900210,3,0.0585,0.059163,63.39,ETH-25JUL25-2600-C,2578.12,sell,1.0,,,1.0,,,,1751556900.21
2558,ETH-256490123,1751556900234,3,0.0585,0.059163,63.39,ETH-25JUL25-2600-C,2578.12,sell,1.0,,,1.0,,,,1751556900.234
2559,ETH-256490134,1751556900257,3,0.0585,0.059163,63.39,ETH-25JUL25-2600-C,2578.12,sell,1.0,,,1.0,,,,1751556900.257
2560,ETH-256490142,1751556900297,3,0.0585,0.059163,63.39,ETH-25JUL25-2600-C,2578.12,sell,13.0,,,13.0,,,,1751556900.297
2561,ETH-256490145,1751556900315,3,0.0585,0.059163,63.39,ETH-25JUL25-2600-C,2578.12,sell,62.0,,,62.0,,,,1751556900.315
2562,ETH-256490150,1751556900353,3,0.0585,0.059163,63.39,ETH-25JUL25-2600-C,2578.12,sell,1.0,,,1.0,,,,1751556900.353
2563,ETH-256490151,1751556900356,3,0.0585,0.059163,63.39,ETH-25JUL25-2600-C,2578.12,sell,7.0,,,7.0,,,,1751556900.356
2564,ETH-256490154,1751556900384,3,0.0585,0.059163,63.39,ETH-25JUL25-2600-C,2578.12,sell,15.0,,,15.0,,,,1751556900.384
2565,ETH-256490155,1751556900404,3,0.0585,0.059163,63.39,ETH-25JUL25-2600-C,2578.12,sell,164.0,,,164.0,,,,1751556900.404
2566,ETH-256490161,1751556900490,3,0.0585,0.059163,63.39,ETH-25JUL25-2600-C,2578.12,sell,70.0,,,70.0,,,,1751556900.49
2567,ETH-256495053,1751558943731,2,0.0575,0.057058,64.13,ETH-25JUL25-2600-C,2568.88,buy,4.0,,,4.0,,,,1751558943.731
2568,ETH-256496597,1751559673597,2,0.057,0.056942,63.64,ETH-25JUL25-2600-C,2568.91,buy,25.0,,,25.0,,,,1751559673.597
2569,ETH-256498951,1751561136996,0,0.0585,0.057997,63.99,ETH-25JUL25-2600-C,2575.29,buy,25.0,,,25.0,,,,1751561136.996
2570,ETH-256499929,1751561574840,2,0.057,0.057499,62.9,ETH-25JUL25-2600-C,2572.74,sell,25.0,,,25.0,,,,1751561574.84
2571,ETH-256500049,1751561620609,2,0.0565,0.057187,62.66,ETH-25JUL25-2600-C,2571.08,sell,25.0,,,25.0,,,,1751561620.609
2572,ETH-256500297,1751561702393,0,0.057,0.057535,62.74,ETH-25JUL25-2600-C,2573.09,sell,14.0,,,14.0,,,,1751561702.393
2573,ETH-256500635,1751561956053,0,0.0575,0.057942,62.86,ETH-25JUL25-2600-C,2575.81,sell,11.0,,,11.0,,,,1751561956.053
2574,ETH-256504709,1751567471086,0,0.0595,0.059368,63.08,ETH-25JUL25-2600-C,2586.04,buy,3.0,,,3.0,,,,1751567471.086
2575,ETH-256505816,1751569485946,0,0.06,0.059885,62.88,ETH-25JUL25-2600-C,2590.24,buy,25.0,,,25.0,,,,1751569485.946
2576,ETH-256506082,1751569640371,1,0.06,0.060334,62.52,ETH-25JUL25-2600-C,2592.33,sell,25.0,,,25.0,,,,1751569640.371
2577,ETH-256514904,1751587326477,0,0.0605,0.060484,63.06,ETH-25JUL25-2600-C,2592.92,buy,100.0,,,100.0,,,,1751587326.477
2578,ETH-256515267,1751588047124,2,0.06,0.059984,62.87,ETH-25JUL25-2600-C,2591.34,buy,100.0,,,100.0,,,,1751588047.124
2579,ETH-256515412,1751588242480,0,0.0605,0.060506,62.84,ETH-25JUL25-2600-C,2594.25,buy,24.0,,,24.0,,,,1751588242.48
2580,ETH-256515413,1751588246887,1,0.0605,0.060598,62.72,ETH-25JUL25-2600-C,2594.78,buy,58.0,,,58.0,,,,1751588246.887
2581,ETH-256515414,1751588246895,1,0.0605,0.060598,62.72,ETH-25JUL25-2600-C,2594.78,buy,18.0,,,18.0,,,,1751588246.895
2582,ETH-256520986,1751595502996,2,0.0598,0.059455,63.17,ETH-25JUL25-2600-C,2589.24,buy,100.0,6.0,BLOCK-208590,100.0,,,,1751595502.996
2583,ETH-256521686,1751596399270,2,0.0585,0.058941,62.36,ETH-25JUL25-2600-C,2586.62,sell,1.0,,,1.0,,,,1751596399.27
2584,ETH-256528996,1751606093867,2,0.0566,0.056585,62.28,ETH-25JUL25-2600-C,2577.31,sell,4.0,,,4.0,ETH-CBUT-25JUL25-2400_2600_2800,ETH-256528994,,1751606093.867
2585,ETH-256541841,1751615514292,2,0.05,0.050079,62.68,ETH-25JUL25-2600-C,2537.91,sell,10.0,,,10.0,,,,1751615514.292
2586,ETH-256543646,1751615886465,3,0.05,0.049802,62.92,ETH-25JUL25-2600-C,2536.16,sell,1.0,,,1.0,,,,1751615886.465
2587,ETH-256543648,1751615887932,3,0.05,0.049808,63.02,ETH-25JUL25-2600-C,2535.63,sell,1.0,,,1.0,,,,1751615887.932
2588,ETH-256543649,1751615888573,3,0.05,0.049808,63.02,ETH-25JUL25-2600-C,2535.63,sell,1.0,,,1.0,,,,1751615888.573
2589,ETH-256543786,1751615966057,3,0.05,0.049783,62.97,ETH-25JUL25-2600-C,2536.03,sell,1.0,,,1.0,,,,1751615966.057
2590,ETH-256543802,1751615975670,3,0.05,0.049732,63.0,ETH-25JUL25-2600-C,2535.87,sell,1.0,,,1.0,,,,1751615975.67
2591,ETH-256543832,1751615988621,3,0.05,0.049679,63.06,ETH-25JUL25-2600-C,2535.6,sell,1.0,,,1.0,,,,1751615988.621
2592,ETH-256546706,1751616979656,2,0.0485,0.048703,62.05,ETH-25JUL25-2600-C,2532.53,buy,40.0,,,40.0,,,,1751616979.656
2593,ETH-256551631,1751620727949,0,0.05,0.050679,60.82,ETH-25JUL25-2600-C,2548.97,sell,1.0,,,1.0,,,,1751620727.949
2594,ETH-256552572,1751622253430,0,0.0514,0.051732,60.77,ETH-25JUL25-2600-C,2557.16,sell,500.0,2.0,BLOCK-208674,500.0,ETH-CS-25JUL25-2600_3200,,,1751622253.43
2595,ETH-256552637,1751622316110,2,0.051,0.051661,60.45,ETH-25JUL25-2600-C,2556.61,sell,1.0,,,1.0,,,,1751622316.11
2596,ETH-256553621,1751624400874,2,0.05,0.050172,60.75,ETH-25JUL25-2600-C,2549.62,sell,19.0,,,19.0,,,,1751624400.874
2597,ETH-256553972,1751625500248,3,0.05,0.050119,60.39,ETH-25JUL25-2600-C,2551.56,buy,25.0,,,25.0,,,,1751625500.248
2598,ETH-256556551,1751630484702,2,0.049,0.049066,59.7,ETH-25JUL25-2600-C,2550.15,buy,1.0,,,1.0,,,,1751630484.702
2599,ETH-256556555,1751630488649,3,0.049,0.049088,59.68,ETH-25JUL25-2600-C,2550.25,buy,1.0,,,1.0,,,,1751630488.649
2600,ETH-256556565,1751630495137,3,0.049,0.04911,59.65,ETH-25JUL25-2600-C,2550.38,buy,1.0,,,1.0,,,,1751630495.137
2601,ETH-256556590,1751630509600,3,0.049,0.049112,59.65,ETH-25JUL25-2600-C,2550.37,buy,1.0,,,1.0,,,,1751630509.6
2602,ETH-256556610,1751630519653,3,0.049,0.049151,59.6,ETH-25JUL25-2600-C,2550.67,buy,1.0,,,1.0,,,,1751630519.653
2603,ETH-256556640,1751630541869,3,0.049,0.049299,59.45,ETH-25JUL25-2600-C,2551.41,buy,1.0,,,1.0,,,,1751630541.869
2604,ETH-256558004,1751633535873,2,0.0486,0.04837,59.99,ETH-25JUL25-2600-C,2546.61,buy,400.0,2.0,BLOCK-208705,400.0,ETH-CCAL-26SEP25_25JUL25-2600,,,1751633535.873
2605,ETH-256560283,1751634783027,2,0.0475,0.047866,59.29,ETH-25JUL25-2600-C,2544.02,sell,13.0,,,13.0,,,,1751634783.027
2606,ETH-256563424,1751636714989,2,0.046,0.046054,59.99,ETH-25JUL25-2600-C,2531.74,sell,10.0,,,10.0,,,,1751636714.989
2607,ETH-256565637,1751637940678,2,0.045,0.044925,60.37,ETH-25JUL25-2600-C,2523.74,sell,3.0,,,3.0,,,,1751637940.678
2608,ETH-256566285,1751638132662,2,0.044,0.044104,60.22,ETH-25JUL25-2600-C,2518.49,buy,10.0,,,10.0,,,,1751638132.662
2609,ETH-256567907,1751638747634,3,0.044,0.04331,61.43,ETH-25JUL25-2600-C,2511.33,buy,2.0,,,2.0,,,,1751638747.634
2610,ETH-256568102,1751638793219,2,0.043,0.042775,60.94,ETH-25JUL25-2600-C,2507.99,sell,10.0,,,10.0,,,,1751638793.219
2611,ETH-256571334,1751640125300,0,0.045,0.045117,60.79,ETH-25JUL25-2600-C,2521.12,buy,1.0,,,1.0,,,,1751640125.3
2612,ETH-256571434,1751640209894,0,0.0456,0.045359,61.14,ETH-25JUL25-2600-C,2522.96,buy,100.0,3.0,BLOCK-208740,100.0,ETH-CBUT-25JUL25-2600_2900_3200,,,1751640209.894
2613,ETH-256572104,1751641477962,2,0.0455,0.044716,61.8,ETH-25JUL25-2600-C,2518.53,buy,2.0,,,2.0,,,,1751641477.962
2614,ETH-256574017,1751642537613,2,0.043,0.042742,61.28,ETH-25JUL25-2600-C,2506.0,buy,1.0,,,1.0,,,,1751642537.613
2615,ETH-256579608,1751645168552,2,0.04,0.039826,61.44,ETH-25JUL25-2600-C,2486.41,sell,10.0,,,10.0,,,,1751645168.552
2616,ETH-256586836,1751648623968,0,0.0415,0.041858,61.39,ETH-25JUL25-2600-C,2495.49,sell,7.0,,,7.0,,,,1751648623.968
2617,ETH-256586837,1751648623970,1,0.0415,0.041858,61.39,ETH-25JUL25-2600-C,2495.49,buy,51.0,,,51.0,,,,1751648623.97
2618,ETH-256587407,1751649058674,1,0.0415,0.041281,61.95,ETH-25JUL25-2600-C,2492.21,buy,200.0,,,200.0,,,,1751649058.674
2619,ETH-256587557,1751649355103,2,0.041,0.041006,61.62,ETH-25JUL25-2600-C,2490.69,buy,27.0,,,27.0,,,,1751649355.103
2620,ETH-256596063,1751667115502,0,0.0425,0.042787,61.57,ETH-25JUL25-2600-C,2503.68,sell,19.0,,,19.0,,,,1751667115.502
2621,ETH-256596064,1751667117766,1,0.0425,0.04287,61.54,ETH-25JUL25-2600-C,2503.82,sell,19.0,,,19.0,,,,1751667117.766
2622,ETH-256607182,1751687709095,0,0.045,0.044431,61.64,ETH-25JUL25-2600-C,2519.48,buy,1.0,,,1.0,,,,1751687709.095
2623,ETH-256607185,1751687709839,1,0.045,0.044431,61.64,ETH-25JUL25-2600-C,2519.46,buy,1.0,,,1.0,,,,1751687709.839
2624,ETH-256607198,1751687725692,1,0.045,0.044286,61.8,ETH-25JUL25-2600-C,2518.55,buy,1.0,,,1.0,,,,1751687725.692
2625,ETH-256607244,1751687738878,1,0.045,0.044277,61.79,ETH-25JUL25-2600-C,2518.77,buy,1.0,,,1.0,,,,1751687738.878
2626,ETH-256607258,1751687745288,1,0.045,0.044301,61.78,ETH-25JUL25-2600-C,2518.87,buy,1.0,,,1.0,,,,1751687745.288
2627,ETH-256607269,1751687750540,1,0.045,0.044334,61.74,ETH-25JUL25-2600-C,2519.07,buy,1.0,,,1.0,,,,1751687750.54
2628,ETH-256607281,1751687761963,1,0.045,0.044322,61.73,ETH-25JUL25-2600-C,2519.15,buy,1.0,,,1.0,,,,1751687761.963
2629,ETH-256607321,1751687798935,1,0.045,0.044378,61.68,ETH-25JUL25-2600-C,2519.46,buy,1.0,,,1.0,,,,1751687798.935
2630,ETH-256607491,1751688137767,2,0.0445,0.044235,61.45,ETH-25JUL25-2600-C,2517.67,sell,1.0,,,1.0,,,,1751688137.767
2631,ETH-256613666,1751702107185,3,0.0445,0.04385,61.32,ETH-25JUL25-2600-C,2520.89,buy,1.0,,,1.0,,,,1751702107.185
2632,ETH-256613689,1751702115051,3,0.0445,0.043923,61.24,ETH-25JUL25-2600-C,2521.26,buy,1.0,,,1.0,,,,1751702115.051
2633,ETH-256613704,1751702130646,2,0.044,0.04395,60.68,ETH-25JUL25-2600-C,2521.26,sell,1.0,,,1.0,,,,1751702130.646
2634,ETH-256613720,1751702144613,3,0.044,0.04396,60.67,ETH-25JUL25-2600-C,2521.28,sell,1.0,,,1.0,,,,1751702144.613
2635,ETH-256613723,1751702147468,3,0.044,0.04396,60.67,ETH-25JUL25-2600-C,2521.26,sell,1.0,,,1.0,,,,1751702147.468
2636,ETH-256613773,1751702178347,3,0.044,0.043864,60.78,ETH-25JUL25-2600-C,2520.7,sell,1.0,,,1.0,,,,1751702178.347
2637,ETH-256613784,1751702188466,3,0.044,0.043861,60.79,ETH-25JUL25-2600-C,2520.64,sell,1.0,,,1.0,,,,1751702188.466
2638,ETH-256613854,1751702245563,3,0.044,0.043826,60.81,ETH-25JUL25-2600-C,2520.61,sell,1.0,,,1.0,,,,1751702245.563
2639,ETH-256613880,1751702286980,3,0.044,0.043864,60.78,ETH-25JUL25-2600-C,2520.63,sell,1.0,,,1.0,,,,1751702286.98
2640,ETH-256613938,1751702337141,3,0.044,0.043877,60.76,ETH-25JUL25-2600-C,2520.9,sell,1.0,,,1.0,,,,1751702337.141
2641,ETH-256616405,1751705710102,2,0.043,0.042661,60.54,ETH-25JUL25-2600-C,2515.51,sell,1.0,,,1.0,,,,1751705710.102
2642,ETH-256616417,1751705717700,3,0.043,0.04264,60.59,ETH-25JUL25-2600-C,2515.26,sell,1.0,,,1.0,,,,1751705717.7
2643,ETH-256616438,1751705729484,3,0.043,0.042593,60.67,ETH-25JUL25-2600-C,2514.82,buy,1.0,,,1.0,,,,1751705729.484
2644,ETH-256616441,1751705732880,3,0.043,0.04252,60.71,ETH-25JUL25-2600-C,2514.65,buy,1.0,,,1.0,,,,1751705732.88
2645,ETH-256616454,1751705738406,3,0.043,0.042507,60.72,ETH-25JUL25-2600-C,2514.58,buy,1.0,,,1.0,,,,1751705738.406
2646,ETH-256616494,1751705761813,3,0.043,0.042587,60.62,ETH-25JUL25-2600-C,2515.19,buy,1.0,,,1.0,,,,1751705761.813
2647,ETH-256616495,1751705762001,3,0.043,0.042587,60.62,ETH-25JUL25-2600-C,2515.19,buy,1.0,,,1.0,,,,1751705762.001
2648,ETH-256616507,1751705770123,3,0.043,0.04258,60.63,ETH-25JUL25-2600-C,2515.17,buy,1.0,,,1.0,,,,1751705770.123
2649,ETH-256616541,1751705793993,3,0.043,0.04256,60.68,ETH-25JUL25-2600-C,2514.84,buy,1.0,,,1.0,,,,1751705793.993
2650,ETH-256616552,1751705801143,3,0.043,0.042545,60.68,ETH-25JUL25-2600-C,2514.86,sell,1.0,,,1.0,,,,1751705801.143
2651,ETH-256616568,1751705808375,3,0.043,0.04257,60.64,ETH-25JUL25-2600-C,2515.07,buy,1.0,,,1.0,,,,1751705808.375
2652,ETH-256616572,1751705809916,3,0.043,0.042581,60.62,ETH-25JUL25-2600-C,2515.18,sell,1.0,,,1.0,,,,1751705809.916
2653,ETH-256616578,1751705811265,3,0.043,0.042597,60.61,ETH-25JUL25-2600-C,2515.24,sell,1.0,,,1.0,,,,1751705811.265
2654,ETH-256616587,1751705814682,3,0.043,0.042607,60.6,ETH-25JUL25-2600-C,2515.27,sell,1.0,,,1.0,,,,1751705814.682
2655,ETH-256616801,1751705885760,3,0.043,0.043002,60.18,ETH-25JUL25-2600-C,2517.54,sell,1.0,,,1.0,,,,1751705885.76
2656,ETH-256616802,1751705885761,3,0.043,0.043002,60.18,ETH-25JUL25-2600-C,2517.54,sell,1.0,,,1.0,,,,1751705885.761
2657,ETH-256616823,1751705899441,3,0.043,0.042867,60.32,ETH-25JUL25-2600-C,2516.86,sell,1.0,,,1.0,,,,1751705899.441
2658,ETH-256616907,1751705954601,3,0.043,0.042863,60.33,ETH-25JUL25-2600-C,2516.91,sell,1.0,,,1.0,,,,1751705954.601
2659,ETH-256616912,1751705958494,3,0.043,0.042839,60.36,ETH-25JUL25-2600-C,2516.71,sell,1.0,,,1.0,,,,1751705958.494
2660,ETH-256616921,1751705964561,3,0.043,0.042828,60.37,ETH-25JUL25-2600-C,2516.71,sell,1.0,,,1.0,,,,1751705964.561
2661,ETH-256616950,1751705984491,3,0.043,0.04283,60.36,ETH-25JUL25-2600-C,2516.78,sell,1.0,,,1.0,,,,1751705984.491
2662,ETH-256616957,1751705989732,3,0.043,0.042826,60.37,ETH-25JUL25-2600-C,2516.76,sell,1.0,,,1.0,,,,1751705989.732
2663,ETH-256616978,1751706003604,3,0.043,0.042833,60.35,ETH-25JUL25-2600-C,2516.84,sell,1.0,,,1.0,,,,1751706003.604
2664,ETH-256617016,1751706021011,3,0.043,0.042799,60.39,ETH-25JUL25-2600-C,2516.62,sell,1.0,,,1.0,,,,1751706021.011
2665,ETH-256617017,1751706021954,3,0.043,0.042799,60.39,ETH-25JUL25-2600-C,2516.62,sell,1.0,,,1.0,,,,1751706021.954
2666,ETH-256617067,1751706049665,3,0.043,0.042803,60.39,ETH-25JUL25-2600-C,2516.69,sell,1.0,,,1.0,,,,1751706049.665
2667,ETH-256617118,1751706084596,3,0.043,0.042724,60.43,ETH-25JUL25-2600-C,2516.55,sell,1.0,,,1.0,,,,1751706084.596
2668,ETH-256617172,1751706107601,3,0.043,0.04284,60.36,ETH-25JUL25-2600-C,2516.88,sell,1.0,,,1.0,,,,1751706107.601
2669,ETH-256617539,1751706347296,2,0.0425,0.042348,60.38,ETH-25JUL25-2600-C,2513.83,sell,1.0,,,1.0,,,,1751706347.296
2670,ETH-256617545,1751706353722,3,0.0425,0.04233,60.39,ETH-25JUL25-2600-C,2513.78,sell,1.0,,,1.0,,,,1751706353.722
2671,ETH-256618715,1751707720107,3,0.0425,0.042207,60.47,ETH-25JUL25-2600-C,2512.83,sell,1.0,,,1.0,,,,1751707720.107
2672,ETH-256618721,1751707731182,3,0.0425,0.042256,60.43,ETH-25JUL25-2600-C,2513.01,sell,1.0,,,1.0,,,,1751707731.182
2673,ETH-256618757,1751707789608,3,0.0425,0.042211,60.49,ETH-25JUL25-2600-C,2512.64,sell,1.0,,,1.0,,,,1751707789.608
2674,ETH-256618845,1751707891945,3,0.0425,0.042283,60.43,ETH-25JUL25-2600-C,2513.09,sell,1.0,,,1.0,,,,1751707891.945
2675,ETH-256618859,1751707909490,3,0.0425,0.042305,60.4,ETH-25JUL25-2600-C,2513.21,sell,1.0,,,1.0,,,,1751707909.49
2676,ETH-256619433,1751709007652,0,0.0435,0.043355,60.23,ETH-25JUL25-2600-C,2520.94,sell,1.0,,,1.0,,,,1751709007.652
2677,ETH-256619457,1751709029793,0,0.044,0.04355,60.61,ETH-25JUL25-2600-C,2521.8,buy,1.0,,,1.0,,,,1751709029.793
2678,ETH-256619469,1751709037892,1,0.044,0.043528,60.61,ETH-25JUL25-2600-C,2521.75,buy,1.0,,,1.0,,,,1751709037.892
2679,ETH-256619541,1751709108994,1,0.044,0.04349,60.65,ETH-25JUL25-2600-C,2521.64,buy,1.0,,,1.0,,,,1751709108.994
2680,ETH-256619849,1751709741194,1,0.044,0.043758,60.49,ETH-25JUL25-2600-C,2522.93,sell,1.0,,,1.0,,,,1751709741.194
2681,ETH-256620538,1751711610582,2,0.0435,0.043315,60.47,ETH-25JUL25-2600-C,2520.34,sell,5.0,,,5.0,,,,1751711610.582
2682,ETH-256623685,1751722456367,2,0.041,0.041564,58.82,ETH-25JUL25-2600-C,2515.59,sell,1.0,,,1.0,,,,1751722456.367
2683,ETH-256623982,1751723406839,0,0.042,0.041555,59.91,ETH-25JUL25-2600-C,2515.88,buy,1.0,,,1.0,,,,1751723406.839
2684,ETH-256623986,1751723409243,0,0.0425,0.041559,60.45,ETH-25JUL25-2600-C,2515.92,buy,1.0,,,1.0,,,,1751723409.243
2685,ETH-256623992,1751723415776,1,0.0425,0.041567,60.46,ETH-25JUL25-2600-C,2515.87,buy,1.0,,,1.0,,,,1751723415.776
2686,ETH-256623999,1751723433265,1,0.0425,0.041573,60.45,ETH-25JUL25-2600-C,2515.91,buy,1.0,,,1.0,,,,1751723433.265
2687,ETH-256624011,1751723451337,1,0.0425,0.041596,60.42,ETH-25JUL25-2600-C,2516.06,buy,1.0,,,1.0,,,,1751723451.337
2688,ETH-256624026,1751723462093,1,0.0425,0.04161,60.42,ETH-25JUL25-2600-C,2516.04,buy,1.0,,,1.0,,,,1751723462.093
2689,ETH-256624033,1751723467706,1,0.0425,0.041584,60.43,ETH-25JUL25-2600-C,2516.02,buy,1.0,,,1.0,,,,1751723467.706
2690,ETH-256624058,1751723491044,1,0.0425,0.041555,60.47,ETH-25JUL25-2600-C,2515.86,buy,1.0,,,1.0,,,,1751723491.044
2691,ETH-256624077,1751723524539,1,0.0425,0.041576,60.48,ETH-25JUL25-2600-C,2515.81,buy,1.0,,,1.0,,,,1751723524.539
2692,ETH-256624261,1751723878797,2,0.042,0.04158,60.01,ETH-25JUL25-2600-C,2515.23,sell,1.0,,,1.0,,,,1751723878.797
2693,ETH-256625041,1751725206605,2,0.041,0.041675,58.89,ETH-25JUL25-2600-C,2515.55,sell,1.0,,,1.0,,,,1751725206.605
2694,ETH-256625400,1751726292201,0,0.042,0.04225,59.33,ETH-25JUL25-2600-C,2519.09,buy,2.0,,,2.0,,,,1751726292.201
2695,ETH-256628702,1751733346236,2,0.04,0.039888,60.14,ETH-25JUL25-2600-C,2502.31,sell,10.0,,,10.0,,,,1751733346.236
2696,ETH-256631098,1751737234868,3,0.04,0.039869,60.22,ETH-25JUL25-2600-C,2502.32,sell,1.0,,,1.0,,,,1751737234.868
2697,ETH-256631216,1751737678407,3,0.04,0.039873,60.26,ETH-25JUL25-2600-C,2502.24,sell,10.0,,,10.0,,,,1751737678.407
2698,ETH-256631464,1751738848952,2,0.0395,0.039782,59.87,ETH-25JUL25-2600-C,2501.43,sell,20.0,,,20.0,,,,1751738848.952
2699,ETH-256633804,1751744848621,0,0.04,0.040307,59.67,ETH-25JUL25-2600-C,2505.76,buy,1.0,,,1.0,,,,1751744848.621
2700,ETH-256634424,1751747724355,1,0.04,0.039429,60.81,ETH-25JUL25-2600-C,2500.07,buy,2.0,,,2.0,,,,1751747724.355
2701,ETH-256641019,1751779719854,0,0.041,0.040872,60.2,ETH-25JUL25-2600-C,2513.11,buy,2.0,,,2.0,,,,1751779719.854
2702,ETH-256650840,1751805504719,1,0.041,0.040818,60.33,ETH-25JUL25-2600-C,2516.75,buy,2.0,,,2.0,,,,1751805504.719
2703,ETH-256651774,1751807666638,2,0.0405,0.041288,59.29,ETH-25JUL25-2600-C,2519.86,sell,19.0,,,19.0,,,,1751807666.638
2704,ETH-256652695,1751808578948,0,0.043,0.042856,60.3,ETH-25JUL25-2600-C,2529.7,buy,2.0,,,2.0,,,,1751808578.948
2705,ETH-256652835,1751808591095,0,0.044,0.043899,60.23,ETH-25JUL25-2600-C,2535.88,buy,2.0,,,2.0,,,,1751808591.095
2706,ETH-256653164,1751808627094,0,0.0445,0.044299,60.16,ETH-25JUL25-2600-C,2539.62,buy,13.0,,,13.0,,,,1751808627.094
2707,ETH-256653165,1751808627094,1,0.0445,0.044299,60.16,ETH-25JUL25-2600-C,2539.62,buy,2.0,,,2.0,,,,1751808627.094
2708,ETH-256664617,1751812203646,0,0.0475,0.0478,59.9,ETH-25JUL25-2600-C,2558.71,buy,1.0,,,1.0,,,,1751812203.646
2710,ETH-256669795,1751817351736,3,0.047,0.04699,59.87,ETH-25JUL25-2600-C,2556.17,buy,3.0,,,3.0,,,,1751817351.736
2709,ETH-256669794,1751817351736,2,0.047,0.04699,59.87,ETH-25JUL25-2600-C,2556.17,buy,14.0,,,14.0,,,,1751817351.736
2711,ETH-256684807,1751838029691,0,0.0565,0.055275,61.72,ETH-25JUL25-2600-C,2601.71,buy,1.0,,,1.0,,,,1751838029.691
2712,ETH-256684936,1751838054254,2,0.054,0.054417,59.97,ETH-25JUL25-2600-C,2596.97,sell,1.0,,,1.0,,,,1751838054.254
2713,ETH-256684984,1751838066845,0,0.056,0.055075,61.68,ETH-25JUL25-2600-C,2599.49,buy,1.0,,,1.0,,,,1751838066.845
2714,ETH-256684992,1751838071362,2,0.0545,0.054811,60.25,ETH-25JUL25-2600-C,2598.35,sell,1.0,,,1.0,,,,1751838071.362
2715,ETH-256685160,1751838132098,0,0.0565,0.055041,62.18,ETH-25JUL25-2600-C,2599.67,buy,1.0,,,1.0,,,,1751838132.098
2716,ETH-256685210,1751838149605,2,0.0545,0.055079,60.05,ETH-25JUL25-2600-C,2599.19,sell,1.0,,,1.0,,,,1751838149.605
2717,ETH-256685373,1751838169023,0,0.056,0.054888,61.78,ETH-25JUL25-2600-C,2598.81,buy,1.0,,,1.0,,,,1751838169.023
2718,ETH-256685381,1751838173540,2,0.0545,0.054922,60.15,ETH-25JUL25-2600-C,2598.52,sell,1.0,,,1.0,,,,1751838173.54
2719,ETH-256688280,1751839283948,0,0.0555,0.054393,61.92,ETH-25JUL25-2600-C,2595.84,buy,131.0,,,131.0,,,,1751839283.948
2720,ETH-256688596,1751839289341,0,0.056,0.055832,61.23,ETH-25JUL25-2600-C,2601.56,sell,1.0,,,1.0,,,,1751839289.341
2721,ETH-256689175,1751839332536,2,0.0545,0.055056,60.02,ETH-25JUL25-2600-C,2599.54,sell,1.0,,,1.0,,,,1751839332.536
2722,ETH-256689354,1751839345018,0,0.0555,0.054892,61.34,ETH-25JUL25-2600-C,2598.63,buy,1.0,,,1.0,,,,1751839345.018
2723,ETH-256689356,1751839350118,2,0.054,0.054854,59.73,ETH-25JUL25-2600-C,2598.38,sell,1.0,,,1.0,,,,1751839350.118
2724,ETH-256689690,1751839466833,0,0.0555,0.055141,61.28,ETH-25JUL25-2600-C,2599.39,buy,1.0,,,1.0,,,,1751839466.833
2725,ETH-256689775,1751839504127,2,0.0545,0.054771,60.2,ETH-25JUL25-2600-C,2599.22,sell,1.0,,,1.0,,,,1751839504.127
2726,ETH-256689799,1751839516604,0,0.0555,0.054857,61.44,ETH-25JUL25-2600-C,2598.71,buy,1.0,,,1.0,,,,1751839516.604
2727,ETH-256689806,1751839521097,2,0.054,0.054711,60.0,ETH-25JUL25-2600-C,2597.63,sell,1.0,,,1.0,,,,1751839521.097
2728,ETH-256689826,1751839548340,0,0.0555,0.054861,61.4,ETH-25JUL25-2600-C,2599.03,buy,1.0,,,1.0,,,,1751839548.34
2729,ETH-256689836,1751839553930,2,0.054,0.054808,59.83,ETH-25JUL25-2600-C,2598.5,sell,1.0,,,1.0,,,,1751839553.93
2730,ETH-256690531,1751840199161,0,0.055,0.054654,61.0,ETH-25JUL25-2600-C,2597.83,buy,1.0,,,1.0,,,,1751840199.161
2731,ETH-256690631,1751840319014,0,0.0555,0.054917,61.23,ETH-25JUL25-2600-C,2599.29,sell,50.0,,,50.0,,,,1751840319.014
2732,ETH-256691304,1751841120639,2,0.0545,0.054752,60.44,ETH-25JUL25-2600-C,2597.8,sell,22.0,,,22.0,,,,1751841120.639
2733,ETH-256692630,1751842573952,2,0.052,0.052311,60.59,ETH-25JUL25-2600-C,2583.18,sell,1.0,,,1.0,,,,1751842573.952
2734,ETH-256692639,1751842599982,3,0.052,0.052331,60.56,ETH-25JUL25-2600-C,2583.31,sell,1.0,,,1.0,,,,1751842599.982
2735,ETH-256692785,1751842763176,2,0.0515,0.051971,60.45,ETH-25JUL25-2600-C,2581.06,sell,1.0,,,1.0,,,,1751842763.176
2736,ETH-256692860,1751842870241,3,0.0515,0.052141,60.18,ETH-25JUL25-2600-C,2582.32,sell,1.0,,,1.0,,,,1751842870.241
2737,ETH-256693180,1751842910422,2,0.051,0.05182,60.02,ETH-25JUL25-2600-C,2580.5,sell,183.0,,,183.0,,,,1751842910.422
2738,ETH-256696839,1751846457333,2,0.05,0.050142,60.88,ETH-25JUL25-2600-C,2570.99,sell,1.0,,,1.0,,,,1751846457.333
2739,ETH-256696853,1751846470351,3,0.05,0.050229,60.85,ETH-25JUL25-2600-C,2571.12,sell,1.0,,,1.0,,,,1751846470.351
2740,ETH-256696860,1751846488235,3,0.05,0.050186,60.9,ETH-25JUL25-2600-C,2570.85,sell,1.0,,,1.0,,,,1751846488.235
2741,ETH-256696896,1751846573625,3,0.05,0.050234,60.82,ETH-25JUL25-2600-C,2571.17,buy,1.0,,,1.0,,,,1751846573.625
2742,ETH-256698027,1751848147638,2,0.049,0.049147,60.9,ETH-25JUL25-2600-C,2565.37,sell,1.0,,,1.0,,,,1751848147.638
2743,ETH-256698096,1751848216648,3,0.049,0.04923,60.85,ETH-25JUL25-2600-C,2565.54,sell,1.0,,,1.0,,,,1751848216.648
2744,ETH-256698105,1751848230891,3,0.049,0.04922,60.81,ETH-25JUL25-2600-C,2565.74,sell,1.0,,,1.0,,,,1751848230.891
2745,ETH-256698118,1751848244938,3,0.049,0.049295,60.83,ETH-25JUL25-2600-C,2565.64,sell,1.0,,,1.0,,,,1751848244.938
2746,ETH-256698122,1751848259174,3,0.049,0.049234,60.84,ETH-25JUL25-2600-C,2565.63,sell,1.0,,,1.0,,,,1751848259.174
2747,ETH-256698124,1751848265125,3,0.049,0.049236,60.83,ETH-25JUL25-2600-C,2565.66,sell,1.0,,,1.0,,,,1751848265.125
2748,ETH-256698128,1751848270978,3,0.049,0.049231,60.85,ETH-25JUL25-2600-C,2565.59,sell,1.0,,,1.0,,,,1751848270.978
2749,ETH-256698174,1751848313726,3,0.049,0.049078,60.94,ETH-25JUL25-2600-C,2565.31,sell,1.0,,,1.0,,,,1751848313.726
2750,ETH-256699363,1751849698758,2,0.048,0.048018,60.53,ETH-25JUL25-2600-C,2561.76,buy,100.0,,,100.0,,,,1751849698.758
2751,ETH-256699366,1751849700246,3,0.048,0.04802,60.5,ETH-25JUL25-2600-C,2561.95,buy,30.0,,,30.0,,,,1751849700.246
2752,ETH-256699481,1751849793733,2,0.0475,0.047809,60.1,ETH-25JUL25-2600-C,2561.45,buy,29.0,,,29.0,,,,1751849793.733
2753,ETH-256699490,1751849801993,3,0.0475,0.047653,60.22,ETH-25JUL25-2600-C,2560.84,buy,1.0,,,1.0,,,,1751849801.993
2754,ETH-256699494,1751849810832,3,0.0475,0.047642,60.2,ETH-25JUL25-2600-C,2560.95,buy,99.0,,,99.0,,,,1751849810.832
2755,ETH-256700170,1751850755218,2,0.047,0.046977,60.58,ETH-25JUL25-2600-C,2556.01,sell,10.0,,,10.0,,,,1751850755.218
2756,ETH-256702164,1751853423835,0,0.048,0.048213,60.43,ETH-25JUL25-2600-C,2562.04,sell,12.0,,,12.0,,,,1751853423.835
2757,ETH-256702521,1751854028989,0,0.0495,0.049697,60.4,ETH-25JUL25-2600-C,2571.08,buy,4.0,,,4.0,,,,1751854028.989
2758,ETH-256702522,1751854029473,1,0.0495,0.049697,60.4,ETH-25JUL25-2600-C,2571.08,buy,1.0,,,1.0,,,,1751854029.473
2759,ETH-256703231,1751854609351,0,0.051,0.050987,60.62,ETH-25JUL25-2600-C,2578.5,sell,9.0,,,9.0,,,,1751854609.351
2760,ETH-256703232,1751854609468,1,0.051,0.050987,60.62,ETH-25JUL25-2600-C,2578.5,sell,4.0,,,4.0,,,,1751854609.468
2761,ETH-256703233,1751854609481,1,0.051,0.050987,60.62,ETH-25JUL25-2600-C,2578.5,sell,1.0,,,1.0,,,,1751854609.481
2762,ETH-256703234,1751854609619,1,0.051,0.050987,60.62,ETH-25JUL25-2600-C,2578.5,sell,2.0,,,2.0,,,,1751854609.619
2763,ETH-256703370,1751854663950,1,0.051,0.051121,60.5,ETH-25JUL25-2600-C,2579.2,sell,1.0,,,1.0,,,,1751854663.95
2764,ETH-256703371,1751854663958,1,0.051,0.051121,60.5,ETH-25JUL25-2600-C,2579.2,sell,1.0,,,1.0,,,,1751854663.958
2765,ETH-256703372,1751854663966,1,0.051,0.051121,60.5,ETH-25JUL25-2600-C,2579.2,sell,4.0,,,4.0,,,,1751854663.966
2766,ETH-256703377,1751854665013,1,0.051,0.051106,60.5,ETH-25JUL25-2600-C,2579.18,sell,4.0,,,4.0,,,,1751854665.013
2767,ETH-256703378,1751854665699,1,0.051,0.051108,60.54,ETH-25JUL25-2600-C,2579.0,sell,9.0,,,9.0,,,,1751854665.699
2768,ETH-256704714,1751856103861,1,0.051,0.050962,60.55,ETH-25JUL25-2600-C,2578.92,sell,65.0,,,65.0,,,,1751856103.861
2769,ETH-256708394,1751863394688,2,0.0505,0.050505,61.43,ETH-25JUL25-2600-C,2572.94,sell,15.0,,,15.0,,,,1751863394.688
2770,ETH-256708873,1751865057411,3,0.0505,0.050837,60.83,ETH-25JUL25-2600-C,2575.92,sell,1.0,,,1.0,,,,1751865057.411
2771,ETH-256709047,1751865526874,0,0.051,0.050918,61.35,ETH-25JUL25-2600-C,2576.36,sell,10.0,,,10.0,,,,1751865526.874
2772,ETH-256710386,1751868326147,2,0.0491,0.049014,61.3,ETH-25JUL25-2600-C,2566.51,buy,250.0,2.0,BLOCK-208899,250.0,ETH-CCAL-26SEP25_25JUL25-2600,,,1751868326.147
2773,ETH-256710586,1751868702192,0,0.05,0.049432,61.94,ETH-25JUL25-2600-C,2568.41,buy,20.0,,,20.0,,,,1751868702.192
2774,ETH-256719555,1751881651049,2,0.0495,0.050223,60.74,ETH-25JUL25-2600-C,2573.15,sell,1.0,,,1.0,,,,1751881651.049
2775,ETH-256725169,1751889435875,2,0.049,0.048707,61.84,ETH-25JUL25-2600-C,2565.05,buy,20.0,,,20.0,,,,1751889435.875
2776,ETH-256734950,1751895425964,2,0.0475,0.046971,62.42,ETH-25JUL25-2600-C,2554.2,buy,30.0,,,30.0,,,,1751895425.964
2777,ETH-256735288,1751895600878,2,0.047,0.047141,61.73,ETH-25JUL25-2600-C,2554.83,sell,50.0,,,50.0,,,,1751895600.878
2779,ETH-256735878,1751895979193,3,0.047,0.046657,62.29,ETH-25JUL25-2600-C,2552.21,buy,6.0,,,6.0,,,,1751895979.193
2778,ETH-256735877,1751895979193,3,0.047,0.046657,62.29,ETH-25JUL25-2600-C,2552.21,buy,24.0,,,24.0,,,,1751895979.193
2780,ETH-256736586,1751896259425,0,0.049,0.048409,62.64,ETH-25JUL25-2600-C,2561.77,buy,33.0,,,33.0,,,,1751896259.425
2781,ETH-256737161,1751896485630,2,0.0485,0.048165,62.42,ETH-25JUL25-2600-C,2560.18,buy,50.0,,,50.0,,,,1751896485.63
2782,ETH-256737643,1751896721738,0,0.05,0.049734,62.41,ETH-25JUL25-2600-C,2568.61,sell,1.0,,,1.0,,,,1751896721.738
2783,ETH-256738424,1751897081000,2,0.0495,0.048793,62.8,ETH-25JUL25-2600-C,2563.81,buy,10.0,,,10.0,,,,1751897081.0
2784,ETH-256738535,1751897130527,3,0.0495,0.049469,62.19,ETH-25JUL25-2600-C,2566.81,sell,1.0,,,1.0,,,,1751897130.527
2787,ETH-256738742,1751897222135,3,0.0485,0.049001,61.56,ETH-25JUL25-2600-C,2564.48,sell,1.0,,,1.0,,,,1751897222.135
2785,ETH-256738740,1751897222135,2,0.0485,0.049001,61.56,ETH-25JUL25-2600-C,2564.48,sell,50.0,,,50.0,,,,1751897222.135
2786,ETH-256738741,1751897222135,3,0.0485,0.049001,61.56,ETH-25JUL25-2600-C,2564.48,sell,1.0,,,1.0,,,,1751897222.135
2788,ETH-256741206,1751898283740,2,0.0465,0.046345,62.33,ETH-25JUL25-2600-C,2548.75,sell,1.0,,,1.0,,,,1751898283.74
2789,ETH-256743512,1751899599167,2,0.045,0.044799,62.47,ETH-25JUL25-2600-C,2539.19,sell,1.0,,,1.0,,,,1751899599.167
2790,ETH-256743606,1751899724836,2,0.0445,0.044692,62.02,ETH-25JUL25-2600-C,2538.74,sell,1.0,,,1.0,,,,1751899724.836
2791,ETH-256749920,1751905293609,2,0.0405,0.041028,61.63,ETH-25JUL25-2600-C,2517.33,sell,36.0,,,36.0,,,,1751905293.609
2792,ETH-256752818,1751906318082,0,0.043,0.042966,61.91,ETH-25JUL25-2600-C,2531.43,sell,1.0,,,1.0,,,,1751906318.082
2793,ETH-256764807,1751917807654,0,0.0445,0.044736,61.25,ETH-25JUL25-2600-C,2546.17,buy,1.0,,,1.0,,,,1751917807.654
2794,ETH-256764812,1751917810674,1,0.0445,0.044744,61.31,ETH-25JUL25-2600-C,2545.82,buy,1.0,,,1.0,,,,1751917810.674
2795,ETH-256764821,1751917823462,1,0.0445,0.044594,61.39,ETH-25JUL25-2600-C,2545.4,buy,1.0,,,1.0,,,,1751917823.462
2796,ETH-256764831,1751917829895,1,0.0445,0.044755,61.28,ETH-25JUL25-2600-C,2545.88,buy,1.0,,,1.0,,,,1751917829.895
2797,ETH-256764844,1751917841366,1,0.0445,0.044784,61.26,ETH-25JUL25-2600-C,2546.02,buy,1.0,,,1.0,,,,1751917841.366
2798,ETH-256764856,1751917854414,1,0.0445,0.044701,61.26,ETH-25JUL25-2600-C,2546.04,buy,1.0,,,1.0,,,,1751917854.414
2799,ETH-256764871,1751917866256,1,0.0445,0.044795,61.2,ETH-25JUL25-2600-C,2546.37,buy,1.0,,,1.0,,,,1751917866.256
2800,ETH-256764900,1751917881773,1,0.0445,0.044846,61.28,ETH-25JUL25-2600-C,2545.9,buy,1.0,,,1.0,,,,1751917881.773
2801,ETH-256764907,1751917899399,1,0.0445,0.044815,61.2,ETH-25JUL25-2600-C,2546.33,buy,1.0,,,1.0,,,,1751917899.399
2802,ETH-256764913,1751917902865,1,0.0445,0.044839,61.09,ETH-25JUL25-2600-C,2546.85,sell,1.0,,,1.0,,,,1751917902.865
2803,ETH-256764926,1751917911301,1,0.0445,0.044921,61.08,ETH-25JUL25-2600-C,2546.9,sell,1.0,,,1.0,,,,1751917911.301
2804,ETH-256764931,1751917920196,1,0.0445,0.04494,61.06,ETH-25JUL25-2600-C,2547.01,buy,1.0,,,1.0,,,,1751917920.196
2805,ETH-256764973,1751917953180,1,0.0445,0.044857,61.16,ETH-25JUL25-2600-C,2546.49,buy,1.0,,,1.0,,,,1751917953.18
2806,ETH-256765212,1751918108726,1,0.0445,0.044809,61.24,ETH-25JUL25-2600-C,2546.33,sell,1.0,,,1.0,,,,1751918108.726
2807,ETH-256765240,1751918125468,2,0.044,0.044808,60.64,ETH-25JUL25-2600-C,2546.39,sell,1.0,,,1.0,,,,1751918125.468
2808,ETH-256765268,1751918144222,0,0.0445,0.044688,61.31,ETH-25JUL25-2600-C,2545.93,buy,1.0,,,1.0,,,,1751918144.222
2809,ETH-256765269,1751918144397,2,0.044,0.044688,60.73,ETH-25JUL25-2600-C,2545.93,sell,1.0,,,1.0,,,,1751918144.397
2810,ETH-256765295,1751918170442,3,0.044,0.044751,60.72,ETH-25JUL25-2600-C,2545.99,sell,1.0,,,1.0,,,,1751918170.442
2811,ETH-256765363,1751918201396,2,0.0435,0.044354,60.57,ETH-25JUL25-2600-C,2543.87,sell,1.0,,,1.0,,,,1751918201.396
2812,ETH-256765373,1751918207542,0,0.044,0.044406,61.09,ETH-25JUL25-2600-C,2544.12,sell,1.0,,,1.0,,,,1751918207.542
2813,ETH-256765378,1751918209258,1,0.044,0.044413,61.05,ETH-25JUL25-2600-C,2544.3,sell,1.0,,,1.0,,,,1751918209.258
2814,ETH-256765403,1751918227301,1,0.044,0.044509,61.02,ETH-25JUL25-2600-C,2544.48,sell,1.0,,,1.0,,,,1751918227.301
2815,ETH-256765414,1751918241585,1,0.044,0.044479,61.04,ETH-25JUL25-2600-C,2544.32,sell,1.0,,,1.0,,,,1751918241.585
2816,ETH-256765455,1751918268942,1,0.044,0.044485,61.01,ETH-25JUL25-2600-C,2544.45,sell,1.0,,,1.0,,,,1751918268.942
2817,ETH-256765492,1751918295124,1,0.044,0.044637,60.83,ETH-25JUL25-2600-C,2545.27,sell,1.0,,,1.0,,,,1751918295.124
2818,ETH-256765504,1751918322493,1,0.044,0.044595,60.89,ETH-25JUL25-2600-C,2544.89,sell,1.0,,,1.0,,,,1751918322.493
2819,ETH-256765523,1751918346086,1,0.044,0.044698,60.83,ETH-25JUL25-2600-C,2545.13,sell,1.0,,,1.0,,,,1751918346.086
2820,ETH-256765549,1751918356469,1,0.044,0.044391,61.05,ETH-25JUL25-2600-C,2544.08,sell,1.0,,,1.0,,,,1751918356.469
2821,ETH-256765844,1751918586574,2,0.0435,0.043631,61.41,ETH-25JUL25-2600-C,2539.42,buy,1.0,,,1.0,,,,1751918586.574
2822,ETH-256766210,1751918949989,2,0.043,0.043303,61.08,ETH-25JUL25-2600-C,2537.91,buy,1.0,,,1.0,,,,1751918949.989
2823,ETH-256766278,1751919059551,3,0.043,0.043297,61.18,ETH-25JUL25-2600-C,2537.55,buy,1.0,,,1.0,,,,1751919059.551
2824,ETH-256767039,1751919956932,3,0.043,0.04341,61.02,ETH-25JUL25-2600-C,2538.62,sell,1.0,,,1.0,,,,1751919956.932
2825,ETH-256767121,1751920028736,3,0.043,0.043369,61.04,ETH-25JUL25-2600-C,2538.49,buy,1.0,,,1.0,,,,1751920028.736
2826,ETH-256767248,1751920313857,0,0.0435,0.043867,61.01,ETH-25JUL25-2600-C,2541.54,buy,1.0,,,1.0,,,,1751920313.857
2827,ETH-256767684,1751921130087,2,0.042,0.042756,60.5,ETH-25JUL25-2600-C,2535.38,sell,1.0,,,1.0,,,,1751921130.087
2828,ETH-256767763,1751921170494,2,0.0415,0.042389,60.35,ETH-25JUL25-2600-C,2533.1,sell,1.0,,,1.0,,,,1751921170.494
2829,ETH-256767775,1751921178649,3,0.0415,0.042308,60.39,ETH-25JUL25-2600-C,2532.94,sell,1.0,,,1.0,,,,1751921178.649
2830,ETH-256767807,1751921207578,0,0.042,0.042252,61.11,ETH-25JUL25-2600-C,2532.24,buy,1.0,,,1.0,,,,1751921207.578
2831,ETH-256767843,1751921222538,2,0.0415,0.042047,60.74,ETH-25JUL25-2600-C,2531.11,sell,1.0,,,1.0,,,,1751921222.538
2832,ETH-256767914,1751921300475,3,0.0415,0.042094,60.63,ETH-25JUL25-2600-C,2531.67,sell,1.0,,,1.0,,,,1751921300.475
2833,ETH-256767932,1751921329915,2,0.041,0.041965,60.19,ETH-25JUL25-2600-C,2530.69,sell,1.0,,,1.0,,,,1751921329.915
2834,ETH-256768317,1751921766735,0,0.0415,0.042197,60.44,ETH-25JUL25-2600-C,2532.58,sell,1.0,,,1.0,,,,1751921766.735
2835,ETH-256768327,1751921782141,1,0.0415,0.042218,60.41,ETH-25JUL25-2600-C,2532.76,sell,1.0,,,1.0,,,,1751921782.141
2836,ETH-256768350,1751921822843,1,0.0415,0.042148,60.49,ETH-25JUL25-2600-C,2532.33,sell,1.0,,,1.0,,,,1751921822.843
2837,ETH-256768537,1751922094896,0,0.042,0.042341,60.79,ETH-25JUL25-2600-C,2533.5,buy,1.0,,,1.0,,,,1751922094.896
2838,ETH-256770343,1751923701539,2,0.041,0.041044,61.2,ETH-25JUL25-2600-C,2525.62,buy,1.0,,,1.0,,,,1751923701.539
2839,ETH-256772921,1751929227507,0,0.042,0.04272,60.39,ETH-25JUL25-2600-C,2536.38,sell,1.0,,,1.0,,,,1751929227.507
2840,ETH-256772941,1751929237482,1,0.042,0.042758,60.34,ETH-25JUL25-2600-C,2536.6,sell,1.0,,,1.0,,,,1751929237.482
2841,ETH-256772948,1751929240661,1,0.042,0.042759,60.34,ETH-25JUL25-2600-C,2536.6,sell,1.0,,,1.0,,,,1751929240.661
2842,ETH-256772977,1751929259280,1,0.042,0.042772,60.31,ETH-25JUL25-2600-C,2536.74,sell,1.0,,,1.0,,,,1751929259.28
2843,ETH-256773007,1751929285076,1,0.042,0.042873,60.2,ETH-25JUL25-2600-C,2537.22,sell,1.0,,,1.0,,,,1751929285.076
2844,ETH-256773035,1751929312108,0,0.0425,0.042921,60.7,ETH-25JUL25-2600-C,2537.59,sell,1.0,,,1.0,,,,1751929312.108
2845,ETH-256773058,1751929329359,1,0.0425,0.042932,60.69,ETH-25JUL25-2600-C,2537.67,sell,1.0,,,1.0,,,,1751929329.359
2846,ETH-256775216,1751934370596,0,0.0445,0.04397,61.66,ETH-25JUL25-2600-C,2545.65,buy,72.0,,,72.0,,,,1751934370.596
2847,ETH-256775330,1751934372043,0,0.0455,0.043977,62.03,ETH-25JUL25-2600-C,2549.67,buy,39.0,,,39.0,,,,1751934372.043
2848,ETH-256776490,1751935740904,2,0.044,0.044521,60.4,ETH-25JUL25-2600-C,2549.11,sell,8.0,,,8.0,,,,1751935740.904
2849,ETH-256776520,1751935740954,3,0.044,0.044519,60.51,ETH-25JUL25-2600-C,2548.57,sell,4.0,,,4.0,,,,1751935740.954
2850,ETH-256776527,1751935740989,3,0.044,0.044519,60.51,ETH-25JUL25-2600-C,2548.57,sell,3.0,,,3.0,,,,1751935740.989
2851,ETH-256784424,1751948946069,2,0.0415,0.041494,60.56,ETH-25JUL25-2600-C,2535.0,buy,1.0,,,1.0,,,,1751948946.069
2852,ETH-256785766,1751952171796,0,0.0426,0.042456,59.72,ETH-25JUL25-2600-C,2545.88,buy,250.0,2.0,BLOCK-209041,250.0,ETH-CCAL-26SEP25_25JUL25-2600,,,1751952171.796
2853,ETH-256791030,1751961981324,0,0.043,0.043316,59.14,ETH-25JUL25-2600-C,2552.66,buy,1.0,,,1.0,,,,1751961981.324
2854,ETH-256791032,1751961984342,1,0.043,0.043319,59.13,ETH-25JUL25-2600-C,2552.67,buy,2.0,,,2.0,,,,1751961984.342
2855,ETH-256794768,1751966998465,1,0.043,0.042439,59.63,ETH-25JUL25-2600-C,2549.53,buy,3.0,,,3.0,,,,1751966998.465
2856,ETH-256802565,1751978963016,0,0.048,0.047956,58.99,ETH-25JUL25-2600-C,2583.35,sell,1.0,,,1.0,,,,1751978963.016
2858,ETH-256802668,1751978983177,3,0.0475,0.047908,58.52,ETH-25JUL25-2600-C,2582.93,sell,8.0,,,8.0,,,,1751978983.177
2857,ETH-256802667,1751978983177,2,0.0475,0.047908,58.52,ETH-25JUL25-2600-C,2582.93,sell,11.0,,,11.0,,,,1751978983.177
2859,ETH-256804379,1751981757692,2,0.0465,0.046806,58.45,ETH-25JUL25-2600-C,2577.55,sell,7.0,,,7.0,,,,1751981757.692
2861,ETH-256804732,1751982214520,3,0.0465,0.04684,58.42,ETH-25JUL25-2600-C,2577.46,sell,13.0,,,13.0,,,,1751982214.52
2860,ETH-256804731,1751982214520,3,0.0465,0.04684,58.42,ETH-25JUL25-2600-C,2577.46,sell,97.0,,,97.0,,,,1751982214.52
2862,ETH-256804742,1751982215305,3,0.0465,0.046818,58.47,ETH-25JUL25-2600-C,2577.2,sell,37.0,,,37.0,,,,1751982215.305
2863,ETH-256804757,1751982216171,3,0.0465,0.04678,58.51,ETH-25JUL25-2600-C,2577.0,sell,1.0,,,1.0,,,,1751982216.171
2865,ETH-256806656,1751982730956,1,0.049,0.049327,58.57,ETH-25JUL25-2600-C,2590.87,sell,11.0,,,11.0,,,,1751982730.956
2864,ETH-256806655,1751982730956,0,0.049,0.049327,58.57,ETH-25JUL25-2600-C,2590.87,sell,15.0,,,15.0,,,,1751982730.956
2866,ETH-256806942,1751982876210,1,0.049,0.049239,58.63,ETH-25JUL25-2600-C,2590.36,sell,19.0,,,19.0,,,,1751982876.21
2868,ETH-256806964,1751982904820,1,0.049,0.049286,58.66,ETH-25JUL25-2600-C,2590.29,sell,11.0,,,11.0,,,,1751982904.82
2867,ETH-256806963,1751982904820,1,0.049,0.049286,58.66,ETH-25JUL25-2600-C,2590.29,sell,5.0,,,5.0,,,,1751982904.82
2869,ETH-256808417,1751983878045,2,0.0465,0.047101,58.38,ETH-25JUL25-2600-C,2577.93,sell,40.0,,,40.0,,,,1751983878.045
2870,ETH-256808419,1751983878153,3,0.0465,0.047101,58.38,ETH-25JUL25-2600-C,2577.93,sell,16.0,,,16.0,,,,1751983878.153
2871,ETH-256813591,1751990526206,2,0.0445,0.0447,58.47,ETH-25JUL25-2600-C,2566.81,buy,1.0,,,1.0,,,,1751990526.206
2872,ETH-256819945,1751994817190,0,0.054,0.053883,58.6,ETH-25JUL25-2600-C,2618.05,sell,10.0,,,10.0,,,,1751994817.19
2873,ETH-256819946,1751994817190,1,0.054,0.053883,58.6,ETH-25JUL25-2600-C,2618.05,sell,8.0,,,8.0,,,,1751994817.19
2875,ETH-256823291,1751995869858,1,0.0545,0.054141,59.57,ETH-25JUL25-2600-C,2616.68,buy,35.0,,,35.0,,,,1751995869.858
2874,ETH-256823290,1751995869858,0,0.0545,0.054141,59.57,ETH-25JUL25-2600-C,2616.68,buy,50.0,,,50.0,,,,1751995869.858
2876,ETH-256825378,1751997205630,0,0.0565,0.05561,60.18,ETH-25JUL25-2600-C,2624.15,buy,1.0,,,1.0,,,,1751997205.63
2877,ETH-256825410,1751997214069,2,0.0545,0.055308,58.19,ETH-25JUL25-2600-C,2622.58,sell,1.0,,,1.0,,,,1751997214.069
2878,ETH-256825464,1751997233544,0,0.057,0.055867,60.5,ETH-25JUL25-2600-C,2625.33,buy,1.0,,,1.0,,,,1751997233.544
2879,ETH-256835774,1752008441699,2,0.0505,0.050966,58.65,ETH-25JUL25-2600-C,2600.0,sell,1.0,,,1.0,,,,1752008441.699
2880,ETH-256835861,1752008481240,2,0.05,0.050647,58.42,ETH-25JUL25-2600-C,2598.48,sell,1.0,,,1.0,,,,1752008481.24
2881,ETH-256837229,1752010876327,0,0.0525,0.05284,59.18,ETH-25JUL25-2600-C,2608.2,sell,13.0,,,13.0,,,,1752010876.327
2882,ETH-256839051,1752013818430,1,0.0525,0.052357,59.54,ETH-25JUL25-2600-C,2606.95,buy,3.0,,,3.0,,,,1752013818.43
2883,ETH-256839265,1752014612049,0,0.053,0.052965,59.46,ETH-25JUL25-2600-C,2610.09,buy,1.0,,,1.0,,,,1752014612.049
2884,ETH-256842702,1752022200881,0,0.054,0.053667,60.69,ETH-25JUL25-2600-C,2610.24,sell,1.0,,,1.0,,,,1752022200.881
2885,ETH-256842703,1752022200899,1,0.054,0.053667,60.69,ETH-25JUL25-2600-C,2610.24,sell,7.0,,,7.0,,,,1752022200.899
2886,ETH-256845419,1752024690101,2,0.0535,0.053499,61.01,ETH-25JUL25-2600-C,2606.92,sell,30.0,,,30.0,,,,1752024690.101
2887,ETH-256847093,1752028405697,3,0.0535,0.053327,60.91,ETH-25JUL25-2600-C,2607.56,buy,1.0,,,1.0,,,,1752028405.697
2888,ETH-256847612,1752030023942,2,0.0525,0.052439,60.62,ETH-25JUL25-2600-C,2603.74,buy,4.0,,,4.0,,,,1752030023.942
2889,ETH-256848915,1752032025307,2,0.0515,0.051395,60.74,ETH-25JUL25-2600-C,2597.83,buy,1.0,,,1.0,,,,1752032025.307
2890,ETH-256849691,1752033662274,2,0.0505,0.050507,60.73,ETH-25JUL25-2600-C,2593.09,sell,1.0,,,1.0,,,,1752033662.274
2891,ETH-256849696,1752033673743,3,0.0505,0.050438,60.8,ETH-25JUL25-2600-C,2592.86,sell,1.0,,,1.0,,,,1752033673.743
2892,ETH-256850073,1752034588443,3,0.0505,0.050513,60.76,ETH-25JUL25-2600-C,2592.83,sell,4.0,,,4.0,,,,1752034588.443
2893,ETH-256850076,1752034590467,3,0.0505,0.050509,60.76,ETH-25JUL25-2600-C,2592.83,sell,4.0,,,4.0,,,,1752034590.467
2894,ETH-256850198,1752035344852,0,0.051,0.051063,60.79,ETH-25JUL25-2600-C,2595.13,buy,1.0,,,1.0,,,,1752035344.852
2895,ETH-256850199,1752035347155,1,0.051,0.051059,60.8,ETH-25JUL25-2600-C,2595.07,buy,1.0,,,1.0,,,,1752035347.155
2896,ETH-256850765,1752037211477,0,0.0525,0.052331,60.98,ETH-25JUL25-2600-C,2603.08,sell,1.0,,,1.0,,,,1752037211.477
2897,ETH-256850939,1752037241211,0,0.053,0.052718,61.05,ETH-25JUL25-2600-C,2605.4,sell,1.0,,,1.0,,,,1752037241.211
2898,ETH-256851156,1752037264633,0,0.054,0.053263,61.21,ETH-25JUL25-2600-C,2610.01,sell,1.0,,,1.0,,,,1752037264.633
2899,ETH-256851242,1752037286660,0,0.0545,0.054071,61.21,ETH-25JUL25-2600-C,2612.55,sell,1.0,,,1.0,,,,1752037286.66
2900,ETH-256851720,1752038387232,2,0.0535,0.053448,60.78,ETH-25JUL25-2600-C,2609.42,buy,50.0,,,50.0,,,,1752038387.232
2901,ETH-256851721,1752038392459,3,0.0535,0.053504,60.79,ETH-25JUL25-2600-C,2609.4,buy,28.0,,,28.0,,,,1752038392.459
2902,ETH-256851910,1752039003692,2,0.053,0.052808,60.92,ETH-25JUL25-2600-C,2606.24,sell,1.0,,,1.0,,,,1752039003.692
2903,ETH-256851911,1752039013680,3,0.053,0.052787,60.94,ETH-25JUL25-2600-C,2606.16,sell,1.0,,,1.0,,,,1752039013.68
2904,ETH-256851913,1752039021865,3,0.053,0.052789,60.95,ETH-25JUL25-2600-C,2606.14,buy,1.0,,,1.0,,,,1752039021.865
2905,ETH-256851916,1752039032364,3,0.053,0.052783,60.95,ETH-25JUL25-2600-C,2606.13,buy,1.0,,,1.0,,,,1752039032.364
2906,ETH-256851924,1752039056807,3,0.053,0.0528,60.92,ETH-25JUL25-2600-C,2606.26,buy,1.0,,,1.0,,,,1752039056.807
2907,ETH-256851926,1752039067321,3,0.053,0.052792,60.99,ETH-25JUL25-2600-C,2605.94,buy,1.0,,,1.0,,,,1752039067.321
2908,ETH-256851947,1752039103690,3,0.053,0.052756,60.92,ETH-25JUL25-2600-C,2606.25,buy,1.0,,,1.0,,,,1752039103.69
2909,ETH-256851962,1752039114199,3,0.053,0.052869,60.83,ETH-25JUL25-2600-C,2606.68,buy,1.0,,,1.0,,,,1752039114.199
2910,ETH-256851981,1752039124711,3,0.053,0.052887,60.79,ETH-25JUL25-2600-C,2606.79,buy,1.0,,,1.0,,,,1752039124.711
2911,ETH-256851990,1752039130411,3,0.053,0.052932,60.74,ETH-25JUL25-2600-C,2607.05,buy,16.0,,,16.0,,,,1752039130.411
2912,ETH-256852063,1752039229589,0,0.0535,0.053381,60.74,ETH-25JUL25-2600-C,2609.21,buy,14.0,,,14.0,,,,1752039229.589
2913,ETH-256852068,1752039231990,1,0.0535,0.053451,60.67,ETH-25JUL25-2600-C,2609.53,buy,6.0,,,6.0,,,,1752039231.99
2914,ETH-256853536,1752039437871,0,0.056,0.055815,61.17,ETH-25JUL25-2600-C,2621.13,buy,20.0,,,20.0,,,,1752039437.871
2915,ETH-256853606,1752039446622,0,0.0565,0.056128,61.12,ETH-25JUL25-2600-C,2623.97,buy,20.0,,,20.0,,,,1752039446.622
2916,ETH-256853820,1752039466469,0,0.057,0.056579,61.26,ETH-25JUL25-2600-C,2625.99,buy,20.0,,,20.0,,,,1752039466.469
2917,ETH-256855858,1752039658095,0,0.059,0.058654,61.63,ETH-25JUL25-2600-C,2635.08,buy,30.0,,,30.0,,,,1752039658.095
2918,ETH-256857655,1752040493514,2,0.0575,0.057373,61.33,ETH-25JUL25-2600-C,2628.51,buy,1.0,,,1.0,,,,1752040493.514
2919,ETH-256857863,1752040839105,3,0.0575,0.057476,61.17,ETH-25JUL25-2600-C,2628.94,buy,1.0,,,1.0,,,,1752040839.105
2920,ETH-256859871,1752043917103,0,0.058,0.057588,61.57,ETH-25JUL25-2600-C,2629.85,buy,20.0,,,20.0,,,,1752043917.103
2921,ETH-256859960,1752044104721,1,0.058,0.057942,61.1,ETH-25JUL25-2600-C,2632.03,buy,20.0,,,20.0,,,,1752044104.721
2922,ETH-256862696,1752048112418,2,0.056,0.056237,60.52,ETH-25JUL25-2600-C,2624.39,buy,1.0,,,1.0,,,,1752048112.418
2923,ETH-256870057,1752058090650,2,0.0541,0.053704,59.82,ETH-25JUL25-2600-C,2619.06,buy,150.0,4.0,BLOCK-209254,150.0,,,,1752058090.65
2924,ETH-256873884,1752062853963,0,0.0565,0.056149,60.02,ETH-25JUL25-2600-C,2631.08,buy,1.0,,,1.0,,,,1752062853.963
2925,ETH-256875200,1752063123743,0,0.059,0.058318,60.37,ETH-25JUL25-2600-C,2641.9,buy,1.0,,,1.0,,,,1752063123.743
2926,ETH-256876218,1752063285561,0,0.0615,0.060354,61.42,ETH-25JUL25-2600-C,2650.48,buy,1.0,,,1.0,,,,1752063285.561
2927,ETH-256876238,1752063292754,2,0.0605,0.06031,60.12,ETH-25JUL25-2600-C,2650.75,buy,1.0,,,1.0,,,,1752063292.754
2928,ETH-256876413,1752063316000,0,0.0615,0.060398,61.37,ETH-25JUL25-2600-C,2650.6,buy,1.0,,,1.0,,,,1752063316.0
2929,ETH-256887212,1752067704554,0,0.0645,0.063965,62.26,ETH-25JUL25-2600-C,2661.31,sell,5.0,,,5.0,,,,1752067704.554
2930,ETH-256897571,1752072281524,2,0.0585,0.058765,60.58,ETH-25JUL25-2600-C,2638.72,buy,3.0,,,3.0,,,,1752072281.524
2931,ETH-256905764,1752079194752,0,0.062,0.062444,59.94,ETH-25JUL25-2600-C,2660.11,sell,3.0,,,3.0,,,,1752079194.752
2932,ETH-256906180,1752079706092,0,0.064,0.063444,61.04,ETH-25JUL25-2600-C,2665.21,buy,25.0,,,25.0,,,,1752079706.092
2933,ETH-256906181,1752079706093,1,0.064,0.063444,61.04,ETH-25JUL25-2600-C,2665.21,sell,75.0,,,75.0,,,,1752079706.093
2934,ETH-256906182,1752079706210,1,0.064,0.063444,61.04,ETH-25JUL25-2600-C,2665.21,sell,4.0,,,4.0,,,,1752079706.21
2935,ETH-256906183,1752079716643,1,0.064,0.06356,61.03,ETH-25JUL25-2600-C,2665.22,sell,50.0,,,50.0,,,,1752079716.643
2936,ETH-256906184,1752079716809,1,0.064,0.06356,61.03,ETH-25JUL25-2600-C,2665.22,sell,17.0,,,17.0,,,,1752079716.809
2937,ETH-256911702,1752084502562,0,0.066,0.065947,60.51,ETH-25JUL25-2600-C,2677.6,buy,1.0,,,1.0,,,,1752084502.562
2938,ETH-256912251,1752084525672,0,0.0705,0.066984,63.54,ETH-25JUL25-2600-C,2687.35,buy,1.0,,,1.0,,,,1752084525.672
2939,ETH-256914792,1752084563303,0,0.0725,0.072288,61.17,ETH-25JUL25-2600-C,2705.01,buy,1.0,,,1.0,,,,1752084563.303
2940,ETH-256919317,1752085527236,0,0.076,0.074891,62.86,ETH-25JUL25-2600-C,2716.03,sell,1.0,,,1.0,,,,1752085527.236
2941,ETH-256922212,1752087427165,2,0.075,0.07483,61.27,ETH-25JUL25-2600-C,2716.65,buy,1.0,,,1.0,,,,1752087427.165
2942,ETH-256922240,1752087447620,3,0.075,0.074951,61.28,ETH-25JUL25-2600-C,2716.65,sell,1.0,,,1.0,,,,1752087447.62
2943,ETH-256922350,1752087462902,3,0.075,0.075205,60.98,ETH-25JUL25-2600-C,2717.73,sell,1.0,,,1.0,,,,1752087462.902
2944,ETH-256922442,1752087503928,3,0.075,0.075097,60.95,ETH-25JUL25-2600-C,2717.88,sell,1.0,,,1.0,,,,1752087503.928
2945,ETH-256922467,1752087516810,3,0.075,0.075252,60.91,ETH-25JUL25-2600-C,2717.97,sell,1.0,,,1.0,,,,1752087516.81
2946,ETH-256922512,1752087529693,0,0.0755,0.075523,61.33,ETH-25JUL25-2600-C,2718.84,sell,1.0,,,1.0,,,,1752087529.693
2947,ETH-256922673,1752087642053,0,0.076,0.075954,61.56,ETH-25JUL25-2600-C,2720.28,buy,1.0,,,1.0,,,,1752087642.053
2948,ETH-256922680,1752087645359,1,0.076,0.075986,61.46,ETH-25JUL25-2600-C,2720.6,buy,1.0,,,1.0,,,,1752087645.359
2949,ETH-256922711,1752087658247,1,0.076,0.076058,61.38,ETH-25JUL25-2600-C,2720.84,buy,1.0,,,1.0,,,,1752087658.247
2950,ETH-256922779,1752087672388,2,0.0755,0.075863,61.11,ETH-25JUL25-2600-C,2719.36,sell,1.0,,,1.0,,,,1752087672.388
2951,ETH-256922801,1752087682894,3,0.0755,0.075567,61.38,ETH-25JUL25-2600-C,2718.57,sell,1.0,,,1.0,,,,1752087682.894
2952,ETH-256922852,1752087723554,3,0.0755,0.075581,61.14,ETH-25JUL25-2600-C,2719.73,sell,1.0,,,1.0,,,,1752087723.554
2953,ETH-256923035,1752087755521,3,0.0755,0.075671,61.27,ETH-25JUL25-2600-C,2719.07,buy,1.0,,,1.0,,,,1752087755.521
2954,ETH-256923043,1752087768223,3,0.0755,0.075631,61.31,ETH-25JUL25-2600-C,2718.88,sell,1.0,,,1.0,,,,1752087768.223
2955,ETH-256923715,1752088197892,0,0.076,0.075927,61.9,ETH-25JUL25-2600-C,2719.22,sell,20.0,,,20.0,,,,1752088197.892
2956,ETH-256927607,1752089366021,0,0.082,0.081865,62.53,ETH-25JUL25-2600-C,2744.5,sell,1.0,,,1.0,,,,1752089366.021
2957,ETH-256927771,1752089376512,2,0.0815,0.081642,62.25,ETH-25JUL25-2600-C,2743.18,sell,1.0,,,1.0,,,,1752089376.512
2958,ETH-256928071,1752089435694,3,0.0815,0.081949,61.87,ETH-25JUL25-2600-C,2744.37,sell,1.0,,,1.0,,,,1752089435.694
2959,ETH-256933599,1752090282064,0,0.087,0.087035,63.09,ETH-25JUL25-2600-C,2764.43,sell,1.0,,,1.0,,,,1752090282.064
2960,ETH-256934057,1752090320822,1,0.087,0.087098,63.53,ETH-25JUL25-2600-C,2763.07,sell,1.0,,,1.0,,,,1752090320.822
2961,ETH-256934152,1752090328754,2,0.086,0.086545,63.02,ETH-25JUL25-2600-C,2760.33,sell,1.0,,,1.0,,,,1752090328.754
2962,ETH-256934570,1752090415467,2,0.085,0.085274,63.09,ETH-25JUL25-2600-C,2755.47,sell,1.0,,,1.0,,,,1752090415.467
2963,ETH-256934689,1752090450740,0,0.086,0.086241,63.25,ETH-25JUL25-2600-C,2759.32,buy,1.0,,,1.0,,,,1752090450.74
2964,ETH-256934776,1752090485226,2,0.0855,0.085826,63.12,ETH-25JUL25-2600-C,2757.72,sell,1.0,,,1.0,,,,1752090485.226
2965,ETH-256934825,1752090510265,3,0.0855,0.085728,63.3,ETH-25JUL25-2600-C,2757.26,sell,1.0,,,1.0,,,,1752090510.265
2966,ETH-256938849,1752090824613,0,0.093,0.093053,64.81,ETH-25JUL25-2600-C,2785.52,sell,1.0,,,1.0,,,,1752090824.613
2967,ETH-256943857,1752091241788,2,0.087,0.087539,64.04,ETH-25JUL25-2600-C,2761.67,sell,100.0,,,100.0,,,,1752091241.788
2968,ETH-256947712,1752092025966,2,0.084,0.083983,63.55,ETH-25JUL25-2600-C,2749.66,buy,9.0,,,9.0,,,,1752092025.966
2969,ETH-256947737,1752092033462,3,0.084,0.084179,63.34,ETH-25JUL25-2600-C,2750.29,buy,11.0,,,11.0,,,,1752092033.462
2970,ETH-256948505,1752092472903,0,0.0844,0.084715,62.96,ETH-25JUL25-2600-C,2753.31,sell,250.0,2.0,BLOCK-209375,250.0,ETH-CSR12-25JUL25-2600_3200,,,1752092472.903
2971,ETH-256948828,1752092649845,2,0.0835,0.084053,62.69,ETH-25JUL25-2600-C,2749.77,sell,100.0,,,100.0,,,,1752092649.845
2972,ETH-256950287,1752093358136,2,0.0825,0.082726,62.84,ETH-25JUL25-2600-C,2744.78,sell,100.0,,,100.0,,,,1752093358.136
2973,ETH-256954342,1752095647866,2,0.082,0.082108,62.73,ETH-25JUL25-2600-C,2743.31,buy,1.0,,,1.0,,,,1752095647.866
2974,ETH-256956225,1752097851956,0,0.084,0.08435,62.37,ETH-25JUL25-2600-C,2753.76,sell,20.0,,,20.0,,,,1752097851.956
2975,ETH-256966548,1752102019836,0,0.0924,0.091131,65.73,ETH-25JUL25-2600-C,2780.61,buy,1000.0,2.0,BLOCK-209408,1000.0,ETH-CDIAG-29AUG25_25JUL25-3100_2600,,,1752102019.836
2976,ETH-256966658,1752102053425,0,0.0926,0.091205,66.17,ETH-25JUL25-2600-C,2779.98,buy,1000.0,2.0,BLOCK-209410,1000.0,ETH-CDIAG-29AUG25_25JUL25-3100_2600,,,1752102053.425
2977,ETH-256967329,1752102462631,2,0.092,0.091481,65.26,ETH-25JUL25-2600-C,2778.65,buy,1000.0,2.0,BLOCK-209417,1000.0,ETH-STRG-25JUL25-2400_2600,,,1752102462.631
2978,ETH-256971360,1752106189703,2,0.09,0.09,65.05,ETH-25JUL25-2600-C,2771.0,sell,1.0,,,1.0,,,,1752106189.703
2979,ETH-256972042,1752106884187,2,0.089,0.089132,64.71,ETH-25JUL25-2600-C,2768.08,buy,1.0,,,1.0,,,,1752106884.187
2980,ETH-256976019,1752111015564,2,0.088,0.088205,62.82,ETH-25JUL25-2600-C,2771.31,buy,50.0,,,50.0,,,,1752111015.564
2981,ETH-256986335,1752118778361,0,0.0905,0.090404,65.43,ETH-25JUL25-2600-C,2774.97,sell,1.0,,,1.0,,,,1752118778.361
2982,ETH-256991191,1752126286251,1,0.0905,0.090304,64.73,ETH-25JUL25-2600-C,2777.38,buy,1.0,,,1.0,,,,1752126286.251
2983,ETH-256991193,1752126292021,1,0.0905,0.090293,64.75,ETH-25JUL25-2600-C,2777.35,buy,1.0,,,1.0,,,,1752126292.021
2984,ETH-256995240,1752129463891,0,0.0945,0.094377,64.6,ETH-25JUL25-2600-C,2795.02,sell,1.0,,,1.0,,,,1752129463.891
2985,ETH-256995241,1752129463893,2,0.094,0.094377,63.85,ETH-25JUL25-2600-C,2795.02,buy,4.0,,,4.0,,,,1752129463.893
2986,ETH-257000462,1752131652404,0,0.101,0.10056,65.67,ETH-25JUL25-2600-C,2820.2,buy,1.0,,,1.0,,,,1752131652.404
2987,ETH-257007441,1752133726941,2,0.0942,0.093954,65.09,ETH-25JUL25-2600-C,2792.47,buy,200.0,2.0,BLOCK-209512,200.0,ETH-CCAL-26SEP25_25JUL25-2600,,,1752133726.941
2988,ETH-257016249,1752139799201,2,0.0925,0.092375,65.51,ETH-25JUL25-2600-C,2784.2,buy,16.0,,,16.0,,,,1752139799.201
2989,ETH-257016387,1752139922849,2,0.092,0.091883,65.52,ETH-25JUL25-2600-C,2782.11,buy,29.0,,,29.0,,,,1752139922.849
2990,ETH-257016388,1752139922856,3,0.092,0.091883,65.52,ETH-25JUL25-2600-C,2782.11,buy,5.0,,,5.0,,,,1752139922.856
2991,ETH-257016885,1752140356584,3,0.092,0.092065,65.3,ETH-25JUL25-2600-C,2782.64,buy,1.0,,,1.0,,,,1752140356.584
2992,ETH-257016924,1752140361894,0,0.0925,0.092072,65.89,ETH-25JUL25-2600-C,2783.12,buy,1.0,,,1.0,,,,1752140361.894
2993,ETH-257017623,1752141029834,2,0.091,0.090846,65.52,ETH-25JUL25-2600-C,2778.1,buy,1.0,,,1.0,,,,1752141029.834
2994,ETH-257017838,1752141350591,3,0.091,0.091155,65.18,ETH-25JUL25-2600-C,2778.68,buy,1.0,,,1.0,,,,1752141350.591
2995,ETH-257017903,1752141410253,2,0.0905,0.090538,65.31,ETH-25JUL25-2600-C,2776.45,buy,10.0,,,10.0,,,,1752141410.253
2996,ETH-257018083,1752141680278,0,0.0915,0.091304,65.66,ETH-25JUL25-2600-C,2779.4,buy,1.0,,,1.0,,,,1752141680.278
2997,ETH-257028148,1752153232864,0,0.0925,0.092518,65.19,ETH-25JUL25-2600-C,2786.99,sell,6.0,,,6.0,,,,1752153232.864
2998,ETH-257039441,1752159516966,2,0.09,0.089864,65.32,ETH-25JUL25-2600-C,2777.7,buy,5.0,,,5.0,,,,1752159516.966
2999,ETH-257046466,1752164781102,0,0.095,0.094626,66.18,ETH-25JUL25-2600-C,2797.5,buy,1.0,,,1.0,,,,1752164781.102
3000,ETH-257052771,1752166309860,0,0.097,0.097037,66.52,ETH-25JUL25-2600-C,2804.97,buy,15.0,,,15.0,,,,1752166309.86
3001,ETH-257054321,1752166978404,1,0.097,0.097005,66.36,ETH-25JUL25-2600-C,2804.91,buy,1.0,,,1.0,,,,1752166978.404
3002,ETH-257080328,1752182249404,0,0.1045,0.103708,67.33,ETH-25JUL25-2600-C,2834.96,buy,1.0,,,1.0,,,,1752182249.404
3003,ETH-257081186,1752182311077,0,0.11,0.109253,67.52,ETH-25JUL25-2600-C,2857.33,buy,2.0,,,2.0,,,,1752182311.077
3004,ETH-257096906,1752183575188,0,0.1225,0.122427,68.51,ETH-25JUL25-2600-C,2910.94,buy,3.0,,,3.0,,,,1752183575.188
3005,ETH-257097273,1752183608016,0,0.1235,0.123206,68.72,ETH-25JUL25-2600-C,2914.82,buy,2.0,,,2.0,,,,1752183608.016
3006,ETH-257117644,1752184324136,0,0.1385,0.137909,70.45,ETH-25JUL25-2600-C,2972.79,buy,50.0,,,50.0,,,,1752184324.136
3007,ETH-257142357,1752186780207,2,0.134,0.134163,71.01,ETH-25JUL25-2600-C,2954.41,buy,10.0,,,10.0,,,,1752186780.207
3008,ETH-257142586,1752186816773,0,0.135,0.135317,70.58,ETH-25JUL25-2600-C,2959.33,buy,5.0,,,5.0,,,,1752186816.773
3009,ETH-257145759,1752187993285,0,0.1365,0.138395,66.58,ETH-25JUL25-2600-C,2973.26,sell,1.0,,,1.0,,,,1752187993.285
3010,ETH-257149184,1752189543384,2,0.135,0.134966,70.83,ETH-25JUL25-2600-C,2959.31,buy,6.0,,,6.0,,,,1752189543.384
3011,ETH-257149449,1752189700204,2,0.1345,0.134718,70.46,ETH-25JUL25-2600-C,2957.78,sell,4.0,,,4.0,,,,1752189700.204
3012,ETH-257149793,1752189915394,3,0.1345,0.134359,71.02,ETH-25JUL25-2600-C,2956.87,buy,100.0,,,100.0,,,,1752189915.394
3013,ETH-257154603,1752192454015,2,0.133,0.133075,70.67,ETH-25JUL25-2600-C,2951.0,buy,6.0,,,6.0,,,,1752192454.015
3014,ETH-257164540,1752197216960,2,0.1315,0.131128,69.73,ETH-25JUL25-2600-C,2947.63,buy,2.0,,,2.0,,,,1752197216.96
3015,ETH-257192229,1752211361745,0,0.1425,0.142736,69.6,ETH-25JUL25-2600-C,2991.62,sell,28.0,,,28.0,,,,1752211361.745
3016,ETH-257192230,1752211361750,1,0.1425,0.142736,69.6,ETH-25JUL25-2600-C,2991.62,sell,4.0,,,4.0,,,,1752211361.75
3017,ETH-257192259,1752211361880,1,0.1425,0.142736,69.6,ETH-25JUL25-2600-C,2991.62,sell,28.0,,,28.0,,,,1752211361.88
3018,ETH-257192260,1752211361891,1,0.1425,0.142736,69.6,ETH-25JUL25-2600-C,2991.62,sell,4.0,,,4.0,,,,1752211361.891
3019,ETH-257192261,1752211362108,1,0.1425,0.142732,69.94,ETH-25JUL25-2600-C,2991.06,sell,14.0,,,14.0,,,,1752211362.108
3020,ETH-257192264,1752211362378,1,0.1425,0.142732,69.94,ETH-25JUL25-2600-C,2991.06,sell,122.0,,,122.0,,,,1752211362.378
3021,ETH-257198414,1752212142764,0,0.148,0.148112,71.93,ETH-25JUL25-2600-C,3010.07,buy,1.0,,,1.0,,,,1752212142.764
3022,ETH-257214142,1752216660518,2,0.1445,0.14575,69.98,ETH-25JUL25-2600-C,2998.93,sell,17.0,,,17.0,,,,1752216660.518
3023,ETH-257214144,1752216660528,3,0.1445,0.14575,69.98,ETH-25JUL25-2600-C,2998.93,sell,3.0,,,3.0,,,,1752216660.528
3024,ETH-257234362,1752221189683,2,0.1415,0.141429,73.63,ETH-25JUL25-2600-C,2979.51,buy,4.0,,,4.0,,,,1752221189.683
3025,ETH-257241496,1752223482873,0,0.148,0.147123,74.29,ETH-25JUL25-2600-C,3006.2,sell,1.0,,,1.0,,,,1752223482.873
3026,ETH-257307202,1752251101395,2,0.134,0.13544,66.63,ETH-25JUL25-2600-C,2962.81,buy,1.0,,,1.0,,,,1752251101.395
3027,ETH-257319165,1752260325822,0,0.1435,0.143475,70.69,ETH-25JUL25-2600-C,2995.58,buy,1.0,,,1.0,,,,1752260325.822
3028,ETH-257329404,1752267679149,2,0.1395,0.139768,70.03,ETH-25JUL25-2600-C,2980.93,buy,1.0,,,1.0,,,,1752267679.149
3029,ETH-257354066,1752292109552,2,0.134,0.134595,69.93,ETH-25JUL25-2600-C,2962.34,buy,1.0,,,1.0,,,,1752292109.552
3030,ETH-257354067,1752292134110,3,0.134,0.134768,69.61,ETH-25JUL25-2600-C,2962.78,buy,4.0,,,4.0,,,,1752292134.11
3031,ETH-257370182,1752309890587,0,0.1345,0.134234,69.69,ETH-25JUL25-2600-C,2966.74,sell,1.0,,,1.0,,,,1752309890.587
3032,ETH-257389245,1752325550983,2,0.128,0.128136,68.17,ETH-25JUL25-2600-C,2939.33,buy,1.0,,,1.0,,,,1752325550.983
3033,ETH-257409199,1752338590000,0,0.1285,0.128198,71.9,ETH-25JUL25-2600-C,2934.93,buy,1.0,,,1.0,,,,1752338590.0
3034,ETH-257462381,1752424339756,0,0.1405,0.141822,72.1,ETH-25JUL25-2600-C,2989.2,buy,15.0,,,15.0,,,,1752424339.756
3035,ETH-257490208,1752440097824,1,0.1405,0.140028,71.1,ETH-25JUL25-2600-C,2993.36,buy,1.0,,,1.0,,,,1752440097.824
3036,ETH-257500003,1752444866796,2,0.13,0.130486,66.47,ETH-25JUL25-2600-C,2957.85,buy,77.0,,,77.0,,,,1752444866.796
3038,ETH-257500005,1752444866797,3,0.13,0.130486,66.47,ETH-25JUL25-2600-C,2957.85,buy,73.0,,,73.0,,,,1752444866.797
3037,ETH-257500004,1752444866797,3,0.13,0.130486,66.47,ETH-25JUL25-2600-C,2957.85,buy,20.0,,,20.0,,,,1752444866.797
3039,ETH-257535810,1752467765315,0,0.156,0.15519,75.58,ETH-25JUL25-2600-C,3050.1,sell,5.0,,,5.0,,,,1752467765.315
3040,ETH-257535872,1752467827200,2,0.1555,0.155162,73.95,ETH-25JUL25-2600-C,3049.92,sell,5.0,,,5.0,,,,1752467827.2
3041,ETH-257535904,1752467852445,2,0.155,0.154611,74.34,ETH-25JUL25-2600-C,3047.49,sell,10.0,,,10.0,,,,1752467852.445
3042,ETH-257553465,1752474687512,2,0.1505,0.150722,71.83,ETH-25JUL25-2600-C,3032.37,buy,13.0,,,13.0,,,,1752474687.512
3043,ETH-257553466,1752474688861,3,0.1505,0.150667,71.94,ETH-25JUL25-2600-C,3032.25,buy,11.0,,,11.0,,,,1752474688.861
3044,ETH-257553801,1752474706790,2,0.149,0.148886,72.44,ETH-25JUL25-2600-C,3025.86,buy,2.0,,,2.0,,,,1752474706.79
3045,ETH-257610932,1752503111343,0,0.153,0.153066,74.49,ETH-25JUL25-2600-C,3042.87,buy,3.0,,,3.0,,,,1752503111.343
3046,ETH-257627246,1752509668853,2,0.1445,0.144209,78.14,ETH-25JUL25-2600-C,3004.1,buy,3.0,,,3.0,,,,1752509668.853
3047,ETH-257687270,1752561705692,2,0.1365,0.136135,74.05,ETH-25JUL25-2600-C,2979.21,buy,1.0,,,1.0,,,,1752561705.692
3048,ETH-257713577,1752583894711,0,0.1394,0.139904,66.25,ETH-25JUL25-2600-C,3001.85,sell,100.0,4.0,BLOCK-210867,100.0,,,,1752583894.711
3049,ETH-257786688,1752610009901,0,0.151,0.151269,74.96,ETH-25JUL25-2600-C,3036.48,buy,9.0,,,9.0,,,,1752610009.901
3050,ETH-257788272,1752611849769,0,0.1536,0.153974,75.05,ETH-25JUL25-2600-C,3047.35,sell,4.0,,,4.0,ETH-CCAL-25JUL25_18JUL25-2600,ETH-257788270,,1752611849.769
3051,ETH-257841707,1752650721610,0,0.1805,0.181947,66.84,ETH-25JUL25-2600-C,3162.58,sell,2.0,,,2.0,,,,1752650721.61
3052,ETH-257841929,1752650905196,2,0.18,0.18195,59.87,ETH-25JUL25-2600-C,3162.67,sell,3.0,,,3.0,,,,1752650905.196
3053,ETH-257852992,1752655001078,0,0.1825,0.182592,78.03,ETH-25JUL25-2600-C,3165.86,buy,1.0,,,1.0,,,,1752655001.078
3054,ETH-257895282,1752675816637,0,0.1894,0.189314,82.7,ETH-25JUL25-2600-C,3192.32,buy,170.0,2.0,BLOCK-211228,170.0,,,8904.0,1752675816.637
3055,ETH-257901837,1752676476390,0,0.1995,0.200946,66.31,ETH-25JUL25-2600-C,3239.96,sell,50.0,,,50.0,,,,1752676476.39
3056,ETH-257904188,1752676933382,0,0.2,0.199371,88.31,ETH-25JUL25-2600-C,3232.51,buy,36.0,,,36.0,,,,1752676933.382
3057,ETH-257909702,1752677828871,0,0.2066,0.206578,87.29,ETH-25JUL25-2600-C,3261.92,sell,10.0,,,10.0,ETH-CCAL-25JUL25_18JUL25-2600,ETH-257909700,,1752677828.871
3058,ETH-257910531,1752678024623,2,0.206,0.204641,95.14,ETH-25JUL25-2600-C,3253.96,buy,2.0,,,2.0,,,,1752678024.623
3059,ETH-257917328,1752679513606,2,0.199,0.199133,83.79,ETH-25JUL25-2600-C,3230.76,buy,1.0,,,1.0,,,,1752679513.606
3060,ETH-257945132,1752686227679,0,0.2125,0.211944,90.05,ETH-25JUL25-2600-C,3286.32,buy,1.0,,,1.0,,,,1752686227.679
3061,ETH-257964607,1752691000866,0,0.2305,0.228981,102.13,ETH-25JUL25-2600-C,3361.15,buy,38.0,,,38.0,,,,1752691000.866
3062,ETH-257984295,1752695431031,0,0.2312,0.22999,103.13,ETH-25JUL25-2600-C,3367.76,sell,10.0,,,10.0,ETH-CDIAG-27MAR26_25JUL25-2400_2600,ETH-257984294,,1752695431.031
3063,ETH-258000757,1752697082193,0,0.24,0.23914,101.58,ETH-25JUL25-2600-C,3408.74,buy,17.0,,,17.0,,,,1752697082.193
3064,ETH-258000777,1752697082542,1,0.24,0.23914,101.58,ETH-25JUL25-2600-C,3408.74,buy,83.0,,,83.0,,,,1752697082.542
3065,ETH-258023020,1752700863848,2,0.235,0.235112,94.48,ETH-25JUL25-2600-C,3389.66,sell,1.0,,,1.0,,,,1752700863.848
3066,ETH-258037198,1752704265968,2,0.2335,0.233498,94.64,ETH-25JUL25-2600-C,3383.42,buy,1.0,,,1.0,,,,1752704265.968
3067,ETH-258113040,1752735668675,0,0.245,0.244834,107.29,ETH-25JUL25-2600-C,3429.51,buy,20.0,,,20.0,,,,1752735668.675
3068,ETH-258118914,1752737551695,2,0.2445,0.245528,91.99,ETH-25JUL25-2600-C,3433.0,sell,50.0,,,50.0,,,,1752737551.695
3069,ETH-258118936,1752737558660,3,0.2445,0.245648,91.08,ETH-25JUL25-2600-C,3433.24,sell,50.0,,,50.0,,,,1752737558.66
3070,ETH-258125163,1752738031198,0,0.25,0.248977,112.18,ETH-25JUL25-2600-C,3451.9,buy,95.0,,,95.0,,,,1752738031.198
3071,ETH-258125168,1752738031228,1,0.25,0.248977,112.18,ETH-25JUL25-2600-C,3451.9,buy,5.0,,,5.0,,,,1752738031.228
3072,ETH-258150506,1752741680462,2,0.246,0.246101,105.73,ETH-25JUL25-2600-C,3437.26,sell,2.0,,,2.0,,,,1752741680.462
3073,ETH-258150654,1752741717783,2,0.2455,0.245553,106.41,ETH-25JUL25-2600-C,3434.94,sell,2.0,,,2.0,,,,1752741717.783
3074,ETH-258150675,1752741722387,3,0.2455,0.245395,108.59,ETH-25JUL25-2600-C,3433.91,sell,2.0,,,2.0,,,,1752741722.387
3075,ETH-258150908,1752741777217,0,0.246,0.246061,106.51,ETH-25JUL25-2600-C,3436.86,sell,2.0,,,2.0,,,,1752741777.217
3076,ETH-258151120,1752741879120,1,0.246,0.246245,104.57,ETH-25JUL25-2600-C,3437.81,sell,2.0,,,2.0,,,,1752741879.12
3077,ETH-258151287,1752741963052,2,0.2455,0.245593,106.31,ETH-25JUL25-2600-C,3434.74,sell,2.0,,,2.0,,,,1752741963.052
3078,ETH-258151585,1752742118202,0,0.246,0.246244,104.88,ETH-25JUL25-2600-C,3437.43,sell,5.0,,,5.0,,,,1752742118.202
3079,ETH-258151749,1752742195157,2,0.2455,0.245739,104.98,ETH-25JUL25-2600-C,3435.1,sell,5.0,,,5.0,,,,1752742195.157
3080,ETH-258151792,1752742224100,3,0.2455,0.245553,106.58,ETH-25JUL25-2600-C,3434.34,sell,10.0,,,10.0,,,,1752742224.1
3081,ETH-258151873,1752742280170,3,0.2455,0.245473,108.04,ETH-25JUL25-2600-C,3433.68,sell,10.0,,,10.0,,,,1752742280.17
3082,ETH-258151897,1752742294362,2,0.245,0.245089,106.3,ETH-25JUL25-2600-C,3432.35,sell,8.0,,,8.0,,,,1752742294.362
3083,ETH-258227119,1752765357548,2,0.236,0.23645,94.62,ETH-25JUL25-2600-C,3396.59,buy,5.0,,,5.0,,,,1752765357.548
3084,ETH-258232436,1752768480312,0,0.2392,0.239086,101.27,ETH-25JUL25-2600-C,3408.42,sell,14.0,,,14.0,ETH-CS-25JUL25-2600_3200,ETH-258232435,,1752768480.312
3085,ETH-258289764,1752787095195,0,0.257,0.256413,112.82,ETH-25JUL25-2600-C,3489.38,buy,1.0,,,1.0,,,,1752787095.195
3086,ETH-258458829,1752831718055,0,0.2825,0.282481,111.54,ETH-25JUL25-2600-C,3616.2,buy,1.0,,,1.0,,,,1752831718.055
3087,ETH-258471748,1752836640099,1,0.2825,0.282853,101.04,ETH-25JUL25-2600-C,3618.66,buy,1.0,,,1.0,,,,1752836640.099
3088,ETH-258492310,1752845860520,0,0.288,0.287262,129.0,ETH-25JUL25-2600-C,3639.52,sell,25.0,,,25.0,,,,1752845860.52
3089,ETH-258516839,1752850090999,2,0.275,0.275043,102.88,ETH-25JUL25-2600-C,3581.48,buy,5.0,,,5.0,,,,1752850090.999
3090,ETH-258649772,1752914893551,2,0.2705,0.270705,111.34,ETH-25JUL25-2600-C,3557.96,buy,1.0,,,1.0,,,,1752914893.551
3091,ETH-258742046,1753000836170,0,0.3,0.298955,144.8,ETH-25JUL25-2600-C,3704.05,buy,32.0,,,32.0,,,,1753000836.17
3092,ETH-258742049,1753000836188,1,0.3,0.298955,144.8,ETH-25JUL25-2600-C,3704.05,buy,21.0,,,21.0,,,,1753000836.188
3093,ETH-258742054,1753000836234,1,0.3,0.298955,144.8,ETH-25JUL25-2600-C,3704.05,buy,1.0,,,1.0,,,,1753000836.234
3094,ETH-258742055,1753000836240,1,0.3,0.298955,144.8,ETH-25JUL25-2600-C,3704.05,buy,35.0,,,35.0,,,,1753000836.24
3095,ETH-258776137,1753012151669,0,0.31,0.308698,158.5,ETH-25JUL25-2600-C,3755.56,buy,50.0,,,50.0,,,,1753012151.669
3096,ETH-258793379,1753022626640,2,0.3075,0.307616,140.0,ETH-25JUL25-2600-C,3746.28,sell,25.0,,,25.0,,,,1753022626.64
3097,ETH-258814267,1753029875541,0,0.32,0.319559,154.56,ETH-25JUL25-2600-C,3814.79,buy,15.0,,,15.0,,,,1753029875.541
3098,ETH-258814270,1753029875970,1,0.32,0.319559,154.56,ETH-25JUL25-2600-C,3814.79,buy,2.0,,,2.0,,,,1753029875.97
3099,ETH-258814271,1753029875975,1,0.32,0.319559,154.56,ETH-25JUL25-2600-C,3814.79,buy,3.0,,,3.0,,,,1753029875.975
3100,ETH-258814275,1753029876037,1,0.32,0.319559,154.56,ETH-25JUL25-2600-C,3814.79,buy,23.0,,,23.0,,,,1753029876.037
3101,ETH-258814276,1753029876047,1,0.32,0.319559,154.56,ETH-25JUL25-2600-C,3814.79,buy,1.0,,,1.0,,,,1753029876.047
3102,ETH-258814278,1753029876197,1,0.32,0.319559,154.56,ETH-25JUL25-2600-C,3814.79,buy,6.0,,,6.0,,,,1753029876.197
3103,ETH-258903635,1753076788185,2,0.312,0.311971,153.04,ETH-25JUL25-2600-C,3771.47,sell,1.0,,,1.0,,,,1753076788.185
3104,ETH-258940439,1753098888211,0,0.32,0.320051,145.86,ETH-25JUL25-2600-C,3817.15,buy,14.0,,,14.0,,,,1753098888.211
3105,ETH-258940440,1753098888216,1,0.32,0.320051,145.86,ETH-25JUL25-2600-C,3817.15,buy,6.0,,,6.0,,,,1753098888.216
3106,ETH-258940441,1753098890526,1,0.32,0.319915,149.72,ETH-25JUL25-2600-C,3816.88,buy,3.0,,,3.0,,,,1753098890.526
3107,ETH-258940442,1753098890538,1,0.32,0.319915,149.72,ETH-25JUL25-2600-C,3816.88,buy,2.0,,,2.0,,,,1753098890.538
3108,ETH-258940585,1753098990488,1,0.32,0.319822,157.0,ETH-25JUL25-2600-C,3815.98,buy,75.0,,,75.0,,,,1753098990.488
3109,ETH-258980485,1753113166731,0,0.3215,0.321408,150.3,ETH-25JUL25-2600-C,3826.45,buy,2.0,,,2.0,,,,1753113166.731
3110,ETH-258997520,1753118101482,2,0.314,0.314023,149.66,ETH-25JUL25-2600-C,3785.61,sell,1.0,,,1.0,,,,1753118101.482
3111,ETH-259153955,1753196717773,2,0.2995,0.299135,184.01,ETH-25JUL25-2600-C,3705.62,sell,4.0,,,4.0,,,,1753196717.773
3112,ETH-259254862,1753272924644,2,0.294,0.294236,0.0,ETH-25JUL25-2600-C,3681.63,buy,1.0,,,1.0,,,,1753272924.644
3113,ETH-259301400,1753288968586,2,0.2761,0.276541,0.0,ETH-25JUL25-2600-C,3591.37,buy,175.0,3.0,BLOCK-212884,175.0,,,9659.0,1753288968.586
3114,ETH-259321511,1753299871348,0,0.277,0.277174,0.0,ETH-25JUL25-2600-C,3595.37,sell,2.0,,,2.0,,,,1753299871.348
3115,ETH-259338569,1753307083012,2,0.2745,0.273703,246.18,ETH-25JUL25-2600-C,3577.81,buy,1.0,,,1.0,,,,1753307083.012
3116,ETH-259439234,1753354882080,0,0.2824,0.282377,246.21,ETH-25JUL25-2600-C,3622.87,sell,63.0,4.0,BLOCK-213132,63.0,ETH-CCOND-25JUL25-2600_2700_2800_2900,,,1753354882.08
3117,ETH-259439238,1753354887134,2,0.2823,0.282284,172.63,ETH-25JUL25-2600-C,3622.82,buy,437.0,4.0,BLOCK-213133,437.0,ETH-CCOND-25JUL25-2600_2700_2800_2900,,,1753354887.134
3118,ETH-259474038,1753369002752,0,0.3003,0.303177,0.0,ETH-25JUL25-2600-C,3731.23,sell,250.0,2.0,BLOCK-213265,250.0,,,,1753369002.752
3119,ETH-259522161,1753392838423,0,0.3006,0.300592,343.78,ETH-25JUL25-2600-C,3718.2,buy,4.0,,,4.0,ETH-CDIAG-1AUG25_25JUL25-3000_2600,ETH-259522160,,1753392838.423
3120,ETH-259531821,1753398304152,2,0.2995,0.299842,0.0,ETH-25JUL25-2600-C,3712.65,sell,20.0,,,20.0,,,,1753398304.152
3121,ETH-259536664,1753399542899,2,0.2985,0.299242,0.0,ETH-25JUL25-2600-C,3710.26,sell,36.0,,,36.0,,,,1753399542.899
3122,ETH-259537680,1753399788275,3,0.2985,0.298603,0.0,ETH-25JUL25-2600-C,3706.4,sell,125.0,2.0,BLOCK-213455,125.0,ETH-CS-25JUL25-2600_2700,,,1753399788.275
3123,ETH-259600215,1753419692438,2,0.2872,0.287103,670.05,ETH-25JUL25-2600-C,3646.34,buy,1000.0,2.0,BLOCK-213625,1000.0,,,,1753419692.438
