trade_seq,trade_id,timestamp,tick_direction,price,mark_price,iv,instrument_name,index_price,direction,contracts,amount,combo_trade_id,combo_id,block_trade_leg_count,block_trade_id,liquidation,block_rfq_id,unix_sec
1,ETH-257141635,1752186496285,1,0.017,0.017623,68.21,ETH-25JUL25-3300-C,2954.97,sell,2.0,2.0,,,,,,,1752186496.285
2,ETH-257147782,1752188900049,0,0.0185,0.018517,68.89,ETH-25JUL25-3300-C,2970.05,buy,3.0,3.0,,,,,,,1752188900.049
3,ETH-257149908,1752189977758,2,0.0175,0.017335,69.39,ETH-25JUL25-3300-C,2952.93,sell,5.0,5.0,,,,,,,1752189977.758
4,ETH-257149909,1752189977758,3,0.0175,0.017335,69.39,ETH-25JUL25-3300-C,2952.93,sell,5.0,5.0,,,,,,,1752189977.758
5,ETH-257160803,1752194817314,2,0.0155,0.015812,68.12,ETH-25JUL25-3300-C,2935.74,buy,2.0,2.0,,,,,,,1752194817.314
6,ETH-257164125,1752196992464,3,0.0155,0.015886,66.97,ETH-25JUL25-3300-C,2946.46,sell,5.0,5.0,,,,,,,1752196992.464
7,ETH-257164126,1752196992464,3,0.0155,0.015886,66.97,ETH-25JUL25-3300-C,2946.46,sell,5.0,5.0,,,,,,,1752196992.464
8,ETH-257165215,1752197589469,0,0.016,0.016046,67.32,ETH-25JUL25-3300-C,2950.65,buy,1.0,1.0,,,,,,,1752197589.469
9,ETH-257174105,1752202006685,0,0.0165,0.016809,67.1,ETH-25JUL25-3300-C,2960.28,sell,4.0,4.0,,,,,,,1752202006.685
10,ETH-257177673,1752203932460,0,0.0175,0.017653,67.64,ETH-25JUL25-3300-C,2969.34,buy,2.0,2.0,,,,,,,1752203932.46
11,ETH-257178635,1752204551528,0,0.0185,0.01807,68.63,ETH-25JUL25-3300-C,2974.75,buy,1.0,1.0,,,,,,,1752204551.528
12,ETH-257181002,1752206067561,2,0.018,0.017866,67.97,ETH-25JUL25-3300-C,2973.29,buy,1.0,1.0,,,,,,,1752206067.561
13,ETH-257182721,1752207800432,2,0.017,0.017036,67.69,ETH-25JUL25-3300-C,2962.75,buy,1.0,1.0,,,,,,,1752207800.432
14,ETH-257188915,1752210534821,0,0.019,0.018766,68.1,ETH-25JUL25-3300-C,2985.36,buy,19.0,19.0,,,,,,,1752210534.821
15,ETH-257206487,1752213634843,0,0.021,0.021396,68.69,ETH-25JUL25-3300-C,3005.58,sell,1.0,1.0,,,,,,,1752213634.843
16,ETH-257208535,1752214238943,0,0.022,0.022022,69.69,ETH-25JUL25-3300-C,3010.03,buy,1.0,1.0,,,,,,,1752214238.943
17,ETH-257237537,1752222295737,2,0.02,0.02032,70.35,ETH-25JUL25-3300-C,2982.22,sell,5.0,5.0,,,,,,,1752222295.737
18,ETH-257240277,1752223261946,3,0.02,0.020371,69.69,ETH-25JUL25-3300-C,2987.94,sell,60.0,60.0,,,,,,,1752223261.946
19,ETH-257244765,1752225268371,0,0.022,0.021863,70.56,ETH-25JUL25-3300-C,3005.73,buy,10.0,10.0,,,,,,,1752225268.371
20,ETH-257245254,1752225468093,0,0.023,0.02274,70.68,ETH-25JUL25-3300-C,3016.17,buy,100.0,100.0,,,,,,,1752225468.093
21,ETH-257245802,1752225731081,2,0.0225,0.022565,70.07,ETH-25JUL25-3300-C,3015.21,buy,40.0,40.0,ETH-257245801,ETH-CLAD-25JUL25-3200_3300_3400,,,,,1752225731.081
22,ETH-257250876,1752227268835,0,0.0241,0.023932,71.12,ETH-25JUL25-3300-C,3025.5,buy,8.0,8.0,ETH-257250874,ETH-CLAD-25JUL25-3300_3400_3500,,,,,1752227268.835
23,ETH-257258970,1752230214181,2,0.0225,0.02248,70.85,ETH-25JUL25-3300-C,3009.33,buy,18.0,18.0,,,,,,,1752230214.181
24,ETH-257258971,1752230215349,3,0.0225,0.0225,70.83,ETH-25JUL25-3300-C,3009.45,buy,18.0,18.0,,,,,,,1752230215.349
25,ETH-257259684,1752231107607,3,0.0225,0.022385,71.13,ETH-25JUL25-3300-C,3007.87,buy,5.0,5.0,,,,,,,1752231107.607
27,ETH-257264651,1752233459017,3,0.021,0.02069,71.52,ETH-25JUL25-3300-C,2987.68,buy,60.0,60.0,,,,,,,1752233459.017
26,ETH-257264650,1752233459017,2,0.021,0.02069,71.52,ETH-25JUL25-3300-C,2987.68,buy,100.0,100.0,,,,,,,1752233459.017
28,ETH-257264652,1752233459017,3,0.021,0.02069,71.52,ETH-25JUL25-3300-C,2987.68,buy,20.0,20.0,,,,,,,1752233459.017
30,ETH-257264654,1752233459017,3,0.021,0.02069,71.52,ETH-25JUL25-3300-C,2987.68,buy,20.0,20.0,,,,,,,1752233459.017
29,ETH-257264653,1752233459017,3,0.021,0.02069,71.52,ETH-25JUL25-3300-C,2987.68,buy,50.0,50.0,,,,,,,1752233459.017
31,ETH-257271804,1752238321851,2,0.02,0.020008,71.2,ETH-25JUL25-3300-C,2979.28,buy,50.0,50.0,,,,,,,1752238321.851
32,ETH-257276305,1752240260877,0,0.021,0.020999,70.99,ETH-25JUL25-3300-C,2993.66,buy,10.0,10.0,,,,,,,1752240260.877
33,ETH-257288595,1752245041821,0,0.0215,0.021193,70.78,ETH-25JUL25-3300-C,3001.29,buy,5.0,5.0,,,,,,,1752245041.821
34,ETH-257291846,1752246389494,2,0.0195,0.019486,70.4,ETH-25JUL25-3300-C,2981.03,buy,50.0,50.0,,,,,,,1752246389.494
35,ETH-257293901,1752247073498,2,0.019,0.019041,70.23,ETH-25JUL25-3300-C,2975.99,buy,10.0,10.0,,,,,,,1752247073.498
36,ETH-257293919,1752247091762,3,0.019,0.018962,70.35,ETH-25JUL25-3300-C,2975.14,buy,10.0,10.0,,,,,,,1752247091.762
37,ETH-257293934,1752247106688,3,0.019,0.019202,69.97,ETH-25JUL25-3300-C,2978.0,sell,10.0,10.0,,,,,,,1752247106.688
38,ETH-257294192,1752247275069,0,0.0195,0.01958,70.12,ETH-25JUL25-3300-C,2983.02,buy,10.0,10.0,,,,,,,1752247275.069
39,ETH-257294526,1752247509873,2,0.019,0.019235,69.78,ETH-25JUL25-3300-C,2980.08,sell,10.0,10.0,,,,,,,1752247509.873
40,ETH-257294621,1752247516760,3,0.019,0.019104,70.01,ETH-25JUL25-3300-C,2978.32,buy,10.0,10.0,,,,,,,1752247516.76
41,ETH-257294835,1752247656144,3,0.019,0.019214,69.79,ETH-25JUL25-3300-C,2979.95,sell,10.0,10.0,,,,,,,1752247656.144
42,ETH-257294836,1752247656343,3,0.019,0.019237,69.78,ETH-25JUL25-3300-C,2980.08,sell,10.0,10.0,,,,,,,1752247656.343
43,ETH-257294855,1752247681665,3,0.019,0.01921,69.84,ETH-25JUL25-3300-C,2979.48,sell,10.0,10.0,,,,,,,1752247681.665
44,ETH-257295287,1752247874135,3,0.019,0.019023,70.05,ETH-25JUL25-3300-C,2977.92,buy,8.0,8.0,,,,,,,1752247874.135
45,ETH-257295304,1752247878496,3,0.019,0.019221,69.78,ETH-25JUL25-3300-C,2979.9,buy,10.0,10.0,,,,,,,1752247878.496
46,ETH-257295305,1752247878821,3,0.019,0.019221,69.78,ETH-25JUL25-3300-C,2979.9,buy,10.0,10.0,,,,,,,1752247878.821
47,ETH-257295323,1752247885381,3,0.019,0.019194,69.73,ETH-25JUL25-3300-C,2980.21,buy,10.0,10.0,,,,,,,1752247885.381
48,ETH-257295329,1752247890637,3,0.019,0.019216,69.74,ETH-25JUL25-3300-C,2980.12,buy,8.0,8.0,,,,,,,1752247890.637
49,ETH-257295358,1752247922077,3,0.019,0.019094,69.85,ETH-25JUL25-3300-C,2979.4,buy,10.0,10.0,,,,,,,1752247922.077
50,ETH-257295361,1752247925836,3,0.019,0.019266,69.66,ETH-25JUL25-3300-C,2980.85,buy,4.0,4.0,,,,,,,1752247925.836
53,ETH-257295523,1752248045383,3,0.019,0.018989,69.67,ETH-25JUL25-3300-C,2980.53,buy,10.0,10.0,,,,,,,1752248045.383
52,ETH-257295522,1752248045383,3,0.019,0.018989,69.67,ETH-25JUL25-3300-C,2980.53,buy,10.0,10.0,,,,,,,1752248045.383
51,ETH-257295521,1752248045383,3,0.019,0.018989,69.67,ETH-25JUL25-3300-C,2980.53,buy,10.0,10.0,,,,,,,1752248045.383
54,ETH-257295524,1752248045383,3,0.019,0.018989,69.67,ETH-25JUL25-3300-C,2980.53,buy,8.0,8.0,,,,,,,1752248045.383
57,ETH-257295543,1752248055440,3,0.019,0.018991,69.72,ETH-25JUL25-3300-C,2980.14,buy,10.0,10.0,,,,,,,1752248055.44
55,ETH-257295541,1752248055440,3,0.019,0.018991,69.72,ETH-25JUL25-3300-C,2980.14,buy,10.0,10.0,,,,,,,1752248055.44
56,ETH-257295542,1752248055440,3,0.019,0.018991,69.72,ETH-25JUL25-3300-C,2980.14,buy,10.0,10.0,,,,,,,1752248055.44
58,ETH-257295544,1752248055440,3,0.019,0.018991,69.72,ETH-25JUL25-3300-C,2980.14,buy,8.0,8.0,,,,,,,1752248055.44
60,ETH-257295836,1752248153550,1,0.0195,0.019365,69.93,ETH-25JUL25-3300-C,2985.08,buy,6.0,6.0,,,,,,,1752248153.55
59,ETH-257295835,1752248153550,0,0.0195,0.019365,69.93,ETH-25JUL25-3300-C,2985.08,buy,10.0,10.0,,,,,,,1752248153.55
61,ETH-257296293,1752248276714,1,0.0195,0.019709,69.52,ETH-25JUL25-3300-C,2988.27,buy,4.0,4.0,,,,,,,1752248276.714
62,ETH-257296414,1752248323141,0,0.02,0.020223,69.46,ETH-25JUL25-3300-C,2994.77,sell,3.0,3.0,,,,,,,1752248323.141
63,ETH-257296415,1752248323141,1,0.02,0.020223,69.46,ETH-25JUL25-3300-C,2994.77,sell,3.0,3.0,,,,,,,1752248323.141
64,ETH-257296416,1752248323149,1,0.02,0.020223,69.46,ETH-25JUL25-3300-C,2994.77,sell,8.0,8.0,,,,,,,1752248323.149
65,ETH-257296417,1752248323177,1,0.02,0.020223,69.46,ETH-25JUL25-3300-C,2994.77,sell,10.0,10.0,,,,,,,1752248323.177
66,ETH-257296418,1752248323214,1,0.02,0.020223,69.46,ETH-25JUL25-3300-C,2994.77,sell,4.0,4.0,,,,,,,1752248323.214
67,ETH-257296448,1752248326861,1,0.02,0.020244,69.28,ETH-25JUL25-3300-C,2996.07,sell,10.0,10.0,,,,,,,1752248326.861
68,ETH-257296449,1752248326904,1,0.02,0.020244,69.28,ETH-25JUL25-3300-C,2996.07,sell,10.0,10.0,,,,,,,1752248326.904
70,ETH-257296751,1752248383261,3,0.0195,0.019527,69.79,ETH-25JUL25-3300-C,2986.32,buy,6.0,6.0,,,,,,,1752248383.261
71,ETH-257296752,1752248383261,3,0.0195,0.019527,69.79,ETH-25JUL25-3300-C,2986.32,buy,8.0,8.0,,,,,,,1752248383.261
72,ETH-257296753,1752248383261,3,0.0195,0.019527,69.79,ETH-25JUL25-3300-C,2986.32,buy,10.0,10.0,,,,,,,1752248383.261
69,ETH-257296750,1752248383261,2,0.0195,0.019527,69.79,ETH-25JUL25-3300-C,2986.32,buy,4.0,4.0,,,,,,,1752248383.261
73,ETH-257296770,1752248395872,3,0.0195,0.019548,69.66,ETH-25JUL25-3300-C,2987.22,buy,10.0,10.0,,,,,,,1752248395.872
74,ETH-257296786,1752248399362,3,0.0195,0.01959,69.52,ETH-25JUL25-3300-C,2988.22,buy,10.0,10.0,,,,,,,1752248399.362
75,ETH-257297117,1752248572418,3,0.0195,0.019751,69.13,ETH-25JUL25-3300-C,2991.26,sell,10.0,10.0,,,,,,,1752248572.418
76,ETH-257297118,1752248572430,3,0.0195,0.019751,69.13,ETH-25JUL25-3300-C,2991.26,sell,10.0,10.0,,,,,,,1752248572.43
77,ETH-257297208,1752248621186,3,0.0195,0.019563,69.41,ETH-25JUL25-3300-C,2989.2,buy,10.0,10.0,,,,,,,1752248621.186
78,ETH-257297278,1752248670939,2,0.019,0.019245,69.08,ETH-25JUL25-3300-C,2985.54,sell,10.0,10.0,,,,,,,1752248670.939
79,ETH-257297279,1752248671031,3,0.019,0.019245,69.08,ETH-25JUL25-3300-C,2985.54,sell,10.0,10.0,,,,,,,1752248671.031
80,ETH-257297284,1752248671927,3,0.019,0.01923,69.1,ETH-25JUL25-3300-C,2985.43,sell,4.0,4.0,,,,,,,1752248671.927
81,ETH-257297285,1752248671965,3,0.019,0.01923,69.1,ETH-25JUL25-3300-C,2985.43,sell,6.0,6.0,,,,,,,1752248671.965
82,ETH-257297288,1752248672668,3,0.019,0.019219,69.14,ETH-25JUL25-3300-C,2985.1,buy,10.0,10.0,,,,,,,1752248672.668
83,ETH-257297290,1752248673572,3,0.019,0.019193,69.17,ETH-25JUL25-3300-C,2984.91,buy,8.0,8.0,,,,,,,1752248673.572
84,ETH-257297768,1752248900709,2,0.0185,0.018691,69.3,ETH-25JUL25-3300-C,2977.22,sell,10.0,10.0,,,,,,,1752248900.709
85,ETH-257297769,1752248900713,3,0.0185,0.018691,69.3,ETH-25JUL25-3300-C,2977.22,sell,4.0,4.0,,,,,,,1752248900.713
86,ETH-257297770,1752248900993,3,0.0185,0.018691,69.3,ETH-25JUL25-3300-C,2977.22,sell,10.0,10.0,,,,,,,1752248900.993
87,ETH-257297771,1752248901108,3,0.0185,0.018691,69.3,ETH-25JUL25-3300-C,2977.22,sell,6.0,6.0,,,,,,,1752248901.108
88,ETH-257297815,1752248908823,3,0.0185,0.018625,69.4,ETH-25JUL25-3300-C,2976.53,buy,8.0,8.0,,,,,,,1752248908.823
89,ETH-257297834,1752248916786,3,0.0185,0.018639,69.3,ETH-25JUL25-3300-C,2977.3,sell,10.0,10.0,,,,,,,1752248916.786
90,ETH-257297857,1752248922555,3,0.0185,0.0187,69.23,ETH-25JUL25-3300-C,2977.84,sell,10.0,10.0,,,,,,,1752248922.555
91,ETH-257297858,1752248923108,3,0.0185,0.018707,69.22,ETH-25JUL25-3300-C,2977.88,sell,10.0,10.0,,,,,,,1752248923.108
93,ETH-257298106,1752249032539,3,0.0185,0.018503,69.35,ETH-25JUL25-3300-C,2976.91,buy,8.0,8.0,,,,,,,1752249032.539
94,ETH-257298107,1752249032539,3,0.0185,0.018503,69.35,ETH-25JUL25-3300-C,2976.91,buy,10.0,10.0,,,,,,,1752249032.539
92,ETH-257298105,1752249032539,3,0.0185,0.018503,69.35,ETH-25JUL25-3300-C,2976.91,buy,10.0,10.0,,,,,,,1752249032.539
95,ETH-257298142,1752249043422,3,0.0185,0.018698,68.97,ETH-25JUL25-3300-C,2979.74,sell,2.0,2.0,,,,,,,1752249043.422
96,ETH-257298143,1752249043422,3,0.0185,0.018698,68.97,ETH-25JUL25-3300-C,2979.74,sell,6.0,6.0,,,,,,,1752249043.422
97,ETH-257298184,1752249054207,3,0.0185,0.018624,69.16,ETH-25JUL25-3300-C,2978.33,buy,10.0,10.0,,,,,,,1752249054.207
98,ETH-257298864,1752249220768,2,0.017,0.017228,68.98,ETH-25JUL25-3300-C,2960.63,sell,10.0,10.0,,,,,,,1752249220.768
99,ETH-257300809,1752249400384,2,0.0165,0.016231,70.12,ETH-25JUL25-3300-C,2943.83,buy,1.0,1.0,,,,,,,1752249400.384
100,ETH-257302858,1752249753053,0,0.0175,0.017648,69.29,ETH-25JUL25-3300-C,2964.0,buy,1.0,1.0,,,,,,,1752249753.053
101,ETH-257306893,1752250998615,1,0.0175,0.01751,70.01,ETH-25JUL25-3300-C,2958.91,sell,1.0,1.0,,,,,,,1752250998.615
102,ETH-257307678,1752251322686,0,0.018,0.017873,69.83,ETH-25JUL25-3300-C,2967.03,buy,8.0,8.0,,,,,,,1752251322.686
103,ETH-257307679,1752251322686,1,0.018,0.017873,69.83,ETH-25JUL25-3300-C,2967.03,buy,100.0,100.0,,,,,,,1752251322.686
104,ETH-257307684,1752251327026,1,0.018,0.017905,69.83,ETH-25JUL25-3300-C,2967.08,sell,15.0,15.0,,,,,,,1752251327.026
105,ETH-257307685,1752251327050,1,0.018,0.017905,69.83,ETH-25JUL25-3300-C,2967.08,sell,1.0,1.0,,,,,,,1752251327.05
106,ETH-257307686,1752251327117,1,0.018,0.0179,69.84,ETH-25JUL25-3300-C,2966.98,sell,7.0,7.0,,,,,,,1752251327.117
107,ETH-257307687,1752251328250,1,0.018,0.017899,69.9,ETH-25JUL25-3300-C,2966.54,sell,5.0,5.0,,,,,,,1752251328.25
108,ETH-257307709,1752251331186,1,0.018,0.017866,69.93,ETH-25JUL25-3300-C,2966.35,sell,19.0,19.0,,,,,,,1752251331.186
109,ETH-257307715,1752251334679,1,0.018,0.0179,69.95,ETH-25JUL25-3300-C,2966.2,sell,20.0,20.0,,,,,,,1752251334.679
110,ETH-257307720,1752251340052,1,0.018,0.017863,70.04,ETH-25JUL25-3300-C,2965.49,sell,2.0,2.0,,,,,,,1752251340.052
111,ETH-257307721,1752251340055,1,0.018,0.017863,70.04,ETH-25JUL25-3300-C,2965.49,sell,2.0,2.0,,,,,,,1752251340.055
112,ETH-257307769,1752251404547,0,0.0185,0.018171,70.48,ETH-25JUL25-3300-C,2968.64,buy,1.0,1.0,,,,,,,1752251404.547
113,ETH-257307795,1752251406667,1,0.0185,0.018206,70.4,ETH-25JUL25-3300-C,2969.2,sell,130.0,130.0,,,,,,,1752251406.667
114,ETH-257307796,1752251406673,1,0.0185,0.018206,70.4,ETH-25JUL25-3300-C,2969.2,sell,5.0,5.0,,,,,,,1752251406.673
115,ETH-257307797,1752251406705,1,0.0185,0.018206,70.4,ETH-25JUL25-3300-C,2969.2,sell,364.0,364.0,,,,,,,1752251406.705
116,ETH-257323743,1752263680090,0,0.02,0.02003,69.33,ETH-25JUL25-3300-C,3000.3,buy,20.0,20.0,,,,,,,1752263680.09
117,ETH-257341396,1752273554783,2,0.016,0.016004,70.47,ETH-25JUL25-3300-C,2942.48,sell,6.0,6.0,,,,,,,1752273554.783
118,ETH-257342024,1752273714701,3,0.016,0.015978,70.94,ETH-25JUL25-3300-C,2939.27,sell,2.0,2.0,,,,,,,1752273714.701
119,ETH-257342033,1752273715976,3,0.016,0.015971,70.99,ETH-25JUL25-3300-C,2938.88,sell,5.0,5.0,,,,,,,1752273715.976
120,ETH-257342076,1752273723764,3,0.016,0.015899,71.1,ETH-25JUL25-3300-C,2938.18,buy,26.0,26.0,,,,,,,1752273723.764
121,ETH-257350289,1752282316075,0,0.017,0.016998,70.4,ETH-25JUL25-3300-C,2959.08,buy,20.0,20.0,,,,,,,1752282316.075
122,ETH-257354243,1752292561306,2,0.016,0.016601,68.47,ETH-25JUL25-3300-C,2963.73,sell,11.0,11.0,,,,,,,1752292561.306
123,ETH-257354245,1752292563354,3,0.016,0.016593,68.47,ETH-25JUL25-3300-C,2963.7,sell,3.0,3.0,,,,,,,1752292563.354
124,ETH-257354251,1752292567509,3,0.016,0.01656,68.47,ETH-25JUL25-3300-C,2963.7,sell,1.0,1.0,,,,,,,1752292567.509
125,ETH-257354265,1752292587699,3,0.016,0.016442,68.51,ETH-25JUL25-3300-C,2963.56,sell,1.0,1.0,,,,,,,1752292587.699
126,ETH-257354266,1752292588043,3,0.016,0.016442,68.51,ETH-25JUL25-3300-C,2963.56,sell,1.0,1.0,,,,,,,1752292588.043
127,ETH-257354806,1752292694334,2,0.014,0.015128,65.04,ETH-25JUL25-3300-C,2963.91,buy,20.0,20.0,,,,,,,1752292694.334
128,ETH-257354834,1752292695340,3,0.014,0.01508,65.02,ETH-25JUL25-3300-C,2964.03,sell,1.0,1.0,,,,,,,1752292695.34
130,ETH-257355505,1752292951826,3,0.014,0.013921,64.67,ETH-25JUL25-3300-C,2968.1,sell,246.0,246.0,,,,,,,1752292951.826
129,ETH-257355504,1752292951826,3,0.014,0.013921,64.67,ETH-25JUL25-3300-C,2968.1,sell,84.0,84.0,,,,,,,1752292951.826
131,ETH-257355506,1752292951831,3,0.014,0.013921,64.67,ETH-25JUL25-3300-C,2968.1,sell,3.0,3.0,,,,,,,1752292951.831
132,ETH-257355507,1752292951839,3,0.014,0.013921,64.67,ETH-25JUL25-3300-C,2968.1,sell,7.0,7.0,,,,,,,1752292951.839
133,ETH-257355508,1752292951840,3,0.014,0.013921,64.67,ETH-25JUL25-3300-C,2968.1,sell,1.0,1.0,,,,,,,1752292951.84
134,ETH-257355515,1752292957950,3,0.014,0.013935,64.66,ETH-25JUL25-3300-C,2968.24,sell,16.0,16.0,,,,,,,1752292957.95
135,ETH-257356235,1752293968836,3,0.014,0.013776,65.36,ETH-25JUL25-3300-C,2963.01,buy,1.0,1.0,,,,,,,1752293968.836
136,ETH-257356236,1752293968901,3,0.014,0.013776,65.36,ETH-25JUL25-3300-C,2963.01,buy,9.0,9.0,,,,,,,1752293968.901
137,ETH-257358417,1752295883934,2,0.013,0.012806,65.45,ETH-25JUL25-3300-C,2946.81,buy,2.0,2.0,,,,,,,1752295883.934
138,ETH-257359732,1752297243280,3,0.013,0.012885,65.24,ETH-25JUL25-3300-C,2947.94,buy,1.0,1.0,,,,,,,1752297243.28
140,ETH-257370074,1752309841338,1,0.014,0.01363,65.32,ETH-25JUL25-3300-C,2965.29,buy,1.0,1.0,,,,,,,1752309841.338
139,ETH-257370073,1752309841338,0,0.014,0.01363,65.32,ETH-25JUL25-3300-C,2965.29,buy,2.0,2.0,,,,,,,1752309841.338
142,ETH-257370076,1752309841338,1,0.014,0.01363,65.32,ETH-25JUL25-3300-C,2965.29,buy,48.0,48.0,,,,,,,1752309841.338
141,ETH-257370075,1752309841338,1,0.014,0.01363,65.32,ETH-25JUL25-3300-C,2965.29,buy,249.0,249.0,,,,,,,1752309841.338
143,ETH-257370174,1752309882160,1,0.014,0.013733,65.13,ETH-25JUL25-3300-C,2966.88,buy,20.0,20.0,,,,,,,1752309882.16
144,ETH-257370178,1752309886691,1,0.014,0.013744,65.14,ETH-25JUL25-3300-C,2966.8,buy,36.0,36.0,,,,,,,1752309886.691
145,ETH-257370411,1752309994109,1,0.014,0.013704,65.2,ETH-25JUL25-3300-C,2966.29,buy,8.0,8.0,,,,,,,1752309994.109
146,ETH-257375233,1752313529969,0,0.016,0.015497,67.43,ETH-25JUL25-3300-C,2977.04,buy,1.0,1.0,,,,,,,1752313529.969
147,ETH-257382735,1752321489003,1,0.016,0.015905,69.03,ETH-25JUL25-3300-C,2963.74,sell,1.0,1.0,,,,,,,1752321489.003
148,ETH-257382741,1752321497264,1,0.016,0.015905,69.05,ETH-25JUL25-3300-C,2963.59,sell,1.0,1.0,,,,,,,1752321497.264
149,ETH-257382748,1752321507470,1,0.016,0.015883,69.11,ETH-25JUL25-3300-C,2963.21,buy,1.0,1.0,,,,,,,1752321507.47
150,ETH-257385763,1752324076729,2,0.0145,0.014446,69.76,ETH-25JUL25-3300-C,2935.98,sell,130.0,130.0,,,,,,,1752324076.729
151,ETH-257385764,1752324076736,3,0.0145,0.014446,69.76,ETH-25JUL25-3300-C,2935.98,sell,1.0,1.0,,,,,,,1752324076.736
152,ETH-257385765,1752324076742,3,0.0145,0.014446,69.76,ETH-25JUL25-3300-C,2935.98,sell,1.0,1.0,,,,,,,1752324076.742
153,ETH-257385766,1752324076746,3,0.0145,0.014446,69.76,ETH-25JUL25-3300-C,2935.98,sell,1.0,1.0,,,,,,,1752324076.746
154,ETH-257385767,1752324076750,3,0.0145,0.014446,69.76,ETH-25JUL25-3300-C,2935.98,sell,1.0,1.0,,,,,,,1752324076.75
155,ETH-257385768,1752324076754,3,0.0145,0.014446,69.76,ETH-25JUL25-3300-C,2935.98,sell,1.0,1.0,,,,,,,1752324076.754
156,ETH-257385771,1752324076954,3,0.0145,0.014446,69.76,ETH-25JUL25-3300-C,2935.98,sell,3.0,3.0,,,,,,,1752324076.954
157,ETH-257385772,1752324076958,3,0.0145,0.014446,69.76,ETH-25JUL25-3300-C,2935.98,sell,1.0,1.0,,,,,,,1752324076.958
158,ETH-257385773,1752324076963,3,0.0145,0.014446,69.76,ETH-25JUL25-3300-C,2935.98,sell,1.0,1.0,,,,,,,1752324076.963
159,ETH-257385774,1752324076967,3,0.0145,0.014446,69.76,ETH-25JUL25-3300-C,2935.98,sell,1.0,1.0,,,,,,,1752324076.967
160,ETH-257385775,1752324076971,3,0.0145,0.014446,69.76,ETH-25JUL25-3300-C,2935.98,sell,1.0,1.0,,,,,,,1752324076.971
161,ETH-257385776,1752324076995,3,0.0145,0.014446,69.76,ETH-25JUL25-3300-C,2935.98,sell,3.0,3.0,,,,,,,1752324076.995
162,ETH-257385777,1752324077039,3,0.0145,0.014446,69.76,ETH-25JUL25-3300-C,2935.98,sell,1.0,1.0,,,,,,,1752324077.039
163,ETH-257385782,1752324077275,3,0.0145,0.014428,69.8,ETH-25JUL25-3300-C,2935.66,sell,2.0,2.0,,,,,,,1752324077.275
164,ETH-257385783,1752324077282,3,0.0145,0.014428,69.8,ETH-25JUL25-3300-C,2935.66,sell,1.0,1.0,,,,,,,1752324077.282
165,ETH-257385784,1752324077288,3,0.0145,0.014428,69.8,ETH-25JUL25-3300-C,2935.66,sell,2.0,2.0,,,,,,,1752324077.288
166,ETH-257385785,1752324077294,3,0.0145,0.014428,69.8,ETH-25JUL25-3300-C,2935.66,sell,1.0,1.0,,,,,,,1752324077.294
167,ETH-257391118,1752326724879,2,0.0144,0.014689,69.91,ETH-25JUL25-3300-C,2934.05,sell,250.0,250.0,,,1.0,BLOCK-210263,,,1752326724.879
168,ETH-257393909,1752328687107,0,0.0155,0.015121,71.43,ETH-25JUL25-3300-C,2938.75,buy,1.0,1.0,,,,,,,1752328687.107
169,ETH-257393961,1752328766119,1,0.0155,0.015102,71.42,ETH-25JUL25-3300-C,2938.9,buy,1.0,1.0,,,,,,,1752328766.119
170,ETH-257397977,1752332155837,2,0.0145,0.014486,70.77,ETH-25JUL25-3300-C,2929.99,buy,3.0,3.0,,,,,,,1752332155.837
171,ETH-257403163,1752334692655,2,0.0135,0.013551,71.18,ETH-25JUL25-3300-C,2911.19,buy,256.0,256.0,,,,,,,1752334692.655
172,ETH-257403164,1752334692661,3,0.0135,0.013551,71.18,ETH-25JUL25-3300-C,2911.19,buy,1.0,1.0,,,,,,,1752334692.661
173,ETH-257403773,1752334934018,3,0.0135,0.013529,71.17,ETH-25JUL25-3300-C,2911.21,buy,17.0,17.0,,,,,,,1752334934.018
174,ETH-257403774,1752334934027,3,0.0135,0.013529,71.17,ETH-25JUL25-3300-C,2911.21,buy,4.0,4.0,,,,,,,1752334934.027
175,ETH-257403775,1752334934035,3,0.0135,0.013529,71.17,ETH-25JUL25-3300-C,2911.21,buy,1.0,1.0,,,,,,,1752334934.035
176,ETH-257404160,1752335114514,3,0.0135,0.013504,70.99,ETH-25JUL25-3300-C,2912.58,buy,178.0,178.0,,,,,,,1752335114.514
177,ETH-257405841,1752335673789,2,0.013,0.013291,70.59,ETH-25JUL25-3300-C,2908.23,sell,1.0,1.0,,,,,,,1752335673.789
178,ETH-257408226,1752337101674,0,0.015,0.014831,71.75,ETH-25JUL25-3300-C,2930.39,buy,1.0,1.0,,,,,,,1752337101.674
179,ETH-257408227,1752337101674,1,0.015,0.014831,71.75,ETH-25JUL25-3300-C,2930.39,buy,1.0,1.0,,,,,,,1752337101.674
180,ETH-257408470,1752337319068,1,0.015,0.015284,71.42,ETH-25JUL25-3300-C,2932.91,buy,1.0,1.0,,,,,,,1752337319.068
181,ETH-257423425,1752366707482,0,0.0155,0.015572,71.27,ETH-25JUL25-3300-C,2949.67,buy,20.0,20.0,,,,,,,1752366707.482
182,ETH-257423426,1752366707493,1,0.0155,0.015572,71.27,ETH-25JUL25-3300-C,2949.67,buy,2.0,2.0,,,,,,,1752366707.493
183,ETH-257427819,1752375321834,1,0.0155,0.015427,70.8,ETH-25JUL25-3300-C,2955.04,buy,78.0,78.0,,,,,,,1752375321.834
184,ETH-257428231,1752375764800,1,0.0155,0.015296,71.16,ETH-25JUL25-3300-C,2952.92,buy,1.0,1.0,,,,,,,1752375764.8
185,ETH-257434080,1752389085281,0,0.0165,0.016136,71.99,ETH-25JUL25-3300-C,2964.3,buy,1.0,1.0,,,,,,,1752389085.281
186,ETH-257434334,1752389412441,2,0.016,0.015917,71.5,ETH-25JUL25-3300-C,2961.04,buy,1.0,1.0,,,,,,,1752389412.441
187,ETH-257434892,1752391362383,2,0.0155,0.015971,70.49,ETH-25JUL25-3300-C,2962.37,sell,1.0,1.0,,,,,,,1752391362.383
188,ETH-257434904,1752391551796,3,0.0155,0.015881,70.62,ETH-25JUL25-3300-C,2961.18,sell,49.0,49.0,,,,,,,1752391551.796
189,ETH-257434926,1752391642431,3,0.0155,0.015931,70.57,ETH-25JUL25-3300-C,2961.56,sell,48.0,48.0,,,,,,,1752391642.431
191,ETH-257434928,1752391642431,3,0.0155,0.015931,70.57,ETH-25JUL25-3300-C,2961.56,sell,10.0,10.0,,,,,,,1752391642.431
190,ETH-257434927,1752391642431,3,0.0155,0.015931,70.57,ETH-25JUL25-3300-C,2961.56,sell,20.0,20.0,,,,,,,1752391642.431
192,ETH-257434942,1752391699498,3,0.0155,0.015849,70.72,ETH-25JUL25-3300-C,2960.37,sell,6.0,6.0,,,,,,,1752391699.498
193,ETH-257443378,1752408987451,3,0.0155,0.015536,71.11,ETH-25JUL25-3300-C,2962.45,sell,1.0,1.0,,,,,,,1752408987.451
194,ETH-257443394,1752409002697,3,0.0155,0.015609,70.98,ETH-25JUL25-3300-C,2963.46,sell,1.0,1.0,,,,,,,1752409002.697
195,ETH-257443395,1752409002699,3,0.0155,0.015609,70.98,ETH-25JUL25-3300-C,2963.46,buy,8.0,8.0,,,,,,,1752409002.699
196,ETH-257451208,1752416282620,0,0.0195,0.019304,73.69,ETH-25JUL25-3300-C,2997.52,buy,2.0,2.0,,,,,,,1752416282.62
197,ETH-257452564,1752416403643,0,0.022,0.02107,75.14,ETH-25JUL25-3300-C,3017.25,buy,1.0,1.0,,,,,,,1752416403.643
198,ETH-257455483,1752417525842,2,0.0195,0.019901,73.31,ETH-25JUL25-3300-C,3001.13,sell,2.0,2.0,,,,,,,1752417525.842
199,ETH-257457836,1752419374535,2,0.019,0.019305,72.82,ETH-25JUL25-3300-C,2998.57,buy,15.0,15.0,,,,,,,1752419374.535
200,ETH-257457837,1752419374536,3,0.019,0.019305,72.82,ETH-25JUL25-3300-C,2998.57,buy,51.0,51.0,,,,,,,1752419374.536
201,ETH-257458183,1752419705934,0,0.0195,0.019596,73.27,ETH-25JUL25-3300-C,3002.17,sell,20.0,20.0,,,,,,,1752419705.934
202,ETH-257458286,1752419847680,1,0.0195,0.019688,73.17,ETH-25JUL25-3300-C,3002.88,sell,10.0,10.0,,,,,,,1752419847.68
203,ETH-257484739,1752436973166,2,0.0175,0.017467,72.53,ETH-25JUL25-3300-C,2988.05,buy,11.0,11.0,,,,,,,1752436973.166
204,ETH-257484740,1752436973168,3,0.0175,0.017467,72.53,ETH-25JUL25-3300-C,2988.05,sell,7.0,7.0,,,,,,,1752436973.168
205,ETH-257484741,1752436973170,3,0.0175,0.017467,72.53,ETH-25JUL25-3300-C,2988.05,sell,12.0,12.0,,,,,,,1752436973.17
206,ETH-257488452,1752439592953,2,0.015,0.015668,67.6,ETH-25JUL25-3300-C,2991.04,sell,2.0,2.0,,,,,,,1752439592.953
207,ETH-257488453,1752439592953,3,0.015,0.015668,67.6,ETH-25JUL25-3300-C,2991.04,sell,36.0,36.0,,,,,,,1752439592.953
208,ETH-257488454,1752439592953,3,0.015,0.015668,67.6,ETH-25JUL25-3300-C,2991.04,sell,8.0,8.0,,,,,,,1752439592.953
209,ETH-257488455,1752439592953,3,0.015,0.015668,67.6,ETH-25JUL25-3300-C,2991.04,sell,39.0,39.0,,,,,,,1752439592.953
210,ETH-257488456,1752439592953,3,0.015,0.015668,67.6,ETH-25JUL25-3300-C,2991.04,sell,90.0,90.0,,,,,,,1752439592.953
211,ETH-257488917,1752439718760,2,0.0145,0.01515,67.02,ETH-25JUL25-3300-C,2988.98,sell,20.0,20.0,,,,,,,1752439718.76
213,ETH-257489543,1752439970153,3,0.0145,0.014121,67.04,ETH-25JUL25-3300-C,2989.55,buy,36.0,36.0,,,,,,,1752439970.153
212,ETH-257489542,1752439970153,3,0.0145,0.014121,67.04,ETH-25JUL25-3300-C,2989.55,buy,1.0,1.0,,,,,,,1752439970.153
214,ETH-257489562,1752439999308,3,0.0145,0.014206,66.93,ETH-25JUL25-3300-C,2990.24,buy,2.0,2.0,,,,,,,1752439999.308
215,ETH-257489579,1752440037610,3,0.0145,0.01428,66.8,ETH-25JUL25-3300-C,2991.02,buy,2.0,2.0,,,,,,,1752440037.61
216,ETH-257491207,1752440561460,3,0.0145,0.014179,66.99,ETH-25JUL25-3300-C,2989.34,buy,1.0,1.0,,,,,,,1752440561.46
217,ETH-257491208,1752440561460,3,0.0145,0.014179,66.99,ETH-25JUL25-3300-C,2989.34,buy,49.0,49.0,,,,,,,1752440561.46
218,ETH-257491209,1752440574511,3,0.0145,0.014157,67.0,ETH-25JUL25-3300-C,2989.2,buy,50.0,50.0,,,,,,,1752440574.511
219,ETH-257493340,1752442735746,2,0.013,0.012839,67.31,ETH-25JUL25-3300-C,2964.9,sell,10.0,10.0,,,,,,,1752442735.746
220,ETH-257494023,1752442742850,2,0.012,0.011746,67.43,ETH-25JUL25-3300-C,2948.54,sell,10.0,10.0,,,,,,,1752442742.85
221,ETH-257505095,1752450007813,0,0.013,0.012794,67.41,ETH-25JUL25-3300-C,2966.15,buy,1.0,1.0,,,,,,,1752450007.813
222,ETH-257507647,1752452033695,0,0.0137,0.013701,67.52,ETH-25JUL25-3300-C,2976.06,buy,500.0,500.0,,ETH-CDIAG-25JUL25_18JUL25-3300_3000,3.0,BLOCK-210378,,8634.0,1752452033.695
223,ETH-257511973,1752455823336,2,0.0136,0.01342,68.09,ETH-25JUL25-3300-C,2970.97,buy,500.0,500.0,,ETH-CDIAG-26SEP25_25JUL25-3000_3300,2.0,BLOCK-210385,,8638.0,1752455823.336
224,ETH-257514370,1752459187133,0,0.014,0.013991,67.36,ETH-25JUL25-3300-C,2983.13,buy,1.0,1.0,,,,,,,1752459187.133
225,ETH-257514379,1752459191537,1,0.014,0.01403,67.3,ETH-25JUL25-3300-C,2983.56,buy,2.0,2.0,,,,,,,1752459191.537
226,ETH-257514816,1752459794158,0,0.0145,0.014334,67.62,ETH-25JUL25-3300-C,2988.59,buy,1.0,1.0,,,,,,,1752459794.158
227,ETH-257516544,1752460259651,0,0.0155,0.01559,67.46,ETH-25JUL25-3300-C,3004.06,sell,11.0,11.0,,,,,,,1752460259.651
228,ETH-257517156,1752460578529,2,0.015,0.014804,67.99,ETH-25JUL25-3300-C,2993.6,buy,62.0,62.0,,,,,,,1752460578.529
229,ETH-257517172,1752460578559,3,0.015,0.014804,67.99,ETH-25JUL25-3300-C,2993.6,buy,62.0,62.0,,,,,,,1752460578.559
230,ETH-257520252,1752462040375,0,0.0155,0.015498,68.03,ETH-25JUL25-3300-C,3000.66,sell,10.0,10.0,,,,,,,1752462040.375
231,ETH-257521596,1752462590698,1,0.0155,0.015557,67.71,ETH-25JUL25-3300-C,3002.74,buy,2.0,2.0,,,,,,,1752462590.698
232,ETH-257523706,1752463822163,0,0.017,0.016778,68.15,ETH-25JUL25-3300-C,3019.23,buy,1.0,1.0,,,,,,,1752463822.163
233,ETH-257534001,1752466831796,0,0.0195,0.019359,69.3,ETH-25JUL25-3300-C,3042.48,sell,2.0,2.0,,,,,,,1752466831.796
234,ETH-257534124,1752466948519,1,0.0195,0.019456,69.35,ETH-25JUL25-3300-C,3042.04,sell,2.0,2.0,,,,,,,1752466948.519
235,ETH-257534323,1752467232719,0,0.02,0.019943,69.38,ETH-25JUL25-3300-C,3047.28,buy,20.0,20.0,,,,,,,1752467232.719
236,ETH-257536223,1752468196146,1,0.02,0.020119,69.14,ETH-25JUL25-3300-C,3049.27,sell,20.0,20.0,,,,,,,1752468196.146
237,ETH-257540834,1752470363187,2,0.0195,0.019542,68.89,ETH-25JUL25-3300-C,3046.35,sell,1.0,1.0,,,,,,,1752470363.187
238,ETH-257551052,1752473008027,2,0.0175,0.017493,67.26,ETH-25JUL25-3300-C,3033.41,buy,1.0,1.0,,,,,,,1752473008.027
239,ETH-257562192,1752481318941,0,0.0181,0.017397,69.75,ETH-25JUL25-3300-C,3026.1,buy,500.0,500.0,,ETH-CSR12-25JUL25-3300_3500,2.0,BLOCK-210461,,8701.0,1752481318.941
240,ETH-257562606,1752481830648,2,0.0175,0.017359,68.72,ETH-25JUL25-3300-C,3025.5,sell,40.0,40.0,,,,,,,1752481830.648
241,ETH-257571752,1752487414791,0,0.018,0.018163,68.22,ETH-25JUL25-3300-C,3037.34,sell,1.0,1.0,,,,,,,1752487414.791
242,ETH-257579601,1752490914691,0,0.0205,0.020737,68.66,ETH-25JUL25-3300-C,3063.97,sell,5.0,5.0,,,,,,,1752490914.691
243,ETH-257589522,1752493627364,0,0.021,0.021061,68.95,ETH-25JUL25-3300-C,3069.09,sell,1.0,1.0,,,,,,,1752493627.364
244,ETH-257614472,1752504400245,2,0.018,0.017988,70.07,ETH-25JUL25-3300-C,3030.19,sell,9.0,9.0,,,,,,,1752504400.245
245,ETH-257614766,1752504510866,0,0.0185,0.018082,71.03,ETH-25JUL25-3300-C,3029.88,buy,100.0,100.0,,,,,,,1752504510.866
246,ETH-257614767,1752504510866,1,0.0185,0.018082,71.03,ETH-25JUL25-3300-C,3029.88,buy,26.0,26.0,,,,,,,1752504510.866
247,ETH-257615690,1752504671041,2,0.018,0.017749,71.33,ETH-25JUL25-3300-C,3021.97,buy,27.0,27.0,,,,,,,1752504671.041
248,ETH-257615697,1752504671153,3,0.018,0.017749,71.33,ETH-25JUL25-3300-C,3021.97,buy,2.0,2.0,,,,,,,1752504671.153
249,ETH-257615698,1752504671157,3,0.018,0.017749,71.33,ETH-25JUL25-3300-C,3021.97,buy,1.0,1.0,,,,,,,1752504671.157
250,ETH-257615699,1752504671161,3,0.018,0.017749,71.33,ETH-25JUL25-3300-C,3021.97,buy,1.0,1.0,,,,,,,1752504671.161
251,ETH-257615700,1752504671165,3,0.018,0.017749,71.33,ETH-25JUL25-3300-C,3021.97,buy,3.0,3.0,,,,,,,1752504671.165
252,ETH-257615706,1752504671308,3,0.018,0.017749,71.33,ETH-25JUL25-3300-C,3021.97,buy,3.0,3.0,,,,,,,1752504671.308
253,ETH-257615707,1752504671313,3,0.018,0.017749,71.33,ETH-25JUL25-3300-C,3021.97,buy,1.0,1.0,,,,,,,1752504671.313
254,ETH-257615708,1752504671324,3,0.018,0.017749,71.33,ETH-25JUL25-3300-C,3021.97,buy,1.0,1.0,,,,,,,1752504671.324
255,ETH-257615717,1752504672507,3,0.018,0.017794,71.33,ETH-25JUL25-3300-C,3022.01,buy,177.0,177.0,,,,,,,1752504672.507
256,ETH-257615718,1752504672511,3,0.018,0.017794,71.33,ETH-25JUL25-3300-C,3022.01,buy,1.0,1.0,,,,,,,1752504672.511
257,ETH-257615719,1752504672518,3,0.018,0.017794,71.33,ETH-25JUL25-3300-C,3022.01,buy,2.0,2.0,,,,,,,1752504672.518
258,ETH-257623215,1752508365569,2,0.016,0.016145,71.46,ETH-25JUL25-3300-C,2996.5,sell,2.0,2.0,,,,,,,1752508365.569
260,ETH-257628195,1752509955265,1,0.0175,0.017681,71.03,ETH-25JUL25-3300-C,3018.78,buy,100.0,100.0,,,,,,,1752509955.265
259,ETH-257628194,1752509955265,0,0.0175,0.017681,71.03,ETH-25JUL25-3300-C,3018.78,buy,1.0,1.0,,,,,,,1752509955.265
261,ETH-257636732,1752517797536,2,0.0165,0.016325,70.95,ETH-25JUL25-3300-C,3009.16,buy,1.0,1.0,,,,,,,1752517797.536
262,ETH-257636733,1752517797539,3,0.0165,0.016325,70.95,ETH-25JUL25-3300-C,3009.16,sell,49.0,49.0,,,,,,,1752517797.539
263,ETH-257636930,1752518075373,3,0.0165,0.016513,70.81,ETH-25JUL25-3300-C,3010.49,sell,10.0,10.0,,,,,,,1752518075.373
264,ETH-257636936,1752518075762,3,0.0165,0.016514,70.83,ETH-25JUL25-3300-C,3010.36,sell,40.0,40.0,,,,,,,1752518075.762
265,ETH-257639383,1752520136811,2,0.0155,0.015494,70.7,ETH-25JUL25-3300-C,2998.54,sell,50.0,50.0,,,,,,,1752520136.811
266,ETH-257642336,1752524240843,2,0.014,0.014284,69.99,ETH-25JUL25-3300-C,2984.77,sell,22.0,22.0,,,,,,,1752524240.843
267,ETH-257652138,1752539994371,0,0.0145,0.014803,68.36,ETH-25JUL25-3300-C,3007.33,sell,10.0,10.0,,,,,,,1752539994.371
268,ETH-257657916,1752542812996,2,0.0125,0.012717,69.31,ETH-25JUL25-3300-C,2972.18,sell,161.0,161.0,,,,,,,1752542812.996
270,ETH-257657918,1752542812996,3,0.0125,0.012717,69.31,ETH-25JUL25-3300-C,2972.18,sell,41.0,41.0,,,,,,,1752542812.996
269,ETH-257657917,1752542812996,3,0.0125,0.012717,69.31,ETH-25JUL25-3300-C,2972.18,sell,120.0,120.0,,,,,,,1752542812.996
271,ETH-257657919,1752542812999,3,0.0125,0.012717,69.31,ETH-25JUL25-3300-C,2972.18,buy,246.0,246.0,,,,,,,1752542812.999
272,ETH-257657920,1752542813001,3,0.0125,0.012717,69.31,ETH-25JUL25-3300-C,2972.18,buy,182.0,182.0,,,,,,,1752542813.001
273,ETH-257659400,1752544004368,0,0.014,0.014202,68.55,ETH-25JUL25-3300-C,2999.63,buy,10.0,10.0,,,,,,,1752544004.368
274,ETH-257659649,1752544191895,2,0.0135,0.013705,68.52,ETH-25JUL25-3300-C,2993.32,buy,9.0,9.0,,,,,,,1752544191.895
275,ETH-257659650,1752544191903,3,0.0135,0.013705,68.52,ETH-25JUL25-3300-C,2993.32,buy,1.0,1.0,,,,,,,1752544191.903
276,ETH-257660405,1752544742644,3,0.0135,0.012835,70.39,ETH-25JUL25-3300-C,2979.95,buy,4.0,4.0,,,,,,,1752544742.644
277,ETH-257667587,1752548436512,2,0.0125,0.012462,69.22,ETH-25JUL25-3300-C,2973.67,buy,5.0,5.0,,,,,,,1752548436.512
278,ETH-257670031,1752549027226,2,0.011,0.010753,70.13,ETH-25JUL25-3300-C,2942.87,sell,10.0,10.0,,,,,,,1752549027.226
279,ETH-257673570,1752549682960,2,0.01,0.010603,68.3,ETH-25JUL25-3300-C,2939.31,sell,1.0,1.0,,,,,,,1752549682.96
280,ETH-257673718,1752549797444,0,0.0105,0.011,68.51,ETH-25JUL25-3300-C,2946.27,sell,2.0,2.0,,,,,,,1752549797.444
281,ETH-257677800,1752552353832,1,0.0105,0.010795,69.11,ETH-25JUL25-3300-C,2942.71,sell,20.0,20.0,,,,,,,1752552353.832
282,ETH-257683480,1752558250626,0,0.0115,0.011899,68.13,ETH-25JUL25-3300-C,2967.44,sell,1.0,1.0,,,,,,,1752558250.626
283,ETH-257695403,1752568559454,2,0.0105,0.011245,64.39,ETH-25JUL25-3300-C,2982.38,sell,10.0,10.0,,,,,,,1752568559.454
284,ETH-257695862,1752568988847,3,0.0105,0.011141,64.53,ETH-25JUL25-3300-C,2981.87,sell,3.0,3.0,,,,,,,1752568988.847
285,ETH-257697149,1752570590290,0,0.0112,0.010975,65.69,ETH-25JUL25-3300-C,2984.89,buy,1000.0,1000.0,,ETH-RR-25JUL25-2700_3300,2.0,BLOCK-210825,,,1752570590.29
286,ETH-257697235,1752570677118,0,0.0114,0.010965,66.18,ETH-25JUL25-3300-C,2984.47,buy,1000.0,1000.0,,ETH-RR-25JUL25-2700_3300,2.0,BLOCK-210826,,,1752570677.118
287,ETH-257697236,1752570677178,2,0.011,0.010965,65.31,ETH-25JUL25-3300-C,2984.47,buy,1.0,1.0,,,,,,,1752570677.178
288,ETH-257697251,1752570691910,0,0.0113,0.010951,65.96,ETH-25JUL25-3300-C,2984.64,buy,500.0,500.0,,ETH-RR-25JUL25-2700_3300,2.0,BLOCK-210827,,,1752570691.91
289,ETH-257697335,1752570810481,0,0.0115,0.010886,66.6,ETH-25JUL25-3300-C,2983.59,buy,132.0,132.0,,ETH-RR-25JUL25-2700_3300,2.0,BLOCK-210829,,,1752570810.481
290,ETH-257697337,1752570810499,2,0.0114,0.010886,66.38,ETH-25JUL25-3300-C,2983.59,buy,250.0,250.0,,ETH-RR-25JUL25-2700_3300,2.0,BLOCK-210830,,,1752570810.499
291,ETH-257697356,1752570848055,0,0.0116,0.010982,66.61,ETH-25JUL25-3300-C,2984.89,buy,250.0,250.0,,ETH-RR-25JUL25-2700_3300,2.0,BLOCK-210831,,,1752570848.055
292,ETH-257697458,1752570929449,2,0.0115,0.01115,66.09,ETH-25JUL25-3300-C,2986.69,buy,5.0,5.0,,,,,,,1752570929.449
293,ETH-257697459,1752570929449,3,0.0115,0.01115,66.09,ETH-25JUL25-3300-C,2986.69,buy,2.0,2.0,,,,,,,1752570929.449
294,ETH-257702286,1752577491659,2,0.01,0.010537,64.23,ETH-25JUL25-3300-C,2977.47,sell,1.0,1.0,,,,,,,1752577491.659
295,ETH-257706390,1752581544235,0,0.0112,0.010541,66.65,ETH-25JUL25-3300-C,2981.39,buy,1000.0,1000.0,,ETH-RR-25JUL25-2700_3300,2.0,BLOCK-210857,,,1752581544.235
296,ETH-257706406,1752581577234,0,0.0114,0.010595,67.05,ETH-25JUL25-3300-C,2981.7,buy,1000.0,1000.0,,ETH-RR-25JUL25-2700_3300,2.0,BLOCK-210858,,,1752581577.234
297,ETH-257706526,1752581776854,2,0.0105,0.010631,64.97,ETH-25JUL25-3300-C,2982.38,sell,2.0,2.0,,,,,,,1752581776.854
298,ETH-257706527,1752581776854,3,0.0105,0.010631,64.97,ETH-25JUL25-3300-C,2982.38,sell,4.0,4.0,,,,,,,1752581776.854
299,ETH-257716334,1752585056143,0,0.0135,0.013245,66.71,ETH-25JUL25-3300-C,3016.76,buy,51.0,51.0,,,,,,,1752585056.143
300,ETH-257718602,1752586060135,0,0.0145,0.014276,66.81,ETH-25JUL25-3300-C,3030.04,buy,169.0,169.0,,,,,,,1752586060.135
301,ETH-257718603,1752586060143,1,0.0145,0.014276,66.81,ETH-25JUL25-3300-C,3030.04,buy,13.0,13.0,,,,,,,1752586060.143
302,ETH-257720053,1752586639477,2,0.014,0.014085,66.39,ETH-25JUL25-3300-C,3026.51,sell,2.0,2.0,,,,,,,1752586639.477
303,ETH-257720138,1752586709105,0,0.0145,0.014233,67.07,ETH-25JUL25-3300-C,3028.51,buy,2.0,2.0,,,,,,,1752586709.105
304,ETH-257720139,1752586709108,1,0.0145,0.014233,67.07,ETH-25JUL25-3300-C,3028.51,sell,8.0,8.0,,,,,,,1752586709.108
305,ETH-257720503,1752586855377,2,0.014,0.014029,66.69,ETH-25JUL25-3300-C,3023.92,sell,2.0,2.0,,,,,,,1752586855.377
306,ETH-257723318,1752587471224,0,0.0175,0.017474,67.28,ETH-25JUL25-3300-C,3064.58,sell,2.0,2.0,,,,,,,1752587471.224
307,ETH-257726323,1752588316762,2,0.0166,0.016637,68.39,ETH-25JUL25-3300-C,3046.57,sell,125.0,125.0,,ETH-CDIAG-1AUG25_25JUL25-3400_3300,2.0,BLOCK-210907,,,1752588316.762
308,ETH-257729283,1752589553094,0,0.017,0.017104,69.32,ETH-25JUL25-3300-C,3045.2,sell,2.0,2.0,,,,,,,1752589553.094
309,ETH-257729337,1752589587896,1,0.017,0.01711,69.29,ETH-25JUL25-3300-C,3045.46,sell,2.0,2.0,,,,,,,1752589587.896
310,ETH-257729693,1752589891243,1,0.017,0.017092,69.4,ETH-25JUL25-3300-C,3044.46,sell,2.0,2.0,,,,,,,1752589891.243
311,ETH-257732789,1752590634270,2,0.015,0.015112,70.25,ETH-25JUL25-3300-C,3013.03,sell,10.0,10.0,,,,,,,1752590634.27
312,ETH-257732928,1752590647492,3,0.015,0.01465,71.07,ETH-25JUL25-3300-C,3007.58,buy,10.0,10.0,,,,,,,1752590647.492
313,ETH-257741104,1752592482231,2,0.0135,0.013335,70.4,ETH-25JUL25-3300-C,2991.46,buy,15.0,15.0,,,,,,,1752592482.231
314,ETH-257741105,1752592482233,3,0.0135,0.013335,70.4,ETH-25JUL25-3300-C,2991.46,sell,35.0,35.0,,,,,,,1752592482.233
315,ETH-257742091,1752593023404,3,0.0135,0.013488,70.16,ETH-25JUL25-3300-C,2993.04,sell,36.0,36.0,,,,,,,1752593023.404
316,ETH-257742150,1752593037606,3,0.0135,0.013334,70.61,ETH-25JUL25-3300-C,2989.99,sell,14.0,14.0,,,,,,,1752593037.606
317,ETH-257747093,1752594632953,0,0.0175,0.017646,70.15,ETH-25JUL25-3300-C,3045.52,sell,2.0,2.0,,,,,,,1752594632.953
318,ETH-257749093,1752595187939,1,0.0175,0.017528,71.24,ETH-25JUL25-3300-C,3038.87,sell,50.0,50.0,,,,,,,1752595187.939
319,ETH-257749490,1752595315893,1,0.0175,0.017234,71.81,ETH-25JUL25-3300-C,3035.5,sell,2.0,2.0,,,,,,,1752595315.893
320,ETH-257749491,1752595316147,1,0.0175,0.017234,71.81,ETH-25JUL25-3300-C,3035.5,sell,1.0,1.0,,,,,,,1752595316.147
321,ETH-257755619,1752598305637,0,0.019,0.019236,70.16,ETH-25JUL25-3300-C,3064.32,sell,2.0,2.0,,,,,,,1752598305.637
322,ETH-257758241,1752600504379,1,0.019,0.019016,70.32,ETH-25JUL25-3300-C,3063.66,buy,1.0,1.0,,,,,,,1752600504.379
323,ETH-257764186,1752602434398,0,0.022,0.02234,70.6,ETH-25JUL25-3300-C,3095.67,sell,1.0,1.0,,,,,,,1752602434.398
324,ETH-257764783,1752602768225,1,0.022,0.021845,71.4,ETH-25JUL25-3300-C,3090.69,buy,2.0,2.0,,,,,,,1752602768.225
325,ETH-257767846,1752603035406,2,0.0215,0.021962,71.11,ETH-25JUL25-3300-C,3086.38,sell,1.0,1.0,,,,,,,1752603035.406
326,ETH-257794212,1752618869112,2,0.019,0.019066,69.93,ETH-25JUL25-3300-C,3072.48,sell,1.0,1.0,,,,,,,1752618869.112
327,ETH-257794591,1752619428086,0,0.02,0.020103,69.75,ETH-25JUL25-3300-C,3084.64,buy,1.0,1.0,,,,,,,1752619428.086
329,ETH-257797377,1752620449842,0,0.024,0.022982,71.27,ETH-25JUL25-3300-C,3116.86,buy,17.0,17.0,,,,,,,1752620449.842
328,ETH-257797376,1752620449842,0,0.0235,0.022982,70.42,ETH-25JUL25-3300-C,3116.86,buy,5.0,5.0,,,,,,,1752620449.842
330,ETH-257798846,1752620582340,0,0.0245,0.024539,69.92,ETH-25JUL25-3300-C,3129.74,buy,2.0,2.0,,,,,,,1752620582.34
331,ETH-257800739,1752620926580,0,0.0247,0.024472,69.6,ETH-25JUL25-3300-C,3135.05,buy,400.0,400.0,,ETH-STRG-25JUL25-3000_3300,2.0,BLOCK-211053,,,1752620926.58
332,ETH-257800925,1752620975164,0,0.025,0.024595,69.9,ETH-25JUL25-3300-C,3136.3,buy,150.0,150.0,,,,,,,1752620975.164
333,ETH-257800926,1752620975164,1,0.025,0.024595,69.9,ETH-25JUL25-3300-C,3136.3,buy,14.0,14.0,,,,,,,1752620975.164
334,ETH-257800965,1752620991855,1,0.025,0.024643,69.81,ETH-25JUL25-3300-C,3136.73,buy,20.0,20.0,,,,,,,1752620991.855
335,ETH-257800968,1752620993135,1,0.025,0.02466,69.83,ETH-25JUL25-3300-C,3136.58,buy,23.0,23.0,,,,,,,1752620993.135
336,ETH-257800969,1752620993928,1,0.025,0.024644,69.8,ETH-25JUL25-3300-C,3136.79,buy,3.0,3.0,,,,,,,1752620993.928
339,ETH-257801589,1752621147094,3,0.0245,0.024013,70.18,ETH-25JUL25-3300-C,3130.12,buy,20.0,20.0,,,,,,,1752621147.094
337,ETH-257801587,1752621147094,2,0.0245,0.024013,70.18,ETH-25JUL25-3300-C,3130.12,buy,356.0,356.0,,,,,,,1752621147.094
338,ETH-257801588,1752621147094,3,0.0245,0.024013,70.18,ETH-25JUL25-3300-C,3130.12,buy,179.0,179.0,,,,,,,1752621147.094
340,ETH-257801590,1752621147097,3,0.0245,0.024013,70.18,ETH-25JUL25-3300-C,3130.12,sell,445.0,445.0,,,,,,,1752621147.097
344,ETH-257802019,1752621266147,3,0.024,0.023442,70.65,ETH-25JUL25-3300-C,3122.26,buy,16.0,16.0,,,,,,,1752621266.147
343,ETH-257802018,1752621266147,3,0.024,0.023442,70.65,ETH-25JUL25-3300-C,3122.26,buy,15.0,15.0,,,,,,,1752621266.147
342,ETH-257802017,1752621266147,3,0.024,0.023442,70.65,ETH-25JUL25-3300-C,3122.26,buy,36.0,36.0,,,,,,,1752621266.147
341,ETH-257802016,1752621266147,2,0.024,0.023442,70.65,ETH-25JUL25-3300-C,3122.26,buy,12.0,12.0,,,,,,,1752621266.147
345,ETH-257805688,1752623153117,0,0.0255,0.025507,69.8,ETH-25JUL25-3300-C,3142.19,buy,20.0,20.0,,,,,,,1752623153.117
346,ETH-257806408,1752623571209,2,0.025,0.024988,70.59,ETH-25JUL25-3300-C,3133.23,sell,1.0,1.0,,,,,,,1752623571.209
347,ETH-257806465,1752623639792,3,0.025,0.025,70.75,ETH-25JUL25-3300-C,3132.5,sell,7.0,7.0,,,,,,,1752623639.792
348,ETH-257806470,1752623640251,3,0.025,0.025,70.75,ETH-25JUL25-3300-C,3132.5,sell,11.0,11.0,,,,,,,1752623640.251
349,ETH-257806472,1752623640547,3,0.025,0.024976,70.79,ETH-25JUL25-3300-C,3132.31,sell,4.0,4.0,,,,,,,1752623640.547
350,ETH-257806776,1752623838409,0,0.026,0.025779,71.17,ETH-25JUL25-3300-C,3139.42,buy,20.0,20.0,,,,,,,1752623838.409
351,ETH-257807170,1752624040711,1,0.026,0.026112,71.28,ETH-25JUL25-3300-C,3139.05,sell,1.0,1.0,,,,,,,1752624040.711
352,ETH-257807264,1752624055005,1,0.026,0.025925,71.65,ETH-25JUL25-3300-C,3137.05,sell,1.0,1.0,,,,,,,1752624055.005
353,ETH-257807265,1752624055032,1,0.026,0.025925,71.65,ETH-25JUL25-3300-C,3137.05,sell,1.0,1.0,,,,,,,1752624055.032
354,ETH-257807266,1752624055040,1,0.026,0.025925,71.65,ETH-25JUL25-3300-C,3137.05,sell,8.0,8.0,,,,,,,1752624055.04
355,ETH-257807363,1752624077504,2,0.0255,0.025726,71.21,ETH-25JUL25-3300-C,3134.72,sell,1.0,1.0,,,,,,,1752624077.504
356,ETH-257807378,1752624089564,3,0.0255,0.02565,71.41,ETH-25JUL25-3300-C,3133.62,sell,1.0,1.0,,,,,,,1752624089.564
357,ETH-257807389,1752624095711,3,0.0255,0.025608,71.58,ETH-25JUL25-3300-C,3132.62,sell,1.0,1.0,,,,,,,1752624095.711
358,ETH-257809373,1752625431178,2,0.025,0.025214,70.97,ETH-25JUL25-3300-C,3131.4,buy,3.0,3.0,,,,,,,1752625431.178
359,ETH-257809568,1752625697206,3,0.025,0.024801,71.61,ETH-25JUL25-3300-C,3127.84,buy,10.0,10.0,,,,,,,1752625697.206
360,ETH-257810001,1752625897627,3,0.025,0.024817,71.58,ETH-25JUL25-3300-C,3128.21,buy,10.0,10.0,,,,,,,1752625897.627
361,ETH-257810907,1752626425050,0,0.0275,0.026535,72.37,ETH-25JUL25-3300-C,3147.17,buy,1.0,1.0,,,,,T,,1752626425.05
362,ETH-257810925,1752626425398,2,0.027,0.026814,71.4,ETH-25JUL25-3300-C,3147.84,buy,19.0,19.0,,,,,,,1752626425.398
363,ETH-257812589,1752626870049,2,0.0265,0.026502,71.4,ETH-25JUL25-3300-C,3143.48,sell,37.0,37.0,,,,,,,1752626870.049
364,ETH-257812960,1752627111524,3,0.0265,0.026828,70.94,ETH-25JUL25-3300-C,3146.13,buy,5.0,5.0,,,,,,,1752627111.524
365,ETH-257813031,1752627150511,2,0.026,0.02668,70.45,ETH-25JUL25-3300-C,3144.39,sell,1.0,1.0,,,,,,,1752627150.511
366,ETH-257813919,1752628101943,2,0.0255,0.025619,70.76,ETH-25JUL25-3300-C,3138.22,buy,150.0,150.0,,,,,,,1752628101.943
367,ETH-257815771,1752630117884,2,0.025,0.025249,70.03,ETH-25JUL25-3300-C,3138.31,buy,8.0,8.0,,,,,,,1752630117.884
368,ETH-257816144,1752630420885,3,0.025,0.025182,69.97,ETH-25JUL25-3300-C,3138.57,buy,6.0,6.0,,,,,,,1752630420.885
369,ETH-257816276,1752630633965,3,0.025,0.025286,69.76,ETH-25JUL25-3300-C,3139.85,buy,1.0,1.0,,,,,,,1752630633.965
371,ETH-257817387,1752631535438,3,0.023,0.024043,67.99,ETH-25JUL25-3300-C,3131.18,sell,20.0,20.0,,,,,,,1752631535.438
370,ETH-257817386,1752631535438,2,0.023,0.024043,67.99,ETH-25JUL25-3300-C,3131.18,sell,36.0,36.0,,,,,,,1752631535.438
372,ETH-257817388,1752631535438,3,0.023,0.024043,67.99,ETH-25JUL25-3300-C,3131.18,sell,75.0,75.0,,,,,,,1752631535.438
373,ETH-257817391,1752631535660,3,0.023,0.024043,67.99,ETH-25JUL25-3300-C,3131.18,sell,167.0,167.0,,,,,,,1752631535.66
374,ETH-257817515,1752631545492,0,0.0235,0.023661,69.08,ETH-25JUL25-3300-C,3129.88,buy,30.0,30.0,,,,,,,1752631545.492
375,ETH-257818281,1752632193554,2,0.0225,0.022571,67.74,ETH-25JUL25-3300-C,3127.95,buy,1.0,1.0,,,,,,,1752632193.554
376,ETH-257818832,1752632377143,2,0.0215,0.021921,67.06,ETH-25JUL25-3300-C,3121.96,sell,1.0,1.0,,,,,,,1752632377.143
377,ETH-257818833,1752632377143,3,0.0215,0.021921,67.06,ETH-25JUL25-3300-C,3121.96,sell,6.0,6.0,,,,,,,1752632377.143
378,ETH-257819016,1752632382911,3,0.0215,0.02134,67.87,ETH-25JUL25-3300-C,3117.33,buy,3.0,3.0,,,,,,,1752632382.911
379,ETH-257819023,1752632385139,3,0.0215,0.021477,67.81,ETH-25JUL25-3300-C,3117.64,buy,1.0,1.0,,,,,,,1752632385.139
380,ETH-257819372,1752632588714,2,0.021,0.021316,66.87,ETH-25JUL25-3300-C,3117.93,buy,76.0,76.0,,,,,,,1752632588.714
381,ETH-257827339,1752642096355,3,0.021,0.021,65.18,ETH-25JUL25-3300-C,3130.09,sell,50.0,50.0,,,,,,,1752642096.355
382,ETH-257828522,1752642478034,0,0.0225,0.022353,65.39,ETH-25JUL25-3300-C,3143.63,sell,50.0,50.0,,,,,,,1752642478.034
388,ETH-257830393,1752644523905,1,0.0225,0.022135,65.32,ETH-25JUL25-3300-C,3144.48,buy,36.0,36.0,,,,,,,1752644523.905
386,ETH-257830391,1752644523905,1,0.0225,0.022135,65.32,ETH-25JUL25-3300-C,3144.48,buy,41.0,41.0,,,,,,,1752644523.905
384,ETH-257830389,1752644523905,1,0.0225,0.022135,65.32,ETH-25JUL25-3300-C,3144.48,buy,100.0,100.0,,,,,,,1752644523.905
387,ETH-257830392,1752644523905,1,0.0225,0.022135,65.32,ETH-25JUL25-3300-C,3144.48,buy,16.0,16.0,,,,,,,1752644523.905
383,ETH-257830388,1752644523905,1,0.0225,0.022135,65.32,ETH-25JUL25-3300-C,3144.48,buy,10.0,10.0,,,,,,,1752644523.905
385,ETH-257830390,1752644523905,1,0.0225,0.022135,65.32,ETH-25JUL25-3300-C,3144.48,buy,62.0,62.0,,,,,,,1752644523.905
389,ETH-257832818,1752646062221,2,0.0215,0.021277,64.98,ETH-25JUL25-3300-C,3136.6,buy,19.0,19.0,,,,,,,1752646062.221
391,ETH-257834477,1752647428260,1,0.023,0.022953,65.11,ETH-25JUL25-3300-C,3151.0,sell,16.0,16.0,,,,,,,1752647428.26
390,ETH-257834476,1752647428260,0,0.023,0.022953,65.11,ETH-25JUL25-3300-C,3151.0,sell,10.0,10.0,,,,,,,1752647428.26
392,ETH-257834486,1752647449350,2,0.0225,0.022779,64.58,ETH-25JUL25-3300-C,3149.43,sell,1.0,1.0,,,,,,,1752647449.35
393,ETH-257835160,1752648184500,0,0.0235,0.023323,65.25,ETH-25JUL25-3300-C,3154.72,buy,16.0,16.0,,,,,,,1752648184.5
394,ETH-257835161,1752648184515,1,0.0235,0.023323,65.25,ETH-25JUL25-3300-C,3154.72,buy,1.0,1.0,,,,,,,1752648184.515
395,ETH-257840529,1752649987067,0,0.024,0.024008,65.83,ETH-25JUL25-3300-C,3157.09,sell,1.0,1.0,,,,,,,1752649987.067
396,ETH-257840548,1752649987082,1,0.024,0.024008,65.83,ETH-25JUL25-3300-C,3157.09,sell,16.0,16.0,,,,,,,1752649987.082
397,ETH-257840557,1752649987238,1,0.024,0.024008,65.83,ETH-25JUL25-3300-C,3157.09,sell,1.0,1.0,,,,,,,1752649987.238
398,ETH-257840558,1752649987241,1,0.024,0.024008,65.83,ETH-25JUL25-3300-C,3157.09,sell,6.0,6.0,,,,,,,1752649987.241
399,ETH-257840766,1752650127011,0,0.0245,0.024456,66.11,ETH-25JUL25-3300-C,3160.04,sell,8.0,8.0,,,,,,,1752650127.011
400,ETH-257840767,1752650127012,1,0.0245,0.024456,66.11,ETH-25JUL25-3300-C,3160.04,sell,16.0,16.0,,,,,,,1752650127.012
401,ETH-257841131,1752650321003,0,0.025,0.02497,66.3,ETH-25JUL25-3300-C,3163.69,sell,14.0,14.0,,,,,,,1752650321.003
402,ETH-257841151,1752650336410,1,0.025,0.025059,66.34,ETH-25JUL25-3300-C,3163.48,sell,27.0,27.0,,,,,,,1752650336.41
403,ETH-257841539,1752650645485,1,0.025,0.025296,66.04,ETH-25JUL25-3300-C,3165.31,sell,27.0,27.0,,,,,,,1752650645.485
404,ETH-257841540,1752650645715,1,0.025,0.025296,66.04,ETH-25JUL25-3300-C,3165.31,sell,9.0,9.0,,,,,,,1752650645.715
405,ETH-257841549,1752650657136,1,0.025,0.025279,66.1,ETH-25JUL25-3300-C,3164.92,sell,9.0,9.0,,,,,,,1752650657.136
406,ETH-257841559,1752650657213,1,0.025,0.025279,66.1,ETH-25JUL25-3300-C,3164.92,sell,6.0,6.0,,,,,,,1752650657.213
407,ETH-257841567,1752650657310,1,0.025,0.025269,66.1,ETH-25JUL25-3300-C,3164.91,sell,7.0,7.0,,,,,,,1752650657.31
408,ETH-257841568,1752650657311,1,0.025,0.025269,66.1,ETH-25JUL25-3300-C,3164.91,sell,1.0,1.0,,,,,,,1752650657.311
409,ETH-257841573,1752650657410,1,0.025,0.025269,66.1,ETH-25JUL25-3300-C,3164.91,sell,25.0,25.0,,,,,,,1752650657.41
410,ETH-257841574,1752650657411,1,0.025,0.025269,66.1,ETH-25JUL25-3300-C,3164.91,sell,1.0,1.0,,,,,,,1752650657.411
411,ETH-257841575,1752650657510,1,0.025,0.025269,66.1,ETH-25JUL25-3300-C,3164.91,sell,1.0,1.0,,,,,,,1752650657.51
412,ETH-257841576,1752650657535,1,0.025,0.025269,66.1,ETH-25JUL25-3300-C,3164.91,sell,22.0,22.0,,,,,,,1752650657.535
413,ETH-257841585,1752650658578,1,0.025,0.025268,66.17,ETH-25JUL25-3300-C,3164.48,sell,27.0,27.0,,,,,,,1752650658.578
414,ETH-257841590,1752650658710,1,0.025,0.025268,66.17,ETH-25JUL25-3300-C,3164.48,sell,25.0,25.0,,,,,,,1752650658.71
415,ETH-257841591,1752650658810,1,0.025,0.025268,66.17,ETH-25JUL25-3300-C,3164.48,sell,8.0,8.0,,,,,,,1752650658.81
416,ETH-257841592,1752650659394,1,0.025,0.025224,66.22,ETH-25JUL25-3300-C,3164.25,sell,5.0,5.0,,,,,,,1752650659.394
417,ETH-257841594,1752650659511,1,0.025,0.025224,66.22,ETH-25JUL25-3300-C,3164.25,sell,9.0,9.0,,,,,,,1752650659.511
418,ETH-257841604,1752650659610,1,0.025,0.025224,66.22,ETH-25JUL25-3300-C,3164.25,sell,9.0,9.0,,,,,,,1752650659.61
419,ETH-257841605,1752650659711,1,0.025,0.025224,66.22,ETH-25JUL25-3300-C,3164.25,sell,13.0,13.0,,,,,,,1752650659.711
420,ETH-257841606,1752650659810,1,0.025,0.025224,66.22,ETH-25JUL25-3300-C,3164.25,sell,20.0,20.0,,,,,,,1752650659.81
421,ETH-257841609,1752650660018,1,0.025,0.025224,66.22,ETH-25JUL25-3300-C,3164.25,sell,16.0,16.0,,,,,,,1752650660.018
422,ETH-257841610,1752650660240,1,0.025,0.025192,66.29,ETH-25JUL25-3300-C,3163.9,sell,25.0,25.0,,,,,,,1752650660.24
423,ETH-257841667,1752650687145,1,0.025,0.025118,66.41,ETH-25JUL25-3300-C,3163.33,sell,14.0,14.0,,,,,,,1752650687.145
424,ETH-257841672,1752650687213,1,0.025,0.025118,66.41,ETH-25JUL25-3300-C,3163.33,sell,1.0,1.0,,,,,,,1752650687.213
425,ETH-257841673,1752650687219,1,0.025,0.025118,66.41,ETH-25JUL25-3300-C,3163.33,sell,4.0,4.0,,,,,,,1752650687.219
426,ETH-257841674,1752650687310,1,0.025,0.025103,66.43,ETH-25JUL25-3300-C,3163.23,sell,13.0,13.0,,,,,,,1752650687.31
427,ETH-257841675,1752650687310,1,0.025,0.025103,66.43,ETH-25JUL25-3300-C,3163.23,sell,8.0,8.0,,,,,,,1752650687.31
428,ETH-257841676,1752650687315,1,0.025,0.025103,66.43,ETH-25JUL25-3300-C,3163.23,sell,2.0,2.0,,,,,,,1752650687.315
429,ETH-257841681,1752650690311,1,0.025,0.025048,66.5,ETH-25JUL25-3300-C,3162.9,sell,20.0,20.0,,,,,,,1752650690.311
430,ETH-257841682,1752650690409,1,0.025,0.025048,66.5,ETH-25JUL25-3300-C,3162.9,sell,1.0,1.0,,,,,,,1752650690.409
431,ETH-257841683,1752650690410,1,0.025,0.025048,66.5,ETH-25JUL25-3300-C,3162.9,sell,18.0,18.0,,,,,,,1752650690.41
432,ETH-257841684,1752650690511,1,0.025,0.025048,66.5,ETH-25JUL25-3300-C,3162.9,sell,1.0,1.0,,,,,,,1752650690.511
433,ETH-257841685,1752650690578,1,0.025,0.025048,66.5,ETH-25JUL25-3300-C,3162.9,sell,24.0,24.0,,,,,,,1752650690.578
434,ETH-257841696,1752650709667,1,0.025,0.025108,66.45,ETH-25JUL25-3300-C,3163.1,sell,27.0,27.0,,,,,,,1752650709.667
435,ETH-257841697,1752650709813,1,0.025,0.025108,66.45,ETH-25JUL25-3300-C,3163.1,sell,7.0,7.0,,,,,,,1752650709.813
436,ETH-257841710,1752650722776,1,0.025,0.025042,66.55,ETH-25JUL25-3300-C,3162.57,sell,1.0,1.0,,,,,,,1752650722.776
437,ETH-257841712,1752650722915,1,0.025,0.025042,66.55,ETH-25JUL25-3300-C,3162.57,sell,8.0,8.0,,,,,,,1752650722.915
438,ETH-257841713,1752650723010,1,0.025,0.025042,66.55,ETH-25JUL25-3300-C,3162.57,sell,26.0,26.0,,,,,,,1752650723.01
439,ETH-257841714,1752650723110,1,0.025,0.025042,66.55,ETH-25JUL25-3300-C,3162.57,sell,1.0,1.0,,,,,,,1752650723.11
440,ETH-257841715,1752650723159,1,0.025,0.025042,66.55,ETH-25JUL25-3300-C,3162.57,sell,23.0,23.0,,,,,,,1752650723.159
441,ETH-257841718,1752650723730,1,0.025,0.025026,66.55,ETH-25JUL25-3300-C,3162.52,sell,27.0,27.0,,,,,,,1752650723.73
442,ETH-257841719,1752650723811,1,0.025,0.025026,66.55,ETH-25JUL25-3300-C,3162.52,sell,8.0,8.0,,,,,,,1752650723.811
443,ETH-257841720,1752650723910,1,0.025,0.025026,66.55,ETH-25JUL25-3300-C,3162.52,sell,9.0,9.0,,,,,,,1752650723.91
444,ETH-257841739,1752650757855,1,0.025,0.025012,66.59,ETH-25JUL25-3300-C,3162.36,sell,8.0,8.0,,,,,,,1752650757.855
445,ETH-257841740,1752650758014,1,0.025,0.025012,66.59,ETH-25JUL25-3300-C,3162.36,sell,4.0,4.0,,,,,,,1752650758.014
446,ETH-257841741,1752650760254,1,0.025,0.025002,66.6,ETH-25JUL25-3300-C,3162.33,sell,5.0,5.0,,,,,,,1752650760.254
447,ETH-257841742,1752650760409,1,0.025,0.024999,66.6,ETH-25JUL25-3300-C,3162.31,sell,18.0,18.0,,,,,,,1752650760.409
448,ETH-257841744,1752650761812,1,0.025,0.024996,66.63,ETH-25JUL25-3300-C,3162.16,sell,6.0,6.0,,,,,,,1752650761.812
449,ETH-257841745,1752650761909,1,0.025,0.024996,66.63,ETH-25JUL25-3300-C,3162.16,sell,1.0,1.0,,,,,,,1752650761.909
450,ETH-257841859,1752650853703,1,0.025,0.025034,66.61,ETH-25JUL25-3300-C,3162.3,sell,16.0,16.0,,,,,,,1752650853.703
451,ETH-257841862,1752650853816,1,0.025,0.025034,66.61,ETH-25JUL25-3300-C,3162.3,sell,10.0,10.0,,,,,,,1752650853.816
452,ETH-257841880,1752650866192,1,0.025,0.025006,66.7,ETH-25JUL25-3300-C,3161.84,sell,9.0,9.0,,,,,,,1752650866.192
453,ETH-257841881,1752650866313,1,0.025,0.025006,66.7,ETH-25JUL25-3300-C,3161.84,sell,2.0,2.0,,,,,,,1752650866.313
454,ETH-257841882,1752650867410,1,0.025,0.025005,66.72,ETH-25JUL25-3300-C,3161.75,sell,10.0,10.0,,,,,,,1752650867.41
455,ETH-257841883,1752650867509,1,0.025,0.024998,66.79,ETH-25JUL25-3300-C,3161.39,sell,10.0,10.0,,,,,,,1752650867.509
456,ETH-257841885,1752650867610,1,0.025,0.024998,66.79,ETH-25JUL25-3300-C,3161.39,sell,20.0,20.0,,,,,,,1752650867.61
457,ETH-257841886,1752650867709,1,0.025,0.024998,66.79,ETH-25JUL25-3300-C,3161.39,sell,15.0,15.0,,,,,,,1752650867.709
458,ETH-257841887,1752650869201,1,0.025,0.024959,66.79,ETH-25JUL25-3300-C,3161.4,sell,9.0,9.0,,,,,,,1752650869.201
459,ETH-257842332,1752651177644,0,0.0255,0.02548,66.59,ETH-25JUL25-3300-C,3166.8,buy,1.0,1.0,,,,,,,1752651177.644
460,ETH-257843976,1752651590312,0,0.0265,0.026522,66.84,ETH-25JUL25-3300-C,3174.39,sell,6.0,6.0,,,,,,,1752651590.312
462,ETH-257844002,1752651592232,1,0.0265,0.026509,66.96,ETH-25JUL25-3300-C,3173.8,sell,18.0,18.0,,,,,,,1752651592.232
461,ETH-257844001,1752651592232,1,0.0265,0.026509,66.96,ETH-25JUL25-3300-C,3173.8,sell,8.0,8.0,,,,,,,1752651592.232
463,ETH-257844239,1752651679013,1,0.0265,0.026493,67.16,ETH-25JUL25-3300-C,3173.12,sell,32.0,32.0,,,,,,,1752651679.013
464,ETH-257847022,1752652011876,2,0.0255,0.025704,66.84,ETH-25JUL25-3300-C,3165.95,sell,49.0,49.0,,,,,,,1752652011.876
465,ETH-257850012,1752653317953,2,0.025,0.025076,67.02,ETH-25JUL25-3300-C,3160.59,buy,4.0,4.0,,,,,,,1752653317.953
466,ETH-257850026,1752653333675,3,0.025,0.025088,66.97,ETH-25JUL25-3300-C,3160.82,buy,15.0,15.0,,,,,,,1752653333.675
467,ETH-257850062,1752653352235,3,0.025,0.02515,66.63,ETH-25JUL25-3300-C,3162.63,buy,14.0,14.0,,,,,,,1752653352.235
468,ETH-257850076,1752653353961,3,0.025,0.02516,66.58,ETH-25JUL25-3300-C,3162.87,buy,11.0,11.0,,,,,,,1752653353.961
469,ETH-257850273,1752653498365,2,0.0245,0.02517,65.74,ETH-25JUL25-3300-C,3163.27,sell,20.0,20.0,,,,,,,1752653498.365
470,ETH-257850301,1752653509673,3,0.0245,0.024959,66.13,ETH-25JUL25-3300-C,3161.22,sell,40.0,40.0,,,,,,,1752653509.673
471,ETH-257855185,1752656767919,0,0.0255,0.025539,67.24,ETH-25JUL25-3300-C,3165.64,sell,1.0,1.0,,,,,,,1752656767.919
472,ETH-257855187,1752656767933,1,0.0255,0.025539,67.24,ETH-25JUL25-3300-C,3165.64,sell,14.0,14.0,,,,,,,1752656767.933
473,ETH-257867527,1752666894280,2,0.0245,0.02434,68.49,ETH-25JUL25-3300-C,3151.69,sell,1.0,1.0,,,,,,,1752666894.28
474,ETH-257868841,1752667931138,0,0.025,0.024903,68.4,ETH-25JUL25-3300-C,3156.42,sell,30.0,30.0,,,,,,,1752667931.138
475,ETH-257868842,1752667932018,1,0.025,0.024905,68.41,ETH-25JUL25-3300-C,3156.39,sell,9.0,9.0,,,,,,,1752667932.018
476,ETH-257869176,1752668416254,2,0.0245,0.024552,68.19,ETH-25JUL25-3300-C,3153.06,buy,3.0,3.0,,,,,,,1752668416.254
477,ETH-257870299,1752669077040,0,0.026,0.02576,68.81,ETH-25JUL25-3300-C,3163.57,sell,1.0,1.0,,,,,,,1752669077.04
478,ETH-257874728,1752670835098,0,0.0265,0.026876,69.21,ETH-25JUL25-3300-C,3166.49,sell,1.0,1.0,,,,,,,1752670835.098
479,ETH-257876556,1752671269812,0,0.027,0.026885,70.15,ETH-25JUL25-3300-C,3166.53,buy,1.0,1.0,,,,,,,1752671269.812
480,ETH-257877093,1752671341331,0,0.0285,0.028363,70.09,ETH-25JUL25-3300-C,3179.62,buy,20.0,20.0,,,,,,,1752671341.331
481,ETH-257877723,1752671435288,1,0.0285,0.028687,69.65,ETH-25JUL25-3300-C,3182.15,sell,1.0,1.0,,,,,,,1752671435.288
482,ETH-257879507,1752671836362,2,0.028,0.028013,69.82,ETH-25JUL25-3300-C,3176.64,sell,1.0,1.0,,,,,,,1752671836.362
483,ETH-257879811,1752671939489,3,0.028,0.028349,69.26,ETH-25JUL25-3300-C,3179.34,sell,10.0,10.0,,,,,,,1752671939.489
484,ETH-257882250,1752672936404,0,0.0285,0.028255,70.01,ETH-25JUL25-3300-C,3180.42,buy,1.0,1.0,,,,,,,1752672936.404
485,ETH-257885421,1752673690620,0,0.0295,0.029152,69.75,ETH-25JUL25-3300-C,3189.94,buy,9.0,9.0,,,,,,,1752673690.62
486,ETH-257885705,1752673699096,1,0.0295,0.029603,69.11,ETH-25JUL25-3300-C,3193.19,sell,1.0,1.0,,,,,,,1752673699.096
487,ETH-257886179,1752673769018,2,0.0285,0.028477,69.23,ETH-25JUL25-3300-C,3184.9,sell,50.0,50.0,,,,,,,1752673769.018
488,ETH-257886999,1752674039039,0,0.029,0.029087,69.1,ETH-25JUL25-3300-C,3189.43,sell,50.0,50.0,,,,,,,1752674039.039
489,ETH-257887624,1752674158456,0,0.0295,0.029768,68.77,ETH-25JUL25-3300-C,3195.03,sell,407.0,407.0,,,,,,,1752674158.456
490,ETH-257889700,1752674559999,2,0.029,0.028975,68.6,ETH-25JUL25-3300-C,3192.34,buy,2.0,2.0,,,,,,,1752674559.999
491,ETH-257890460,1752674698658,0,0.03,0.029719,69.03,ETH-25JUL25-3300-C,3198.05,buy,20.0,20.0,,,,,,,1752674698.658
492,ETH-257890461,1752674698658,1,0.03,0.029719,69.03,ETH-25JUL25-3300-C,3198.05,buy,500.0,500.0,,,,,,,1752674698.658
493,ETH-257891920,1752674833484,2,0.029,0.029668,68.1,ETH-25JUL25-3300-C,3195.43,sell,48.0,48.0,,,,,,,1752674833.484
494,ETH-257891952,1752674842560,3,0.029,0.028966,68.47,ETH-25JUL25-3300-C,3193.64,buy,2.0,2.0,,,,,,,1752674842.56
495,ETH-257891953,1752674842563,3,0.029,0.028966,68.47,ETH-25JUL25-3300-C,3193.64,sell,48.0,48.0,,,,,,,1752674842.563
496,ETH-257891970,1752674852243,3,0.029,0.02888,68.63,ETH-25JUL25-3300-C,3192.91,buy,13.0,13.0,,,,,,,1752674852.243
497,ETH-257891971,1752674852245,3,0.029,0.02888,68.63,ETH-25JUL25-3300-C,3192.91,sell,37.0,37.0,,,,,,,1752674852.245
498,ETH-257892460,1752674942256,2,0.0285,0.028474,68.42,ETH-25JUL25-3300-C,3189.56,buy,2.0,2.0,,,,,,,1752674942.256
499,ETH-257892465,1752674942687,3,0.0285,0.028474,68.42,ETH-25JUL25-3300-C,3189.56,sell,48.0,48.0,,,,,,,1752674942.687
500,ETH-257894384,1752675442759,2,0.028,0.027906,68.49,ETH-25JUL25-3300-C,3185.15,buy,2.0,2.0,,,,,,,1752675442.759
501,ETH-257894458,1752675485920,3,0.028,0.028171,67.97,ETH-25JUL25-3300-C,3187.8,buy,2.0,2.0,,,,,,,1752675485.92
502,ETH-257894839,1752675645328,0,0.0285,0.028451,68.15,ETH-25JUL25-3300-C,3191.46,buy,2.0,2.0,,,,,,,1752675645.328
503,ETH-257895616,1752675954281,0,0.029,0.029044,67.98,ETH-25JUL25-3300-C,3197.05,buy,2.0,2.0,,,,,,,1752675954.281
504,ETH-257895966,1752676166457,1,0.029,0.028718,68.22,ETH-25JUL25-3300-C,3195.65,buy,2.0,2.0,,,,,,,1752676166.457
505,ETH-257897391,1752676255067,0,0.0315,0.030416,69.17,ETH-25JUL25-3300-C,3211.09,buy,20.0,20.0,,,,,,,1752676255.067
506,ETH-257898604,1752676294826,0,0.033,0.032586,68.58,ETH-25JUL25-3300-C,3225.51,buy,20.0,20.0,,,,,,,1752676294.826
507,ETH-257900437,1752676398231,0,0.034,0.033628,68.94,ETH-25JUL25-3300-C,3232.13,buy,20.0,20.0,,,,,,,1752676398.231
508,ETH-257901813,1752676472626,0,0.0345,0.034503,68.21,ETH-25JUL25-3300-C,3239.22,buy,1.0,1.0,,,,,,,1752676472.626
509,ETH-257901892,1752676491875,0,0.035,0.034444,69.26,ETH-25JUL25-3300-C,3238.13,buy,1.0,1.0,,,,,,,1752676491.875
510,ETH-257904972,1752677230198,0,0.0355,0.035619,68.34,ETH-25JUL25-3300-C,3246.12,buy,20.0,20.0,,,,,,,1752677230.198
511,ETH-257905576,1752677325938,0,0.0365,0.035984,69.43,ETH-25JUL25-3300-C,3248.72,buy,1.0,1.0,,,,,,,1752677325.938
512,ETH-257905801,1752677373247,1,0.0365,0.036441,68.62,ETH-25JUL25-3300-C,3252.38,sell,19.0,19.0,,,,,,,1752677373.247
513,ETH-257905868,1752677377893,0,0.037,0.036864,69.0,ETH-25JUL25-3300-C,3254.25,buy,20.0,20.0,,,,,,,1752677377.893
514,ETH-257907908,1752677533653,0,0.0385,0.038352,69.4,ETH-25JUL25-3300-C,3264.29,sell,16.0,16.0,,,,,,,1752677533.653
515,ETH-257907909,1752677533660,1,0.0385,0.038352,69.4,ETH-25JUL25-3300-C,3264.29,sell,4.0,4.0,,,,,,,1752677533.66
516,ETH-257909782,1752677849152,1,0.0385,0.038146,69.68,ETH-25JUL25-3300-C,3262.89,buy,25.0,25.0,,,,,,,1752677849.152
517,ETH-257910622,1752678049129,2,0.0375,0.037293,69.58,ETH-25JUL25-3300-C,3255.46,sell,50.0,50.0,,,,,,,1752678049.129
518,ETH-257910898,1752678120144,0,0.038,0.037878,69.3,ETH-25JUL25-3300-C,3260.16,buy,16.0,16.0,,,,,,,1752678120.144
519,ETH-257910903,1752678120155,1,0.038,0.037878,69.3,ETH-25JUL25-3300-C,3260.16,buy,2.0,2.0,,,,,,,1752678120.155
520,ETH-257910905,1752678120166,1,0.038,0.037878,69.3,ETH-25JUL25-3300-C,3260.16,buy,7.0,7.0,,,,,,,1752678120.166
521,ETH-257912009,1752678431533,1,0.038,0.037492,70.27,ETH-25JUL25-3300-C,3256.79,buy,37.0,37.0,,,,,,,1752678431.533
522,ETH-257913092,1752678719956,2,0.036,0.035976,69.41,ETH-25JUL25-3300-C,3245.73,buy,25.0,25.0,,,,,,,1752678719.956
525,ETH-257913735,1752678929569,3,0.036,0.035814,69.89,ETH-25JUL25-3300-C,3243.47,buy,18.0,18.0,,,,,,,1752678929.569
524,ETH-257913734,1752678929569,3,0.036,0.035814,69.89,ETH-25JUL25-3300-C,3243.47,buy,6.0,6.0,,,,,,,1752678929.569
523,ETH-257913733,1752678929569,3,0.036,0.035814,69.89,ETH-25JUL25-3300-C,3243.47,buy,25.0,25.0,,,,,,,1752678929.569
526,ETH-257913736,1752678929571,3,0.036,0.035814,69.89,ETH-25JUL25-3300-C,3243.47,sell,1.0,1.0,,,,,,,1752678929.571
527,ETH-257914139,1752678974069,2,0.035,0.034881,69.71,ETH-25JUL25-3300-C,3236.79,buy,14.0,14.0,,,,,,,1752678974.069
528,ETH-257914141,1752678974090,3,0.035,0.034881,69.71,ETH-25JUL25-3300-C,3236.79,buy,2.0,2.0,,,,,,,1752678974.09
529,ETH-257914142,1752678974096,3,0.035,0.034881,69.71,ETH-25JUL25-3300-C,3236.79,buy,3.0,3.0,,,,,,,1752678974.096
530,ETH-257914154,1752678974395,3,0.035,0.034881,69.71,ETH-25JUL25-3300-C,3236.79,buy,6.0,6.0,,,,,,,1752678974.395
531,ETH-257915379,1752679152388,2,0.0345,0.034328,70.11,ETH-25JUL25-3300-C,3230.57,buy,20.0,20.0,ETH-257915378,ETH-CSR12-25JUL25-3300_3500,,,,,1752679152.388
532,ETH-257926381,1752681792530,0,0.0355,0.035354,69.72,ETH-25JUL25-3300-C,3241.37,buy,2.0,2.0,,,,,,,1752681792.53
533,ETH-257926535,1752681851162,1,0.0355,0.03546,69.63,ETH-25JUL25-3300-C,3241.84,sell,4.0,4.0,,,,,,,1752681851.162
534,ETH-257926539,1752681853252,1,0.0355,0.035394,69.7,ETH-25JUL25-3300-C,3241.56,sell,4.0,4.0,,,,,,,1752681853.252
535,ETH-257930515,1752683316846,0,0.0365,0.036742,68.84,ETH-25JUL25-3300-C,3253.96,sell,1.0,1.0,,,,,,,1752683316.846
536,ETH-257930556,1752683333211,1,0.0365,0.036543,68.94,ETH-25JUL25-3300-C,3253.55,buy,16.0,16.0,,,,,,,1752683333.211
537,ETH-257930558,1752683333335,1,0.0365,0.036543,68.94,ETH-25JUL25-3300-C,3253.55,buy,33.0,33.0,,,,,,,1752683333.335
538,ETH-257932918,1752683673101,0,0.038,0.038106,68.79,ETH-25JUL25-3300-C,3264.89,buy,2.0,2.0,,,,,,,1752683673.101
539,ETH-257933470,1752683914619,1,0.038,0.03801,68.92,ETH-25JUL25-3300-C,3264.23,buy,2.0,2.0,,,,,,,1752683914.619
540,ETH-257933797,1752683975625,0,0.04,0.039516,69.66,ETH-25JUL25-3300-C,3275.17,buy,20.0,20.0,,,,,,,1752683975.625
541,ETH-257934467,1752683999271,0,0.041,0.040572,69.73,ETH-25JUL25-3300-C,3281.81,buy,1.0,1.0,,,,,,,1752683999.271
542,ETH-257935868,1752684232525,2,0.0405,0.040476,69.08,ETH-25JUL25-3300-C,3281.7,buy,2.0,2.0,,,,,,,1752684232.525
543,ETH-257941345,1752685366433,0,0.0425,0.042401,69.24,ETH-25JUL25-3300-C,3295.17,buy,20.0,20.0,,,,,,,1752685366.433
544,ETH-257943877,1752685906930,2,0.041,0.041301,68.82,ETH-25JUL25-3300-C,3286.73,sell,2.0,2.0,,,,,,,1752685906.93
545,ETH-257946720,1752686882433,2,0.0405,0.040716,68.36,ETH-25JUL25-3300-C,3284.9,buy,2.0,2.0,,,,,,,1752686882.433
546,ETH-257948050,1752687570834,3,0.0405,0.040372,68.36,ETH-25JUL25-3300-C,3285.29,sell,2.0,2.0,,,,,,,1752687570.834
547,ETH-257950141,1752688338988,0,0.043,0.042654,68.49,ETH-25JUL25-3300-C,3301.91,buy,2.0,2.0,,,,,,,1752688338.988
548,ETH-257951132,1752688393473,0,0.045,0.044157,69.54,ETH-25JUL25-3300-C,3310.95,buy,16.0,16.0,,,,,,,1752688393.473
549,ETH-257951134,1752688393484,1,0.045,0.044157,69.54,ETH-25JUL25-3300-C,3310.95,buy,2.0,2.0,,,,,,,1752688393.484
550,ETH-257951135,1752688393495,1,0.045,0.044157,69.54,ETH-25JUL25-3300-C,3310.95,buy,2.0,2.0,,,,,,,1752688393.495
551,ETH-257951137,1752688393534,1,0.045,0.044157,69.54,ETH-25JUL25-3300-C,3310.95,buy,8.0,8.0,,,,,,,1752688393.534
552,ETH-257951159,1752688393589,1,0.045,0.044157,69.54,ETH-25JUL25-3300-C,3310.95,buy,8.0,8.0,,,,,,,1752688393.589
553,ETH-257951576,1752688403602,0,0.0455,0.044935,68.78,ETH-25JUL25-3300-C,3317.2,buy,20.0,20.0,,,,,,,1752688403.602
554,ETH-257951744,1752688413271,2,0.0454,0.045571,67.88,ETH-25JUL25-3300-C,3319.83,buy,125.0,125.0,,ETH-CDIAG-1AUG25_25JUL25-3500_3300,2.0,BLOCK-211288,,,1752688413.271
555,ETH-257955650,1752689083483,0,0.048,0.047856,68.59,ETH-25JUL25-3300-C,3334.83,buy,20.0,20.0,,,,,,,1752689083.483
556,ETH-257955935,1752689111122,0,0.0485,0.047879,69.56,ETH-25JUL25-3300-C,3334.36,buy,15.0,15.0,,,,,,,1752689111.122
557,ETH-257956637,1752689144777,0,0.0505,0.050177,69.44,ETH-25JUL25-3300-C,3346.91,buy,2.0,2.0,,,,,,,1752689144.777
558,ETH-257956678,1752689150896,0,0.051,0.050062,70.13,ETH-25JUL25-3300-C,3347.51,buy,20.0,20.0,,,,,,,1752689150.896
559,ETH-257956863,1752689167537,1,0.051,0.050059,70.24,ETH-25JUL25-3300-C,3347.24,buy,2.0,2.0,,,,,,,1752689167.537
560,ETH-257958512,1752689320256,1,0.051,0.050451,70.58,ETH-25JUL25-3300-C,3346.2,buy,16.0,16.0,,,,,,,1752689320.256
561,ETH-257958675,1752689372857,1,0.051,0.050576,70.34,ETH-25JUL25-3300-C,3347.18,buy,16.0,16.0,,,,,,,1752689372.857
562,ETH-257961474,1752690186053,2,0.0505,0.050736,69.49,ETH-25JUL25-3300-C,3347.54,buy,40.0,40.0,,,,,,,1752690186.053
563,ETH-257964594,1752691000310,0,0.054,0.052745,72.16,ETH-25JUL25-3300-C,3359.91,buy,20.0,20.0,,,,,,,1752691000.31
564,ETH-257964647,1752691001575,0,0.0545,0.053,71.52,ETH-25JUL25-3300-C,3365.16,buy,53.0,53.0,,,,,,,1752691001.575
565,ETH-257970881,1752692256079,2,0.049,0.049243,70.11,ETH-25JUL25-3300-C,3336.52,buy,7.0,7.0,,,,,,,1752692256.079
566,ETH-257970950,1752692299498,3,0.049,0.048959,70.38,ETH-25JUL25-3300-C,3335.49,buy,10.0,10.0,,,,,,,1752692299.498
567,ETH-257970956,1752692304805,3,0.049,0.048947,70.28,ETH-25JUL25-3300-C,3335.85,buy,20.0,20.0,,,,,,,1752692304.805
568,ETH-257979770,1752694744919,0,0.054,0.054783,68.72,ETH-25JUL25-3300-C,3374.65,sell,5.0,5.0,,,,,,,1752694744.919
569,ETH-257979771,1752694744919,1,0.054,0.054783,68.72,ETH-25JUL25-3300-C,3374.65,sell,15.0,15.0,,,,,,,1752694744.919
570,ETH-257988380,1752696078204,0,0.0565,0.056343,69.17,ETH-25JUL25-3300-C,3389.3,buy,20.0,20.0,,,,,,,1752696078.204
571,ETH-257988841,1752696116905,2,0.054,0.054627,68.07,ETH-25JUL25-3300-C,3378.84,sell,2.0,2.0,,,,,,,1752696116.905
572,ETH-257989904,1752696282563,0,0.0565,0.056628,68.68,ETH-25JUL25-3300-C,3391.37,buy,1.0,1.0,,,,,,,1752696282.563
573,ETH-257991444,1752696437048,0,0.059,0.058476,69.68,ETH-25JUL25-3300-C,3402.19,buy,20.0,20.0,,,,,,,1752696437.048
574,ETH-257995656,1752696638839,1,0.059,0.058645,70.19,ETH-25JUL25-3300-C,3401.3,sell,1.0,1.0,,,,,,,1752696638.839
575,ETH-258004922,1752697370796,0,0.0605,0.060625,68.13,ETH-25JUL25-3300-C,3417.03,sell,1000.0,1000.0,,ETH-CDIAG-29AUG25_25JUL25-3600_3300,2.0,BLOCK-211321,,,1752697370.796
576,ETH-258005172,1752697385061,0,0.0608,0.061031,68.63,ETH-25JUL25-3300-C,3417.23,sell,1000.0,1000.0,,ETH-CDIAG-29AUG25_25JUL25-3600_3300,2.0,BLOCK-211322,,,1752697385.061
577,ETH-258011802,1752697960400,2,0.0575,0.057185,68.99,ETH-25JUL25-3300-C,3396.63,buy,20.0,20.0,,,,,,,1752697960.4
578,ETH-258011803,1752697960400,3,0.0575,0.057185,68.99,ETH-25JUL25-3300-C,3396.63,buy,5.0,5.0,,,,,,,1752697960.4
579,ETH-258011804,1752697960402,3,0.0575,0.057185,68.99,ETH-25JUL25-3300-C,3396.63,sell,17.0,17.0,,,,,,,1752697960.402
580,ETH-258011805,1752697960402,3,0.0575,0.057185,68.99,ETH-25JUL25-3300-C,3396.63,sell,58.0,58.0,,,,,,,1752697960.402
581,ETH-258016025,1752698875119,2,0.0555,0.055684,67.7,ETH-25JUL25-3300-C,3388.93,sell,2.0,2.0,,,,,,,1752698875.119
582,ETH-258019736,1752699633090,2,0.055,0.055248,68.21,ETH-25JUL25-3300-C,3382.87,sell,2.0,2.0,,,,,,,1752699633.09
583,ETH-258042993,1752705700478,2,0.048,0.048417,63.85,ETH-25JUL25-3300-C,3359.45,sell,1.0,1.0,,,,,,,1752705700.478
584,ETH-258068858,1752715475552,0,0.05,0.049576,64.26,ETH-25JUL25-3300-C,3371.35,buy,5.0,5.0,,,,,,,1752715475.552
585,ETH-258071713,1752716259078,2,0.0465,0.046,64.8,ETH-25JUL25-3300-C,3348.01,buy,2.0,2.0,,,,,,,1752716259.078
586,ETH-258071836,1752716316434,2,0.046,0.045722,64.63,ETH-25JUL25-3300-C,3345.4,buy,2.0,2.0,,,,,,,1752716316.434
587,ETH-258074312,1752716889631,2,0.043,0.04286,64.41,ETH-25JUL25-3300-C,3327.51,sell,1.0,1.0,,,,,,,1752716889.631
588,ETH-258075167,1752716930609,2,0.041,0.040829,64.44,ETH-25JUL25-3300-C,3314.33,buy,1.0,1.0,,,,,,,1752716930.609
589,ETH-258075489,1752716953068,0,0.0415,0.041083,64.91,ETH-25JUL25-3300-C,3315.41,buy,1.0,1.0,,,,,,,1752716953.068
590,ETH-258076013,1752717013002,2,0.041,0.041176,64.25,ETH-25JUL25-3300-C,3314.5,buy,1.0,1.0,,,,,,,1752717013.002
591,ETH-258076182,1752717061693,0,0.043,0.042665,65.03,ETH-25JUL25-3300-C,3324.04,buy,1.0,1.0,,,,,,,1752717061.693
592,ETH-258076333,1752717135158,1,0.043,0.042726,64.83,ETH-25JUL25-3300-C,3325.11,buy,1.0,1.0,,,,,,,1752717135.158
593,ETH-258076573,1752717246366,1,0.043,0.043178,64.16,ETH-25JUL25-3300-C,3327.89,buy,1.0,1.0,,,,,,,1752717246.366
594,ETH-258076891,1752717420140,0,0.044,0.044388,63.83,ETH-25JUL25-3300-C,3335.91,sell,4.0,4.0,,,,,,,1752717420.14
595,ETH-258078489,1752718474758,0,0.0465,0.046336,64.59,ETH-25JUL25-3300-C,3349.03,buy,1.0,1.0,,,,,,,1752718474.758
596,ETH-258078491,1752718474932,1,0.0465,0.046336,64.59,ETH-25JUL25-3300-C,3349.03,buy,14.0,14.0,,,,,,,1752718474.932
597,ETH-258078660,1752718675894,0,0.047,0.046896,64.57,ETH-25JUL25-3300-C,3351.93,buy,5.0,5.0,,,,,,,1752718675.894
598,ETH-258078934,1752718808415,0,0.048,0.04765,64.89,ETH-25JUL25-3300-C,3357.0,buy,15.0,15.0,,,,,,,1752718808.415
599,ETH-258079161,1752718960214,2,0.0475,0.04763,64.25,ETH-25JUL25-3300-C,3356.8,sell,1.0,1.0,,,,,,,1752718960.214
600,ETH-258079207,1752719048468,0,0.048,0.047741,64.86,ETH-25JUL25-3300-C,3357.68,buy,18.0,18.0,,,,,,,1752719048.468
601,ETH-258079209,1752719049402,1,0.048,0.047772,64.84,ETH-25JUL25-3300-C,3357.72,buy,2.0,2.0,,,,,,,1752719049.402
602,ETH-258079354,1752719220367,1,0.048,0.048309,64.01,ETH-25JUL25-3300-C,3360.25,sell,1.0,1.0,,,,,,,1752719220.367
603,ETH-258091085,1752726798172,2,0.0455,0.045908,64.43,ETH-25JUL25-3300-C,3344.44,sell,5.0,5.0,,,,,,,1752726798.172
604,ETH-258092006,1752727523035,0,0.046,0.046486,64.88,ETH-25JUL25-3300-C,3345.33,sell,1.0,1.0,,,,,,,1752727523.035
605,ETH-258094545,1752730125783,0,0.0475,0.047845,65.3,ETH-25JUL25-3300-C,3352.68,sell,1.0,1.0,,,,,,,1752730125.783
606,ETH-258094634,1752730175080,0,0.048,0.048064,65.83,ETH-25JUL25-3300-C,3354.04,buy,10.0,10.0,,,,,,,1752730175.08
607,ETH-258099479,1752733261531,0,0.054,0.053906,66.72,ETH-25JUL25-3300-C,3386.88,sell,60.0,60.0,,,,,,,1752733261.531
608,ETH-258125209,1752738031465,0,0.07,0.069105,75.94,ETH-25JUL25-3300-C,3452.7,buy,1.0,1.0,,,,,,,1752738031.465
609,ETH-258125210,1752738031465,1,0.07,0.069105,75.94,ETH-25JUL25-3300-C,3452.7,buy,1.0,1.0,,,,,,,1752738031.465
610,ETH-258128107,1752738118380,0,0.071,0.070916,74.91,ETH-25JUL25-3300-C,3461.33,sell,6.0,6.0,,,,,,,1752738118.38
612,ETH-258151365,1752741978209,3,0.0665,0.066418,75.9,ETH-25JUL25-3300-C,3434.67,sell,1.0,1.0,,,,,,,1752741978.209
611,ETH-258151364,1752741978209,2,0.0665,0.066418,75.9,ETH-25JUL25-3300-C,3434.67,sell,1.0,1.0,,,,,,,1752741978.209
613,ETH-258157024,1752744012632,0,0.07,0.070072,75.94,ETH-25JUL25-3300-C,3453.54,buy,1.0,1.0,,,,,,,1752744012.632
614,ETH-258160164,1752744942818,0,0.073,0.073147,76.47,ETH-25JUL25-3300-C,3468.69,buy,5.0,5.0,,,,,,,1752744942.818
615,ETH-258160873,1752745093502,0,0.075,0.074876,77.68,ETH-25JUL25-3300-C,3476.65,sell,1.0,1.0,,,,,,,1752745093.502
616,ETH-258160900,1752745102595,1,0.075,0.075125,77.31,ETH-25JUL25-3300-C,3477.71,sell,1.0,1.0,,,,,,,1752745102.595
617,ETH-258163244,1752745746285,1,0.075,0.074814,78.04,ETH-25JUL25-3300-C,3476.07,buy,20.0,20.0,,,,,,,1752745746.285
618,ETH-258176428,1752751545513,2,0.0685,0.068603,77.02,ETH-25JUL25-3300-C,3442.53,sell,3.0,3.0,,,,,,,1752751545.513
619,ETH-258176554,1752751639941,3,0.0685,0.068347,77.44,ETH-25JUL25-3300-C,3441.4,sell,3.0,3.0,,,,,,,1752751639.941
620,ETH-258176870,1752751742935,0,0.069,0.068778,77.73,ETH-25JUL25-3300-C,3443.17,sell,3.0,3.0,,,,,,,1752751742.935
621,ETH-258177103,1752751840746,2,0.0685,0.068297,77.78,ETH-25JUL25-3300-C,3440.41,sell,3.0,3.0,,,,,,,1752751840.746
622,ETH-258177304,1752751937653,2,0.068,0.067941,77.57,ETH-25JUL25-3300-C,3438.14,sell,3.0,3.0,,,,,,,1752751937.653
623,ETH-258177411,1752751982987,2,0.0675,0.067357,77.63,ETH-25JUL25-3300-C,3435.27,sell,3.0,3.0,,,,,,,1752751982.987
624,ETH-258180511,1752753603802,2,0.067,0.067246,76.68,ETH-25JUL25-3300-C,3434.6,buy,1.0,1.0,,,,,,,1752753603.802
625,ETH-258183707,1752754207050,2,0.0635,0.063634,75.91,ETH-25JUL25-3300-C,3417.7,buy,16.0,16.0,,,,,,,1752754207.05
626,ETH-258184930,1752754508048,0,0.0655,0.065722,75.38,ETH-25JUL25-3300-C,3431.17,buy,8.0,8.0,,,,,,,1752754508.048
627,ETH-258184963,1752754515231,1,0.0655,0.065775,75.24,ETH-25JUL25-3300-C,3431.58,buy,21.0,21.0,,,,,,,1752754515.231
628,ETH-258184964,1752754515351,1,0.0655,0.065775,75.24,ETH-25JUL25-3300-C,3431.58,buy,31.0,31.0,,,,,,,1752754515.351
629,ETH-258184974,1752754515598,1,0.0655,0.065791,75.2,ETH-25JUL25-3300-C,3431.69,buy,122.0,122.0,,,,,,,1752754515.598
630,ETH-258184976,1752754515838,1,0.0655,0.065791,75.2,ETH-25JUL25-3300-C,3431.69,buy,35.0,35.0,,,,,,,1752754515.838
631,ETH-258184977,1752754515856,1,0.0655,0.065791,75.2,ETH-25JUL25-3300-C,3431.69,buy,206.0,206.0,,,,,,,1752754515.856
632,ETH-258184978,1752754515860,1,0.0655,0.065791,75.2,ETH-25JUL25-3300-C,3431.69,buy,8.0,8.0,,,,,,,1752754515.86
633,ETH-258184979,1752754515866,1,0.0655,0.065791,75.2,ETH-25JUL25-3300-C,3431.69,buy,13.0,13.0,,,,,,,1752754515.866
634,ETH-258188690,1752755540954,2,0.0625,0.062649,73.46,ETH-25JUL25-3300-C,3418.41,buy,2.0,2.0,,,,,,,1752755540.954
635,ETH-258193475,1752757935933,3,0.0625,0.062467,72.96,ETH-25JUL25-3300-C,3421.29,buy,28.0,28.0,,,,,,,1752757935.933
636,ETH-258230565,1752767180837,2,0.0597,0.059237,69.49,ETH-25JUL25-3300-C,3419.76,sell,2.0,2.0,ETH-258230564,ETH-CS-25JUL25-3300_3800,,,,,1752767180.837
637,ETH-258233917,1752768992480,2,0.056,0.0559,69.07,ETH-25JUL25-3300-C,3399.7,sell,1.0,1.0,,,,,,,1752768992.48
638,ETH-258234135,1752769135599,2,0.0555,0.055773,68.53,ETH-25JUL25-3300-C,3398.28,sell,1.0,1.0,,,,,,,1752769135.599
639,ETH-258239180,1752770347295,2,0.051,0.050958,68.88,ETH-25JUL25-3300-C,3370.85,sell,1.0,1.0,,,,,,,1752770347.295
640,ETH-258249247,1752774494388,0,0.0589,0.058397,69.39,ETH-25JUL25-3300-C,3415.34,buy,108.0,108.0,ETH-258249246,ETH-CS-25JUL25-3300_3800,,,,,1752774494.388
641,ETH-258251216,1752775087613,0,0.059,0.059223,68.48,ETH-25JUL25-3300-C,3419.76,buy,1.0,1.0,,,,,,,1752775087.613
642,ETH-258267837,1752781374169,0,0.064,0.064585,68.82,ETH-25JUL25-3300-C,3449.65,sell,5.0,5.0,,,,,,,1752781374.169
643,ETH-258275713,1752782983691,2,0.0515,0.052353,67.47,ETH-25JUL25-3300-C,3382.57,sell,43.0,43.0,,,,,,,1752782983.691
644,ETH-258312146,1752794190611,0,0.08,0.079515,73.78,ETH-25JUL25-3300-C,3521.29,buy,7.0,7.0,,,,,,,1752794190.611
645,ETH-258312847,1752794295034,1,0.08,0.07904,74.66,ETH-25JUL25-3300-C,3519.1,buy,3.0,3.0,,,,,,,1752794295.034
646,ETH-258312855,1752794295560,1,0.08,0.079172,74.38,ETH-25JUL25-3300-C,3519.74,buy,10.0,10.0,,,,,,,1752794295.56
647,ETH-258329279,1752800333246,0,0.084,0.083823,74.07,ETH-25JUL25-3300-C,3542.13,buy,2.0,2.0,,,,,,,1752800333.246
648,ETH-258330161,1752800531305,1,0.084,0.083083,75.12,ETH-25JUL25-3300-C,3539.74,buy,5.0,5.0,,,,,,,1752800531.305
649,ETH-258330162,1752800531366,1,0.084,0.083083,75.12,ETH-25JUL25-3300-C,3539.74,buy,13.0,13.0,,,,,,,1752800531.366
650,ETH-258332586,1752801077072,0,0.088,0.087449,75.93,ETH-25JUL25-3300-C,3558.15,buy,15.0,15.0,,,,,,,1752801077.072
651,ETH-258332591,1752801077113,1,0.088,0.087449,75.93,ETH-25JUL25-3300-C,3558.15,buy,5.0,5.0,,,,,,,1752801077.113
652,ETH-258333150,1752801131865,0,0.092,0.090476,76.46,ETH-25JUL25-3300-C,3577.29,buy,1.0,1.0,,,,,,,1752801131.865
653,ETH-258334123,1752801188661,1,0.092,0.091516,76.32,ETH-25JUL25-3300-C,3577.99,buy,2.0,2.0,,,,,,,1752801188.661
654,ETH-258334128,1752801189086,1,0.092,0.091516,76.32,ETH-25JUL25-3300-C,3577.99,buy,12.0,12.0,,,,,,,1752801189.086
655,ETH-258334130,1752801189090,1,0.092,0.091516,76.32,ETH-25JUL25-3300-C,3577.99,buy,2.0,2.0,,,,,,,1752801189.09
656,ETH-258334138,1752801189701,1,0.092,0.0915,76.39,ETH-25JUL25-3300-C,3577.83,buy,3.0,3.0,,,,,,,1752801189.701
657,ETH-258338079,1752801592531,0,0.094,0.094142,75.56,ETH-25JUL25-3300-C,3590.22,sell,1.0,1.0,,,,,,,1752801592.531
658,ETH-258338089,1752801593785,2,0.0935,0.094063,74.24,ETH-25JUL25-3300-C,3590.31,sell,1.0,1.0,,,,,,,1752801593.785
659,ETH-258338364,1752801634378,3,0.0935,0.093303,75.95,ETH-25JUL25-3300-C,3587.03,sell,1.0,1.0,,,,,,,1752801634.378
660,ETH-258338408,1752801642228,2,0.093,0.093437,75.26,ETH-25JUL25-3300-C,3585.95,sell,1.0,1.0,,,,,,,1752801642.228
661,ETH-258338861,1752801708675,2,0.092,0.092169,74.86,ETH-25JUL25-3300-C,3581.75,sell,1.0,1.0,,,,,,,1752801708.675
662,ETH-258338872,1752801709818,0,0.0925,0.092102,76.21,ETH-25JUL25-3300-C,3581.56,sell,1.0,1.0,,,,,,,1752801709.818
663,ETH-258339025,1752801728992,2,0.0915,0.091681,74.66,ETH-25JUL25-3300-C,3579.75,sell,1.0,1.0,,,,,,,1752801728.992
664,ETH-258339047,1752801738473,3,0.0915,0.091602,74.78,ETH-25JUL25-3300-C,3579.62,sell,1.0,1.0,,,,,,,1752801738.473
665,ETH-258339191,1752801773225,2,0.091,0.091193,74.79,ETH-25JUL25-3300-C,3577.39,sell,1.0,1.0,,,,,,,1752801773.225
666,ETH-258339217,1752801785364,2,0.0905,0.090691,75.13,ETH-25JUL25-3300-C,3574.32,sell,1.0,1.0,,,,,,,1752801785.364
667,ETH-258341670,1752802464042,0,0.095,0.094196,74.97,ETH-25JUL25-3300-C,3595.23,buy,50.0,50.0,,,,,,,1752802464.042
668,ETH-258349998,1752803896638,0,0.0995,0.098784,74.89,ETH-25JUL25-3300-C,3618.17,sell,10.0,10.0,,,,,,,1752803896.638
669,ETH-258355766,1752805082749,2,0.0965,0.096371,72.74,ETH-25JUL25-3300-C,3606.48,sell,1.0,1.0,,,,,,,1752805082.749
670,ETH-258355807,1752805105433,2,0.096,0.096117,72.46,ETH-25JUL25-3300-C,3604.77,sell,1.0,1.0,,,,,,,1752805105.433
671,ETH-258356004,1752805253772,2,0.0955,0.095368,73.09,ETH-25JUL25-3300-C,3601.34,sell,1.0,1.0,,,,,,,1752805253.772
672,ETH-258356867,1752805529630,0,0.0975,0.097548,72.32,ETH-25JUL25-3300-C,3613.13,sell,1.0,1.0,,,,,,,1752805529.63
673,ETH-258374169,1752814103376,2,0.096,0.096234,69.44,ETH-25JUL25-3300-C,3612.82,buy,1.0,1.0,,,,,,,1752814103.376
674,ETH-258380347,1752815346381,0,0.1045,0.103859,75.28,ETH-25JUL25-3300-C,3643.12,sell,8.0,8.0,,,,,,,1752815346.381
675,ETH-258428950,1752825119426,2,0.1015,0.101498,76.11,ETH-25JUL25-3300-C,3626.75,buy,10.0,10.0,,,,,,,1752825119.426
676,ETH-258428951,1752825119434,3,0.1015,0.101498,76.11,ETH-25JUL25-3300-C,3626.75,buy,3.0,3.0,,,,,,,1752825119.434
677,ETH-258428954,1752825119816,3,0.1015,0.101498,76.11,ETH-25JUL25-3300-C,3626.75,buy,4.0,4.0,,,,,,,1752825119.816
678,ETH-258437081,1752825953712,2,0.099,0.099172,74.24,ETH-25JUL25-3300-C,3617.87,buy,4.0,4.0,,,,,,,1752825953.712
679,ETH-258437103,1752825956239,3,0.099,0.09919,73.99,ETH-25JUL25-3300-C,3618.26,buy,3.0,3.0,,,,,,,1752825956.239
680,ETH-258442773,1752827421079,0,0.1,0.099937,73.3,ETH-25JUL25-3300-C,3624.94,sell,10.0,10.0,,,,,,,1752827421.079
681,ETH-258447121,1752828003363,2,0.0955,0.095465,72.94,ETH-25JUL25-3300-C,3605.41,sell,3.0,3.0,,,,,,,1752828003.363
682,ETH-258454761,1752830085317,2,0.0952,0.096022,66.98,ETH-25JUL25-3300-C,3613.3,sell,250.0,250.0,,ETH-CS-25JUL25-3100_3300,2.0,BLOCK-212025,,,1752830085.317
683,ETH-258455664,1752830242952,2,0.0945,0.094901,68.15,ETH-25JUL25-3300-C,3608.75,sell,400.0,400.0,,ETH-CS-25JUL25-3000_3300,2.0,BLOCK-212027,,,1752830242.952
684,ETH-258457483,1752831008821,2,0.094,0.094315,68.48,ETH-25JUL25-3300-C,3605.89,buy,2.0,2.0,,,,,,,1752831008.821
685,ETH-258465257,1752835811627,0,0.0967,0.097096,68.03,ETH-25JUL25-3300-C,3618.98,sell,300.0,300.0,,ETH-CS-25JUL25-2900_3300,2.0,BLOCK-212044,,,1752835811.627
686,ETH-258472429,1752837269965,2,0.095,0.09509,68.68,ETH-25JUL25-3300-C,3610.78,sell,8.0,8.0,,,,,,,1752837269.965
687,ETH-258472430,1752837269966,3,0.095,0.09509,68.68,ETH-25JUL25-3300-C,3610.78,sell,11.0,11.0,,,,,,,1752837269.966
688,ETH-258472431,1752837269971,3,0.095,0.09509,68.68,ETH-25JUL25-3300-C,3610.78,sell,20.0,20.0,,,,,,,1752837269.971
689,ETH-258472432,1752837269978,3,0.095,0.09509,68.68,ETH-25JUL25-3300-C,3610.78,sell,2.0,2.0,,,,,,,1752837269.978
690,ETH-258472433,1752837269983,3,0.095,0.09509,68.68,ETH-25JUL25-3300-C,3610.78,sell,1.0,1.0,,,,,,,1752837269.983
691,ETH-258472434,1752837269988,3,0.095,0.09509,68.68,ETH-25JUL25-3300-C,3610.78,sell,1.0,1.0,,,,,,,1752837269.988
692,ETH-258472435,1752837269993,3,0.095,0.09509,68.68,ETH-25JUL25-3300-C,3610.78,sell,1.0,1.0,,,,,,,1752837269.993
693,ETH-258472436,1752837270011,3,0.095,0.09509,68.68,ETH-25JUL25-3300-C,3610.78,sell,1.0,1.0,,,,,,,1752837270.011
694,ETH-258472437,1752837270018,3,0.095,0.09509,68.68,ETH-25JUL25-3300-C,3610.78,sell,1.0,1.0,,,,,,,1752837270.018
695,ETH-258472440,1752837271290,3,0.095,0.095065,68.73,ETH-25JUL25-3300-C,3610.7,sell,34.0,34.0,,,,,,,1752837271.29
696,ETH-258476510,1752840204012,0,0.0965,0.097037,68.21,ETH-25JUL25-3300-C,3619.39,buy,1.0,1.0,,,,,,,1752840204.012
697,ETH-258515376,1752849817739,2,0.0875,0.087045,71.53,ETH-25JUL25-3300-C,3571.43,buy,2.0,2.0,,,,,,,1752849817.739
698,ETH-258540531,1752854435828,2,0.087,0.086656,71.93,ETH-25JUL25-3300-C,3569.58,sell,1.0,1.0,,,,,,,1752854435.828
699,ETH-258616965,1752880735110,2,0.08,0.079895,70.55,ETH-25JUL25-3300-C,3539.88,buy,1.0,1.0,,,,,,,1752880735.11
700,ETH-258624554,1752887015688,2,0.075,0.074911,69.26,ETH-25JUL25-3300-C,3519.18,buy,10.0,10.0,,,,,,,1752887015.688
701,ETH-258624757,1752887099868,2,0.074,0.073726,69.83,ETH-25JUL25-3300-C,3513.09,buy,5.0,5.0,,,,,,,1752887099.868
702,ETH-258624920,1752887125618,3,0.074,0.073686,69.9,ETH-25JUL25-3300-C,3512.88,buy,4.0,4.0,,,,,,,1752887125.618
703,ETH-258624927,1752887125985,3,0.074,0.073725,69.41,ETH-25JUL25-3300-C,3513.83,buy,1.0,1.0,,,,,,,1752887125.985
704,ETH-258639334,1752903770228,0,0.0906,0.090761,69.96,ETH-25JUL25-3300-C,3594.96,buy,10.0,10.0,ETH-258639332,ETH-CS-25JUL25-3300_3400,,,,,1752903770.228
705,ETH-258663164,1752929444469,2,0.083,0.082837,69.3,ETH-25JUL25-3300-C,3562.15,buy,1.0,1.0,,,,,,,1752929444.469
706,ETH-258685774,1752955670073,0,0.089,0.088349,72.08,ETH-25JUL25-3300-C,3589.87,buy,1.0,1.0,,,,,,,1752955670.073
707,ETH-258693722,1752968140169,0,0.09,0.089736,72.53,ETH-25JUL25-3300-C,3595.65,buy,25.0,25.0,,,,,,,1752968140.169
708,ETH-258694046,1752968395469,1,0.09,0.090452,70.51,ETH-25JUL25-3300-C,3598.15,buy,25.0,25.0,,,,,,,1752968395.469
709,ETH-258707776,1752981851011,0,0.095,0.094077,77.02,ETH-25JUL25-3300-C,3613.91,buy,1.0,1.0,,,,,,,1752981851.011
710,ETH-258707777,1752981851013,1,0.095,0.094077,77.02,ETH-25JUL25-3300-C,3613.91,sell,1.0,1.0,,,,,,,1752981851.013
711,ETH-258727588,1752991281209,0,0.102,0.102226,76.99,ETH-25JUL25-3300-C,3647.15,buy,1.0,1.0,,,,,,,1752991281.209
712,ETH-258728112,1752992378343,1,0.102,0.101974,78.14,ETH-25JUL25-3300-C,3645.77,sell,17.0,17.0,,,,,,,1752992378.343
713,ETH-258728114,1752992379334,1,0.102,0.101879,78.39,ETH-25JUL25-3300-C,3645.48,sell,13.0,13.0,,,,,,,1752992379.334
714,ETH-258728123,1752992396063,1,0.102,0.101578,79.35,ETH-25JUL25-3300-C,3644.39,sell,8.0,8.0,,,,,,,1752992396.063
715,ETH-258728124,1752992396093,1,0.102,0.101578,79.35,ETH-25JUL25-3300-C,3644.39,sell,12.0,12.0,,,,,,,1752992396.093
716,ETH-258733072,1752997205034,0,0.1085,0.108092,79.13,ETH-25JUL25-3300-C,3675.52,buy,1.0,1.0,,,,,,,1752997205.034
717,ETH-258780670,1753013418442,0,0.1265,0.125832,88.22,ETH-25JUL25-3300-C,3753.25,sell,3.0,3.0,,,,,,,1753013418.442
718,ETH-259073336,1753160435642,2,0.103,0.102691,86.66,ETH-25JUL25-3300-C,3662.99,sell,1.0,1.0,,,,,,,1753160435.642
719,ETH-259227947,1753252120594,0,0.1095,0.109621,83.24,ETH-25JUL25-3300-C,3700.02,sell,1.0,1.0,,,,,,,1753252120.594
720,ETH-259439944,1753355115365,2,0.0909,0.090695,102.16,ETH-25JUL25-3300-C,3627.93,buy,500.0,500.0,,ETH-CS-25JUL25-3000_3300,2.0,BLOCK-213142,,,1753355115.365
721,ETH-259464990,1753367351688,0,0.0951,0.09614,0.0,ETH-25JUL25-3300-C,3650.3,buy,136.0,136.0,,ETH-CS-25JUL25-3200_3300,2.0,BLOCK-213245,,,1753367351.688
722,ETH-259471305,1753368576548,0,0.11,0.109869,109.21,ETH-25JUL25-3300-C,3707.75,buy,1.0,1.0,,,,,,,1753368576.548
723,ETH-259491947,1753372814515,0,0.1155,0.116069,0.0,ETH-25JUL25-3300-C,3734.47,sell,2.0,2.0,,,,,,,1753372814.515
724,ETH-259515952,1753388006427,0,0.116,0.115992,0.0,ETH-25JUL25-3300-C,3733.63,buy,1.0,1.0,,,,,,,1753388006.427
725,ETH-259588371,1753415864633,2,0.0829,0.082922,178.83,ETH-25JUL25-3300-C,3597.38,buy,10.0,10.0,ETH-259588369,ETH-CS-25JUL25-3200_3300,,,,,1753415864.633
726,ETH-259611170,1753424963780,0,0.0875,0.087682,0.0,ETH-25JUL25-3300-C,3616.02,buy,25.0,25.0,,,,,,,1753424963.78
727,ETH-259612377,1753425635245,0,0.091,0.090739,361.24,ETH-25JUL25-3300-C,3628.8,buy,13.0,13.0,,,,,,,1753425635.245
728,ETH-259612430,1753425635841,1,0.091,0.090756,339.7,ETH-25JUL25-3300-C,3629.15,buy,12.0,12.0,,,,,,,1753425635.841
729,ETH-259612763,1753425674793,0,0.0925,0.092472,0.0,ETH-25JUL25-3300-C,3636.42,buy,7.0,7.0,,,,,,,1753425674.793
730,ETH-259612765,1753425674946,1,0.0925,0.092472,0.0,ETH-25JUL25-3300-C,3636.42,buy,18.0,18.0,,,,,,,1753425674.946
731,ETH-259614545,1753426029334,0,0.0945,0.094486,0.0,ETH-25JUL25-3300-C,3644.35,buy,25.0,25.0,,,,,,,1753426029.334
732,ETH-259617180,1753427631800,2,0.0925,0.092234,424.52,ETH-25JUL25-3300-C,3634.38,buy,9.0,9.0,,,,,,,1753427631.8
733,ETH-259617181,1753427631821,3,0.0925,0.092234,424.52,ETH-25JUL25-3300-C,3634.38,buy,4.0,4.0,,,,,,,1753427631.821
734,ETH-259617182,1753427631826,3,0.0925,0.092234,424.52,ETH-25JUL25-3300-C,3634.38,buy,1.0,1.0,,,,,,,1753427631.826
735,ETH-259617191,1753427632104,3,0.0925,0.092234,424.52,ETH-25JUL25-3300-C,3634.38,buy,8.0,8.0,,,,,,,1753427632.104
736,ETH-259617247,1753427635482,3,0.0925,0.092681,0.0,ETH-25JUL25-3300-C,3634.87,buy,3.0,3.0,,,,,,,1753427635.482
737,ETH-259617780,1753427720082,0,0.094,0.09383,0.0,ETH-25JUL25-3300-C,3641.44,buy,7.0,7.0,,,,,,,1753427720.082
738,ETH-259617781,1753427720196,1,0.094,0.09383,0.0,ETH-25JUL25-3300-C,3641.44,buy,4.0,4.0,,,,,,,1753427720.196
739,ETH-259617782,1753427720219,1,0.094,0.09383,0.0,ETH-25JUL25-3300-C,3641.44,buy,1.0,1.0,,,,,,,1753427720.219
740,ETH-259617788,1753427722165,1,0.094,0.094121,0.0,ETH-25JUL25-3300-C,3642.21,buy,7.0,7.0,,,,,,,1753427722.165
741,ETH-259617789,1753427722189,1,0.094,0.094121,0.0,ETH-25JUL25-3300-C,3642.21,buy,6.0,6.0,,,,,,,1753427722.189
