trade_seq,trade_id,timestamp,tick_direction,price,mark_price,iv,instrument_name,index_price,direction,contracts,amount,block_trade_leg_count,block_trade_id,block_rfq_id,combo_id,combo_trade_id,liquidation,unix_sec
1149,ETH-256173300,1751312945694,3,0.001,0.001004,78.48,ETH-25JUL25-4000-C,2514.47,sell,1.0,1.0,,,,,,,1751312945.694
1150,ETH-256180240,1751318633617,2,0.0008,0.000864,77.28,ETH-25JUL25-4000-C,2497.29,sell,2.0,2.0,,,,,,,1751318633.617
1151,ETH-256196902,1751344121780,2,0.0006,0.000657,76.11,ETH-25JUL25-4000-C,2477.89,sell,9.0,9.0,,,,,,,1751344121.78
1152,ETH-256213705,1751363157659,2,0.0005,0.000405,76.18,ETH-25JUL25-4000-C,2453.94,buy,23.0,23.0,,,,,,,1751363157.659
1153,ETH-256213765,1751363196409,3,0.0005,0.000402,76.21,ETH-25JUL25-4000-C,2453.4,buy,22.0,22.0,,,,,,,1751363196.409
1154,ETH-256213967,1751363451654,3,0.0005,0.000396,76.14,ETH-25JUL25-4000-C,2454.62,buy,20.0,20.0,,,,,,,1751363451.654
1155,ETH-256214223,1751363839993,3,0.0005,0.000393,75.93,ETH-25JUL25-4000-C,2458.55,buy,26.0,26.0,,,,,,,1751363839.993
1156,ETH-256214230,1751363848149,3,0.0005,0.000392,75.93,ETH-25JUL25-4000-C,2458.41,buy,23.0,23.0,,,,,,,1751363848.149
1157,ETH-256214233,1751363856299,3,0.0005,0.000392,75.94,ETH-25JUL25-4000-C,2458.34,buy,25.0,25.0,,,,,,,1751363856.299
1158,ETH-256214236,1751363862416,3,0.0005,0.000391,75.94,ETH-25JUL25-4000-C,2458.21,buy,28.0,28.0,,,,,,,1751363862.416
1159,ETH-256214239,1751363872604,3,0.0005,0.000391,75.95,ETH-25JUL25-4000-C,2458.07,buy,23.0,23.0,,,,,,,1751363872.604
1160,ETH-256245870,1751391628397,3,0.0005,0.000459,78.09,ETH-25JUL25-4000-C,2428.64,buy,1.0,1.0,,,,,,,1751391628.397
1161,ETH-256284793,1751426259293,0,0.0007,0.000599,82.21,ETH-25JUL25-4000-C,2424.18,buy,1.0,1.0,,,,,,,1751426259.293
1162,ETH-256290933,1751434278682,2,0.0005,0.00061,78.34,ETH-25JUL25-4000-C,2439.24,sell,1.0,1.0,,,,,,,1751434278.682
1163,ETH-256291284,1751435173635,3,0.0005,0.000614,78.17,ETH-25JUL25-4000-C,2442.67,sell,9.0,9.0,,,,,,,1751435173.635
1164,ETH-256302156,1751447639467,3,0.0005,0.000508,77.93,ETH-25JUL25-4000-C,2451.54,buy,1.0,1.0,,,,,,,1751447639.467
1165,ETH-256313158,1751462583430,2,0.0004,0.000451,76.54,ETH-25JUL25-4000-C,2446.34,sell,384.0,384.0,,,,,,,1751462583.43
1166,ETH-256313159,1751462583437,3,0.0004,0.000451,76.54,ETH-25JUL25-4000-C,2446.34,sell,16.0,16.0,,,,,,,1751462583.437
1167,ETH-256313160,1751462583437,3,0.0004,0.000451,76.54,ETH-25JUL25-4000-C,2446.34,sell,3.0,3.0,,,,,,,1751462583.437
1168,ETH-256316925,1751465736264,3,0.0004,0.000322,76.31,ETH-25JUL25-4000-C,2451.45,buy,21.0,21.0,,,,,,,1751465736.264
1169,ETH-256316946,1751465771464,3,0.0004,0.000322,76.27,ETH-25JUL25-4000-C,2452.04,buy,22.0,22.0,,,,,,,1751465771.464
1170,ETH-256316949,1751465783170,3,0.0004,0.000323,76.27,ETH-25JUL25-4000-C,2452.1,buy,20.0,20.0,,,,,,,1751465783.17
1171,ETH-256325008,1751469120760,0,0.0005,0.000432,75.7,ETH-25JUL25-4000-C,2498.54,buy,50.0,50.0,,,,,,,1751469120.76
1172,ETH-256340076,1751472996610,0,0.0006,0.000569,74.75,ETH-25JUL25-4000-C,2544.94,buy,9.0,9.0,,,,,,,1751472996.61
1173,ETH-256363578,1751478642626,0,0.001,0.00076,78.95,ETH-25JUL25-4000-C,2561.04,buy,10.0,10.0,,,,,,,1751478642.626
1174,ETH-256367106,1751480145499,2,0.0008,0.000767,76.13,ETH-25JUL25-4000-C,2570.7,buy,20.0,20.0,,,,,,,1751480145.499
1175,ETH-256367160,1751480213710,3,0.0008,0.00077,76.08,ETH-25JUL25-4000-C,2571.63,buy,32.0,32.0,,,,,,,1751480213.71
1176,ETH-256367179,1751480228430,3,0.0008,0.000768,76.16,ETH-25JUL25-4000-C,2570.41,buy,10.0,10.0,,,,,,,1751480228.43
1177,ETH-256377480,1751486549679,0,0.0011,0.000902,77.97,ETH-25JUL25-4000-C,2597.2,buy,2.0,2.0,,,,,,,1751486549.679
1178,ETH-256386556,1751490890318,2,0.001,0.000982,77.62,ETH-25JUL25-4000-C,2587.76,buy,33.0,33.0,,,,,,,1751490890.318
1179,ETH-256386606,1751490914892,3,0.001,0.000987,77.53,ETH-25JUL25-4000-C,2589.31,buy,37.0,37.0,,,,,,,1751490914.892
1180,ETH-256386614,1751490931143,3,0.001,0.000987,77.54,ETH-25JUL25-4000-C,2589.11,buy,21.0,21.0,,,,,,,1751490931.143
1181,ETH-256387282,1751491688515,3,0.001,0.00096,77.58,ETH-25JUL25-4000-C,2589.01,buy,1.0,1.0,,,,,,,1751491688.515
1182,ETH-256387328,1751491728040,3,0.001,0.000962,77.64,ETH-25JUL25-4000-C,2588.0,sell,9.0,9.0,,,,,,,1751491728.04
1183,ETH-256456147,1751546338424,0,0.0011,0.00101,80.6,ETH-25JUL25-4000-C,2573.36,sell,2.0,2.0,,,,,,,1751546338.424
1184,ETH-256508858,1751575228312,1,0.0011,0.000909,79.87,ETH-25JUL25-4000-C,2596.13,buy,20.0,20.0,,,,,,,1751575228.312
1185,ETH-256508859,1751575228318,1,0.0011,0.000909,79.87,ETH-25JUL25-4000-C,2596.13,sell,30.0,30.0,,,,,,,1751575228.318
1186,ETH-256563037,1751636356488,2,0.0007,0.00061,80.29,ETH-25JUL25-4000-C,2533.21,buy,1.0,1.0,,,,,,,1751636356.488
1187,ETH-256563038,1751636356492,3,0.0007,0.00061,80.29,ETH-25JUL25-4000-C,2533.21,sell,1.0,1.0,,,,,,,1751636356.492
1188,ETH-256623452,1751722051641,2,0.0005,0.00037,79.74,ETH-25JUL25-4000-C,2521.14,sell,1.0,1.0,,,,,,,1751722051.641
1189,ETH-256623453,1751722051651,3,0.0005,0.00037,79.74,ETH-25JUL25-4000-C,2521.14,sell,9.0,9.0,,,,,,,1751722051.651
1190,ETH-256623466,1751722063088,3,0.0005,0.000369,79.77,ETH-25JUL25-4000-C,2520.72,sell,100.0,100.0,,,,,,,1751722063.088
1191,ETH-256623480,1751722076298,3,0.0005,0.000369,79.78,ETH-25JUL25-4000-C,2520.55,sell,5.0,5.0,,,,,,,1751722076.298
1192,ETH-256628692,1751733345846,2,0.0004,0.000377,79.09,ETH-25JUL25-4000-C,2502.31,sell,10.0,10.0,,,,,,,1751733345.846
1193,ETH-256628721,1751733351865,3,0.0004,0.000378,79.07,ETH-25JUL25-4000-C,2502.56,sell,10.0,10.0,,,,,,,1751733351.865
1194,ETH-256628722,1751733354925,3,0.0004,0.000378,79.09,ETH-25JUL25-4000-C,2502.33,sell,10.0,10.0,,,,,,,1751733354.925
1195,ETH-256628723,1751733357487,3,0.0004,0.000377,79.08,ETH-25JUL25-4000-C,2502.39,sell,10.0,10.0,,,,,,,1751733357.487
1196,ETH-256628726,1751733363067,3,0.0004,0.000378,79.08,ETH-25JUL25-4000-C,2502.49,sell,10.0,10.0,,,,,,,1751733363.067
1197,ETH-256628727,1751733366236,3,0.0004,0.000378,79.07,ETH-25JUL25-4000-C,2502.58,sell,10.0,10.0,,,,,,,1751733366.236
1198,ETH-256628728,1751733369226,3,0.0004,0.000378,79.07,ETH-25JUL25-4000-C,2502.57,sell,10.0,10.0,,,,,,,1751733369.226
1199,ETH-256628729,1751733372736,3,0.0004,0.000378,79.11,ETH-25JUL25-4000-C,2501.97,sell,10.0,10.0,,,,,,,1751733372.736
1200,ETH-256628731,1751733379587,3,0.0004,0.000377,79.12,ETH-25JUL25-4000-C,2501.85,sell,10.0,10.0,,,,,,,1751733379.587
1201,ETH-256628814,1751733421100,3,0.0004,0.000377,79.12,ETH-25JUL25-4000-C,2501.83,sell,5.0,5.0,,,,,,,1751733421.1
1202,ETH-256629055,1751733436378,3,0.0004,0.000375,79.22,ETH-25JUL25-4000-C,2500.24,sell,250.0,250.0,,,,,,,1751733436.378
1203,ETH-256629059,1751733436393,3,0.0004,0.000375,79.22,ETH-25JUL25-4000-C,2500.24,sell,50.0,50.0,,,,,,,1751733436.393
1204,ETH-256640267,1751774469130,2,0.0003,0.000351,76.86,ETH-25JUL25-4000-C,2514.84,buy,1.0,1.0,,,,,,,1751774469.13
1205,ETH-256640273,1751774479536,3,0.0003,0.00035,76.89,ETH-25JUL25-4000-C,2514.4,sell,1.0,1.0,,,,,,,1751774479.536
1206,ETH-256640275,1751774488819,3,0.0003,0.00035,76.89,ETH-25JUL25-4000-C,2514.51,sell,1.0,1.0,,,,,,,1751774488.819
1207,ETH-256640276,1751774497030,0,0.0004,0.000351,79.31,ETH-25JUL25-4000-C,2515.0,sell,1.0,1.0,,,,,,,1751774497.03
1208,ETH-256640356,1751774784148,2,0.0003,0.000352,76.68,ETH-25JUL25-4000-C,2518.2,sell,1.0,1.0,,,,,,,1751774784.148
1209,ETH-256640357,1751774789319,3,0.0003,0.000352,76.67,ETH-25JUL25-4000-C,2518.25,sell,1.0,1.0,,,,,,,1751774789.319
1210,ETH-256646478,1751791861585,0,0.0004,0.000377,79.8,ETH-25JUL25-4000-C,2515.71,sell,1.0,1.0,,,,,,,1751791861.585
1212,ETH-256701706,1751852035225,1,0.0004,0.000398,78.29,ETH-25JUL25-4000-C,2564.58,sell,1.0,1.0,,,,,,,1751852035.225
1211,ETH-256701705,1751852035225,1,0.0004,0.000398,78.29,ETH-25JUL25-4000-C,2564.58,sell,1.0,1.0,,,,,,,1751852035.225
1213,ETH-256704813,1751856282945,0,0.0006,0.00037,81.11,ETH-25JUL25-4000-C,2581.41,buy,8.0,8.0,,,,,,,1751856282.945
1214,ETH-256718704,1751880344816,2,0.0004,0.000414,78.33,ETH-25JUL25-4000-C,2576.1,sell,2.0,2.0,7.0,BLOCK-208928,,,,,1751880344.816
1215,ETH-256747619,1751903405764,2,0.0003,0.000244,78.87,ETH-25JUL25-4000-C,2535.74,sell,1.0,1.0,,,,,,,1751903405.764
1216,ETH-256747796,1751903960511,3,0.0003,0.000233,78.98,ETH-25JUL25-4000-C,2533.98,buy,20.0,20.0,,,,,,,1751903960.511
1217,ETH-256805274,1751982389867,3,0.0003,0.000221,77.62,ETH-25JUL25-4000-C,2591.2,buy,2.0,2.0,,,,,,,1751982389.867
1218,ETH-256805275,1751982389867,3,0.0003,0.000221,77.62,ETH-25JUL25-4000-C,2591.2,buy,57.0,57.0,,,,,,,1751982389.867
1219,ETH-256815790,1751993461803,0,0.0004,0.000298,81.47,ETH-25JUL25-4000-C,2575.05,buy,1.0,1.0,,,,,,,1751993461.803
1220,ETH-256864378,1752049502320,2,0.0003,0.000382,77.72,ETH-25JUL25-4000-C,2619.02,buy,15.0,15.0,,,,,,,1752049502.32
1221,ETH-256864395,1752049537358,3,0.0003,0.000381,77.69,ETH-25JUL25-4000-C,2619.65,buy,5.0,5.0,,,,,,,1752049537.358
1222,ETH-256923215,1752087939373,0,0.0007,0.000729,80.15,ETH-25JUL25-4000-C,2721.9,buy,2.0,2.0,,,,,,,1752087939.373
1223,ETH-256925046,1752088775756,1,0.0007,0.000715,79.22,ETH-25JUL25-4000-C,2736.51,buy,22.0,22.0,,,,,,,1752088775.756
1224,ETH-256939707,1752090889703,0,0.0008,0.000879,76.91,ETH-25JUL25-4000-C,2793.2,sell,30.0,30.0,,,,,,,1752090889.703
1225,ETH-256939867,1752090900648,1,0.0008,0.000876,76.93,ETH-25JUL25-4000-C,2792.84,sell,46.0,46.0,,,,,,,1752090900.648
1226,ETH-256943660,1752091213290,2,0.0006,0.000706,76.04,ETH-25JUL25-4000-C,2763.1,sell,3.0,3.0,,,,,,,1752091213.29
1227,ETH-256949974,1752093273830,3,0.0006,0.000545,77.43,ETH-25JUL25-4000-C,2741.52,buy,70.0,70.0,,,,,,,1752093273.83
1228,ETH-256949975,1752093273833,3,0.0006,0.000545,77.43,ETH-25JUL25-4000-C,2741.52,sell,5.0,5.0,,,,,,,1752093273.833
1229,ETH-256973954,1752108813589,0,0.0007,0.00071,78.07,ETH-25JUL25-4000-C,2762.14,buy,25.0,25.0,,,,,,,1752108813.589
1230,ETH-256973961,1752108819734,1,0.0007,0.000709,78.1,ETH-25JUL25-4000-C,2761.74,buy,8.0,8.0,,,,,,,1752108819.734
1231,ETH-256973962,1752108821790,1,0.0007,0.000708,78.09,ETH-25JUL25-4000-C,2761.83,buy,10.0,10.0,,,,,,,1752108821.79
1232,ETH-256978742,1752113382205,0,0.0008,0.000773,78.15,ETH-25JUL25-4000-C,2783.61,buy,2.0,2.0,,,,,,,1752113382.205
1233,ETH-256990470,1752125010887,1,0.0008,0.000888,78.83,ETH-25JUL25-4000-C,2779.15,buy,1.0,1.0,,,,,,,1752125010.887
1234,ETH-256992066,1752126900408,0,0.0009,0.000915,79.83,ETH-25JUL25-4000-C,2783.99,buy,1.0,1.0,,,,,,,1752126900.408
1235,ETH-256995242,1752129465049,0,0.001,0.000946,80.3,ETH-25JUL25-4000-C,2795.03,buy,1.0,1.0,,,,,,,1752129465.049
1237,ETH-256999523,1752131476857,1,0.0011,0.00106,80.14,ETH-25JUL25-4000-C,2814.67,buy,1.0,1.0,,,,,,,1752131476.857
1236,ETH-256999522,1752131476857,0,0.0011,0.00106,80.14,ETH-25JUL25-4000-C,2814.67,buy,1.0,1.0,,,,,,,1752131476.857
1238,ETH-256999919,1752131520687,0,0.0012,0.001101,80.92,ETH-25JUL25-4000-C,2818.04,buy,2.0,2.0,,,,,,,1752131520.687
1239,ETH-256999992,1752131536898,1,0.0012,0.001093,81.05,ETH-25JUL25-4000-C,2816.38,sell,22.0,22.0,,,,,,,1752131536.898
1240,ETH-257000028,1752131548008,1,0.0012,0.001093,80.99,ETH-25JUL25-4000-C,2817.17,sell,1.0,1.0,,,,,,,1752131548.008
1241,ETH-257000042,1752131550500,1,0.0012,0.001097,80.98,ETH-25JUL25-4000-C,2817.37,sell,1.0,1.0,,,,,,,1752131550.5
1242,ETH-257002202,1752131951122,2,0.0011,0.001169,79.86,ETH-25JUL25-4000-C,2818.75,buy,1.0,1.0,,,,,,,1752131951.122
1243,ETH-257007555,1752133778544,2,0.0009,0.000938,79.62,ETH-25JUL25-4000-C,2789.79,sell,2000.0,2000.0,2.0,BLOCK-209514,,ETH-CS-25JUL25-3200_4000,,,1752133778.544
1244,ETH-257014549,1752138226808,0,0.001,0.00094,80.88,ETH-25JUL25-4000-C,2790.6,buy,1.0,1.0,,,,,,,1752138226.808
1245,ETH-257018981,1752142947835,2,0.0009,0.000877,80.81,ETH-25JUL25-4000-C,2776.77,sell,1.0,1.0,,,,,,,1752142947.835
1247,ETH-257019280,1752143481126,1,0.001,0.000878,81.82,ETH-25JUL25-4000-C,2779.17,buy,9.0,9.0,,,,,,,1752143481.126
1246,ETH-257019279,1752143481126,0,0.001,0.000878,81.82,ETH-25JUL25-4000-C,2779.17,buy,1.0,1.0,,,,,,,1752143481.126
1248,ETH-257019338,1752143534431,1,0.001,0.000878,81.73,ETH-25JUL25-4000-C,2780.39,buy,10.0,10.0,,,,,,,1752143534.431
1249,ETH-257019357,1752143543110,1,0.001,0.000879,81.68,ETH-25JUL25-4000-C,2781.03,sell,10.0,10.0,,,,,,,1752143543.11
1250,ETH-257019359,1752143547998,1,0.001,0.00088,81.7,ETH-25JUL25-4000-C,2780.74,sell,10.0,10.0,,,,,,,1752143547.998
1251,ETH-257019383,1752143607671,1,0.001,0.00088,81.7,ETH-25JUL25-4000-C,2780.9,sell,70.0,70.0,,,,,,,1752143607.671
1252,ETH-257056827,1752167642436,0,0.0011,0.001032,80.83,ETH-25JUL25-4000-C,2821.97,buy,1.0,1.0,,,,,,,1752167642.436
1253,ETH-257056828,1752167642438,1,0.0011,0.001032,80.83,ETH-25JUL25-4000-C,2821.97,sell,14.0,14.0,,,,,,,1752167642.438
1254,ETH-257059537,1752168851625,2,0.001,0.000972,79.96,ETH-25JUL25-4000-C,2819.3,sell,5.0,5.0,,,,,,,1752168851.625
1255,ETH-257060235,1752169187523,3,0.001,0.000968,79.87,ETH-25JUL25-4000-C,2820.51,sell,3.0,3.0,,,,,,,1752169187.523
1256,ETH-257060311,1752169245201,3,0.001,0.000962,79.85,ETH-25JUL25-4000-C,2820.88,buy,24.0,24.0,,,,,,,1752169245.201
1257,ETH-257060363,1752169290226,3,0.001,0.000942,79.85,ETH-25JUL25-4000-C,2820.74,buy,20.0,20.0,,,,,,,1752169290.226
1258,ETH-257063663,1752170751909,0,0.0011,0.001029,80.11,ETH-25JUL25-4000-C,2833.31,buy,1.0,1.0,,,,,,,1752170751.909
1259,ETH-257066704,1752171790545,2,0.001,0.000977,79.73,ETH-25JUL25-4000-C,2823.8,buy,1.0,1.0,,,,,,,1752171790.545
1260,ETH-257074537,1752176496394,2,0.0009,0.000844,79.6,ETH-25JUL25-4000-C,2812.29,buy,22.0,22.0,,,,,,,1752176496.394
1261,ETH-257074869,1752176779178,3,0.0009,0.00084,79.52,ETH-25JUL25-4000-C,2813.86,buy,1.0,1.0,,,,,,,1752176779.178
1262,ETH-257075154,1752177079362,3,0.0009,0.00082,79.73,ETH-25JUL25-4000-C,2811.22,buy,1.0,1.0,,,,,,,1752177079.362
1263,ETH-257097109,1752183599537,0,0.0013,0.001358,77.05,ETH-25JUL25-4000-C,2914.3,sell,21.0,21.0,,,,,,,1752183599.537
1264,ETH-257103751,1752183812345,0,0.0014,0.001593,74.04,ETH-25JUL25-4000-C,2969.0,sell,2.0,2.0,,,,,,,1752183812.345
1265,ETH-257112942,1752184189692,0,0.0016,0.001723,74.76,ETH-25JUL25-4000-C,2981.82,sell,1.0,1.0,,,,,,,1752184189.692
1267,ETH-257122169,1752184530816,1,0.0019,0.001692,76.77,ETH-25JUL25-4000-C,2985.31,buy,20.0,20.0,,,,,,,1752184530.816
1266,ETH-257122168,1752184530816,0,0.0019,0.001692,76.77,ETH-25JUL25-4000-C,2985.31,buy,1.0,1.0,,,,,,,1752184530.816
1268,ETH-257122170,1752184530819,1,0.0019,0.001692,76.77,ETH-25JUL25-4000-C,2985.31,sell,78.0,78.0,,,,,,,1752184530.819
1269,ETH-257124177,1752184621393,0,0.002,0.001795,76.68,ETH-25JUL25-4000-C,2994.65,buy,99.0,99.0,,,,,,,1752184621.393
1271,ETH-257134238,1752185250595,3,0.0018,0.001604,77.96,ETH-25JUL25-4000-C,2960.57,buy,1.0,1.0,,,,,,,1752185250.595
1270,ETH-257134237,1752185250595,2,0.0018,0.001604,77.96,ETH-25JUL25-4000-C,2960.57,buy,30.0,30.0,,,,,,,1752185250.595
1272,ETH-257134239,1752185250597,3,0.0018,0.001604,77.96,ETH-25JUL25-4000-C,2960.57,sell,19.0,19.0,,,,,,,1752185250.597
1273,ETH-257149413,1752189674690,2,0.0014,0.001545,75.02,ETH-25JUL25-4000-C,2958.96,sell,1.0,1.0,,,,,,,1752189674.69
1274,ETH-257151544,1752190459055,2,0.0013,0.001449,75.33,ETH-25JUL25-4000-C,2941.96,sell,1.0,1.0,,,,,,,1752190459.055
1275,ETH-257151833,1752190696877,0,0.0015,0.001402,77.34,ETH-25JUL25-4000-C,2937.74,buy,29.0,29.0,,,,,,,1752190696.877
1276,ETH-257158482,1752193578093,1,0.0015,0.001466,78.44,ETH-25JUL25-4000-C,2922.95,buy,1.0,1.0,,,,,,,1752193578.093
1277,ETH-257159290,1752193878140,1,0.0015,0.001474,78.38,ETH-25JUL25-4000-C,2923.75,buy,1.0,1.0,,,,,,,1752193878.14
1278,ETH-257160104,1752194330070,1,0.0015,0.001518,78.07,ETH-25JUL25-4000-C,2928.87,buy,1.0,1.0,,,,,,,1752194330.07
1279,ETH-257160589,1752194630130,1,0.0015,0.001471,78.22,ETH-25JUL25-4000-C,2927.02,buy,1.0,1.0,,,,,,,1752194630.13
1280,ETH-257161972,1752195416866,0,0.0016,0.001523,77.94,ETH-25JUL25-4000-C,2941.95,buy,1.0,1.0,,,,,,,1752195416.866
1281,ETH-257165920,1752198317141,1,0.0016,0.001503,77.39,ETH-25JUL25-4000-C,2951.6,buy,20.0,20.0,,,,,,,1752198317.141
1282,ETH-257174024,1752201931762,0,0.0017,0.001568,77.71,ETH-25JUL25-4000-C,2959.45,buy,20.0,20.0,,,,,,,1752201931.762
1283,ETH-257179332,1752204963923,1,0.0017,0.001645,77.26,ETH-25JUL25-4000-C,2966.36,sell,288.0,288.0,,,,,,,1752204963.923
1284,ETH-257189772,1752210600268,1,0.0017,0.001734,75.42,ETH-25JUL25-4000-C,2993.25,buy,1.0,1.0,,,,,,,1752210600.268
1285,ETH-257190002,1752210620645,0,0.0018,0.001714,76.43,ETH-25JUL25-4000-C,2989.47,buy,18.0,18.0,,,,,,,1752210620.645
1286,ETH-257192528,1752211402922,1,0.0018,0.001768,76.28,ETH-25JUL25-4000-C,2991.67,buy,19.0,19.0,,,,,,,1752211402.922
1287,ETH-257192888,1752211487704,1,0.0018,0.001748,76.26,ETH-25JUL25-4000-C,2991.99,buy,19.0,19.0,,,,,,,1752211487.704
1288,ETH-257193058,1752211550107,1,0.0018,0.001727,76.4,ETH-25JUL25-4000-C,2990.03,buy,20.0,20.0,,,,,,,1752211550.107
1289,ETH-257193213,1752211580371,1,0.0018,0.001742,76.24,ETH-25JUL25-4000-C,2992.13,buy,6.0,6.0,,,,,,,1752211580.371
1290,ETH-257193285,1752211618556,1,0.0018,0.001747,76.18,ETH-25JUL25-4000-C,2993.04,buy,5.0,5.0,,,,,,,1752211618.556
1291,ETH-257193470,1752211672275,0,0.0019,0.001771,76.65,ETH-25JUL25-4000-C,2995.93,buy,6.0,6.0,,,,,,,1752211672.275
1292,ETH-257193500,1752211689344,1,0.0019,0.001756,76.65,ETH-25JUL25-4000-C,2996.05,buy,2.0,2.0,,,,,,,1752211689.344
1293,ETH-257193548,1752211700241,1,0.0019,0.001749,76.68,ETH-25JUL25-4000-C,2995.76,buy,1.0,1.0,,,,,,,1752211700.241
1294,ETH-257193550,1752211705732,1,0.0019,0.001747,76.71,ETH-25JUL25-4000-C,2995.39,buy,1.0,1.0,,,,,,,1752211705.732
1295,ETH-257193625,1752211744743,1,0.0019,0.001744,76.69,ETH-25JUL25-4000-C,2995.81,buy,4.0,4.0,,,,,,,1752211744.743
1296,ETH-257197387,1752212074524,0,0.002,0.00202,75.8,ETH-25JUL25-4000-C,3016.67,buy,3.0,3.0,,,,,,,1752212074.524
1297,ETH-257212237,1752216048060,0,0.0023,0.002319,78.29,ETH-25JUL25-4000-C,3010.01,buy,30.0,30.0,,,,,,,1752216048.06
1298,ETH-257212238,1752216049904,1,0.0023,0.002316,78.29,ETH-25JUL25-4000-C,3010.02,buy,20.0,20.0,,,,,,,1752216049.904
1300,ETH-257213137,1752216470242,3,0.0022,0.002278,78.44,ETH-25JUL25-4000-C,3000.3,sell,24.0,24.0,,,,,,,1752216470.242
1299,ETH-257213136,1752216470242,2,0.0022,0.002278,78.44,ETH-25JUL25-4000-C,3000.3,sell,2.0,2.0,,,,,,,1752216470.242
1301,ETH-257213145,1752216475621,3,0.0022,0.002285,78.41,ETH-25JUL25-4000-C,3000.74,buy,1.0,1.0,,,,,,,1752216475.621
1302,ETH-257213164,1752216494769,3,0.0022,0.002284,78.42,ETH-25JUL25-4000-C,3000.62,buy,30.0,30.0,,,,,,,1752216494.769
1303,ETH-257213817,1752216609543,0,0.0024,0.002197,79.96,ETH-25JUL25-4000-C,2996.09,buy,6.0,6.0,,,,,,,1752216609.543
1304,ETH-257214934,1752216895556,2,0.0022,0.002281,78.61,ETH-25JUL25-4000-C,2997.32,buy,30.0,30.0,,,,,,,1752216895.556
1305,ETH-257219379,1752218423861,2,0.0021,0.002168,78.56,ETH-25JUL25-4000-C,2989.66,buy,30.0,30.0,,,,,,,1752218423.861
1306,ETH-257219409,1752218434157,0,0.0022,0.002156,79.12,ETH-25JUL25-4000-C,2990.59,buy,13.0,13.0,,,,,,,1752218434.157
1307,ETH-257219569,1752218515792,0,0.0023,0.002188,79.39,ETH-25JUL25-4000-C,2995.29,buy,17.0,17.0,,,,,,,1752218515.792
1308,ETH-257219621,1752218543873,1,0.0023,0.002169,79.5,ETH-25JUL25-4000-C,2993.88,buy,3.0,3.0,,,,,,,1752218543.873
1309,ETH-257219634,1752218555473,1,0.0023,0.00216,79.56,ETH-25JUL25-4000-C,2993.32,buy,1.0,1.0,,,,,,,1752218555.473
1310,ETH-257219872,1752218727952,1,0.0023,0.002185,79.47,ETH-25JUL25-4000-C,2994.77,buy,18.0,18.0,,,,,,,1752218727.952
1311,ETH-257236867,1752222015434,2,0.0019,0.002072,77.97,ETH-25JUL25-4000-C,2981.94,sell,10.0,10.0,,,,,,,1752222015.434
1312,ETH-257236868,1752222015436,3,0.0019,0.002072,77.97,ETH-25JUL25-4000-C,2981.94,buy,10.0,10.0,,,,,,,1752222015.436
1313,ETH-257238477,1752222785380,0,0.0022,0.002041,79.97,ETH-25JUL25-4000-C,2981.95,buy,29.0,29.0,,,,,,,1752222785.38
1314,ETH-257238488,1752222792057,1,0.0022,0.002044,79.95,ETH-25JUL25-4000-C,2982.17,buy,14.0,14.0,,,,,,,1752222792.057
1315,ETH-257238624,1752222898552,1,0.0022,0.00209,79.75,ETH-25JUL25-4000-C,2984.65,buy,20.0,20.0,,,,,,,1752222898.552
1316,ETH-257241413,1752223468641,0,0.0024,0.002339,79.2,ETH-25JUL25-4000-C,3008.86,buy,25.0,25.0,,,,,,,1752223468.641
1317,ETH-257243320,1752224401086,1,0.0024,0.002304,79.55,ETH-25JUL25-4000-C,3004.56,buy,1.0,1.0,,,,,,,1752224401.086
1318,ETH-257244189,1752224869270,2,0.0023,0.002269,79.15,ETH-25JUL25-4000-C,3002.05,buy,1.0,1.0,,,,,,,1752224869.27
1319,ETH-257244749,1752225252403,0,0.0024,0.002299,79.52,ETH-25JUL25-4000-C,3005.67,buy,19.0,19.0,,,,,,,1752225252.403
1320,ETH-257244798,1752225306123,1,0.0024,0.002313,79.4,ETH-25JUL25-4000-C,3007.06,buy,25.0,25.0,,,,,,,1752225306.123
1321,ETH-257252288,1752227757761,0,0.0025,0.002366,79.26,ETH-25JUL25-4000-C,3017.28,buy,30.0,30.0,,,,,,,1752227757.761
1322,ETH-257252305,1752227761821,1,0.0025,0.002365,79.28,ETH-25JUL25-4000-C,3017.08,buy,3.0,3.0,,,,,,,1752227761.821
1323,ETH-257252974,1752227874952,1,0.0025,0.002396,79.09,ETH-25JUL25-4000-C,3019.13,buy,21.0,21.0,,,,,,,1752227874.952
1324,ETH-257254651,1752228404048,1,0.0025,0.002348,79.49,ETH-25JUL25-4000-C,3013.49,buy,22.0,22.0,,,,,,,1752228404.048
1325,ETH-257255913,1752228705767,2,0.0024,0.002227,79.85,ETH-25JUL25-4000-C,3001.76,buy,1.0,1.0,,,,,,,1752228705.767
1326,ETH-257256647,1752228807771,3,0.0024,0.002199,80.15,ETH-25JUL25-4000-C,2997.8,buy,30.0,30.0,,,,,,,1752228807.771
1327,ETH-257257583,1752229114402,2,0.0023,0.002324,78.74,ETH-25JUL25-4000-C,3008.61,buy,29.0,29.0,,,,,,,1752229114.402
1328,ETH-257257708,1752229167806,2,0.0022,0.002299,78.29,ETH-25JUL25-4000-C,3006.61,buy,1.0,1.0,,,,,,,1752229167.806
1329,ETH-257258696,1752229940928,0,0.0024,0.00226,79.66,ETH-25JUL25-4000-C,3004.81,buy,1.0,1.0,,,,,,,1752229940.928
1330,ETH-257258745,1752229975105,1,0.0024,0.002247,79.75,ETH-25JUL25-4000-C,3003.66,buy,29.0,29.0,,,,,,,1752229975.105
1333,ETH-257258990,1752230257806,3,0.0021,0.002309,77.49,ETH-25JUL25-4000-C,3009.3,sell,41.0,41.0,,,,,,,1752230257.806
1332,ETH-257258989,1752230257806,3,0.0021,0.002309,77.49,ETH-25JUL25-4000-C,3009.3,sell,14.0,14.0,,,,,,,1752230257.806
1331,ETH-257258988,1752230257806,2,0.0021,0.002309,77.49,ETH-25JUL25-4000-C,3009.3,sell,30.0,30.0,,,,,,,1752230257.806
1334,ETH-257258991,1752230257809,3,0.0021,0.002309,77.49,ETH-25JUL25-4000-C,3009.3,buy,303.0,303.0,,,,,,,1752230257.809
1335,ETH-257258992,1752230257812,3,0.0021,0.002309,77.49,ETH-25JUL25-4000-C,3009.3,buy,612.0,612.0,,,,,,,1752230257.812
1336,ETH-257260779,1752231833004,0,0.0022,0.00223,78.44,ETH-25JUL25-4000-C,3005.78,buy,100.0,100.0,,,,,,,1752231833.004
1337,ETH-257261634,1752232354116,1,0.0022,0.002123,79.1,ETH-25JUL25-4000-C,2997.74,sell,30.0,30.0,,,,,,,1752232354.116
1338,ETH-257261732,1752232397240,1,0.0022,0.002093,79.32,ETH-25JUL25-4000-C,2994.89,sell,20.0,20.0,,,,,,,1752232397.24
1339,ETH-257261767,1752232402194,1,0.0022,0.002101,79.35,ETH-25JUL25-4000-C,2994.6,sell,12.0,12.0,,,,,,,1752232402.194
1340,ETH-257261782,1752232405509,1,0.0022,0.002097,79.38,ETH-25JUL25-4000-C,2994.14,sell,3.0,3.0,,,,,,,1752232405.509
1341,ETH-257261789,1752232407166,1,0.0022,0.002097,79.42,ETH-25JUL25-4000-C,2993.62,sell,5.0,5.0,,,,,,,1752232407.166
1342,ETH-257267479,1752234568476,2,0.002,0.001889,79.71,ETH-25JUL25-4000-C,2972.44,buy,1.0,1.0,,,,,,,1752234568.476
1343,ETH-257267520,1752234577536,0,0.0021,0.001885,80.39,ETH-25JUL25-4000-C,2972.29,buy,38.0,38.0,,,,,,,1752234577.536
1344,ETH-257279338,1752241044293,1,0.0021,0.002103,78.6,ETH-25JUL25-4000-C,2999.76,buy,1.0,1.0,,,,,,,1752241044.293
1345,ETH-257301399,1752249465517,2,0.0013,0.001493,76.73,ETH-25JUL25-4000-C,2945.55,sell,30.0,30.0,,,,,,,1752249465.517
1346,ETH-257301400,1752249465521,3,0.0013,0.001493,76.73,ETH-25JUL25-4000-C,2945.55,buy,20.0,20.0,,,,,,,1752249465.521
1347,ETH-257305772,1752250514087,3,0.0013,0.001495,76.28,ETH-25JUL25-4000-C,2952.76,sell,3.0,3.0,,,,,,,1752250514.087
1348,ETH-257309422,1752251982988,0,0.0017,0.001568,78.38,ETH-25JUL25-4000-C,2970.18,buy,1.0,1.0,,,,,,,1752251982.988
1349,ETH-257315064,1752255550795,2,0.0016,0.00179,77.13,ETH-25JUL25-4000-C,2978.44,sell,5.0,5.0,,,,,,,1752255550.795
1350,ETH-257317552,1752258320114,0,0.002,0.001854,78.99,ETH-25JUL25-4000-C,2993.73,buy,21.0,21.0,,,,,,,1752258320.114
1351,ETH-257317553,1752258320114,1,0.002,0.001854,78.99,ETH-25JUL25-4000-C,2993.73,buy,1.0,1.0,,,,,,,1752258320.114
1352,ETH-257317554,1752258320876,1,0.002,0.001853,78.99,ETH-25JUL25-4000-C,2993.67,sell,23.0,23.0,,,,,,,1752258320.876
1353,ETH-257317590,1752258360546,0,0.0021,0.001938,79.85,ETH-25JUL25-4000-C,2991.26,buy,25.0,25.0,,,,,,,1752258360.546
1354,ETH-257317689,1752258462859,2,0.002,0.001926,79.41,ETH-25JUL25-4000-C,2988.54,sell,20.0,20.0,,,,,,,1752258462.859
1355,ETH-257318127,1752258760585,3,0.002,0.001939,79.27,ETH-25JUL25-4000-C,2989.7,buy,1.0,1.0,,,,,,,1752258760.585
1356,ETH-257318154,1752258783153,0,0.0021,0.001991,79.79,ETH-25JUL25-4000-C,2991.6,buy,79.0,79.0,,,,,,,1752258783.153
1357,ETH-257318331,1752259071910,2,0.002,0.001965,79.28,ETH-25JUL25-4000-C,2990.25,buy,1.0,1.0,,,,,,,1752259071.91
1358,ETH-257318376,1752259162516,3,0.002,0.002012,79.28,ETH-25JUL25-4000-C,2990.14,sell,99.0,99.0,,,,,,,1752259162.516
1360,ETH-257318808,1752259681752,3,0.002,0.00195,79.05,ETH-25JUL25-4000-C,2993.47,buy,26.0,26.0,,,,,,,1752259681.752
1359,ETH-257318807,1752259681752,3,0.002,0.00195,79.05,ETH-25JUL25-4000-C,2993.47,buy,1.0,1.0,,,,,,,1752259681.752
1361,ETH-257318816,1752259682745,3,0.002,0.001953,79.04,ETH-25JUL25-4000-C,2993.59,sell,40.0,40.0,,,,,,,1752259682.745
1362,ETH-257318824,1752259695038,0,0.0021,0.001987,79.62,ETH-25JUL25-4000-C,2994.64,buy,33.0,33.0,,,,,,,1752259695.038
1363,ETH-257319092,1752260112330,2,0.002,0.001996,78.86,ETH-25JUL25-4000-C,2995.8,buy,1.0,1.0,,,,,,,1752260112.33
1364,ETH-257319116,1752260125551,0,0.0021,0.002008,79.51,ETH-25JUL25-4000-C,2996.06,buy,99.0,99.0,,,,,,,1752260125.551
1365,ETH-257325673,1752265149040,1,0.0021,0.001928,79.0,ETH-25JUL25-4000-C,3005.3,buy,10.0,10.0,,,,ETH-ICOND-25JUL25-2400_2600_3500_4000,ETH-257325669,,1752265149.04
1366,ETH-257327991,1752266437822,2,0.0019,0.001766,78.96,ETH-25JUL25-4000-C,2988.1,buy,10.0,10.0,,,,ETH-ICOND-25JUL25-2400_2600_3500_4000,ETH-257327987,,1752266437.822
1367,ETH-257333982,1752271637995,2,0.0014,0.001561,77.04,ETH-25JUL25-4000-C,2964.6,sell,2.0,2.0,,,,,,,1752271637.995
1368,ETH-257353684,1752291008086,3,0.0014,0.001555,77.56,ETH-25JUL25-4000-C,2968.99,sell,4.0,4.0,,,,,,,1752291008.086
1369,ETH-257356794,1752294942920,2,0.0009,0.000841,73.07,ETH-25JUL25-4000-C,2966.69,buy,14.0,14.0,,,,,,,1752294942.92
1370,ETH-257356795,1752294949088,3,0.0009,0.000841,73.06,ETH-25JUL25-4000-C,2966.72,buy,10.0,10.0,,,,,,,1752294949.088
1371,ETH-257356907,1752295304674,3,0.0009,0.000797,73.35,ETH-25JUL25-4000-C,2962.93,sell,231.0,231.0,,,,,,,1752295304.674
1372,ETH-257360782,1752299312005,3,0.0009,0.000801,73.82,ETH-25JUL25-4000-C,2956.34,buy,10.0,10.0,,,,,,,1752299312.005
1373,ETH-257360783,1752299315725,3,0.0009,0.000801,73.82,ETH-25JUL25-4000-C,2956.32,buy,11.0,11.0,,,,,,,1752299315.725
1374,ETH-257360787,1752299319478,3,0.0009,0.000798,73.86,ETH-25JUL25-4000-C,2955.77,buy,12.0,12.0,,,,,,,1752299319.478
1375,ETH-257360788,1752299322640,3,0.0009,0.000797,73.86,ETH-25JUL25-4000-C,2955.73,buy,12.0,12.0,,,,,,,1752299322.64
1376,ETH-257360799,1752299340911,3,0.0009,0.000796,73.83,ETH-25JUL25-4000-C,2955.99,buy,10.0,10.0,,,,,,,1752299340.911
1377,ETH-257360800,1752299347122,3,0.0009,0.0008,73.83,ETH-25JUL25-4000-C,2956.06,buy,18.0,18.0,,,,,,,1752299347.122
1378,ETH-257360804,1752299355313,3,0.0009,0.0008,73.8,ETH-25JUL25-4000-C,2956.45,buy,15.0,15.0,,,,,,,1752299355.313
1379,ETH-257360811,1752299371859,3,0.0009,0.000799,73.84,ETH-25JUL25-4000-C,2955.82,buy,11.0,11.0,,,,,,,1752299371.859
1380,ETH-257364455,1752304997790,0,0.001,0.000868,74.23,ETH-25JUL25-4000-C,2969.57,buy,12.0,12.0,,,,,,,1752304997.79
1381,ETH-257364456,1752305003956,1,0.001,0.000868,74.22,ETH-25JUL25-4000-C,2969.63,buy,12.0,12.0,,,,,,,1752305003.956
1382,ETH-257373730,1752312304085,0,0.0011,0.000853,75.4,ETH-25JUL25-4000-C,2971.42,buy,1.0,1.0,,,,,,,1752312304.085
1383,ETH-257373829,1752312374317,1,0.0011,0.000847,75.5,ETH-25JUL25-4000-C,2970.06,buy,1.0,1.0,,,,,,,1752312374.317
1384,ETH-257376950,1752314747420,0,0.0012,0.000977,76.18,ETH-25JUL25-4000-C,2971.8,buy,1.0,1.0,,,,,,,1752314747.42
1385,ETH-257378414,1752316246592,0,0.0013,0.001083,76.8,ETH-25JUL25-4000-C,2976.85,buy,1.0,1.0,,,,,,,1752316246.592
1386,ETH-257384801,1752323693642,2,0.0012,0.001046,78.29,ETH-25JUL25-4000-C,2946.15,buy,1.0,1.0,,,,,,,1752323693.642
1387,ETH-257394412,1752329392948,3,0.0012,0.001298,78.96,ETH-25JUL25-4000-C,2939.55,buy,3.0,3.0,,,,,,,1752329392.948
1388,ETH-257397978,1752332155908,0,0.0014,0.001242,81.65,ETH-25JUL25-4000-C,2929.99,buy,1.0,1.0,,,,,,,1752332155.908
1390,ETH-257408284,1752337109117,1,0.0015,0.001347,82.44,ETH-25JUL25-4000-C,2933.15,buy,1.0,1.0,,,,,,,1752337109.117
1389,ETH-257408283,1752337109117,0,0.0015,0.001347,82.44,ETH-25JUL25-4000-C,2933.15,buy,10.0,10.0,,,,,,,1752337109.117
1391,ETH-257408809,1752337925151,1,0.0015,0.001384,82.7,ETH-25JUL25-4000-C,2930.05,buy,1.0,1.0,,,,,,,1752337925.151
1392,ETH-257408810,1752337925167,0,0.0016,0.001384,83.54,ETH-25JUL25-4000-C,2930.05,buy,78.0,78.0,,,,,,,1752337925.167
1393,ETH-257408811,1752337925167,1,0.0016,0.001384,83.54,ETH-25JUL25-4000-C,2930.05,buy,18.0,18.0,,,,,,,1752337925.167
1394,ETH-257409537,1752338852316,2,0.0014,0.001547,81.48,ETH-25JUL25-4000-C,2935.14,sell,2.0,2.0,,,,,,,1752338852.316
1395,ETH-257409538,1752338852319,3,0.0014,0.001547,81.48,ETH-25JUL25-4000-C,2935.14,buy,13.0,13.0,,,,,,,1752338852.319
1396,ETH-257409560,1752338877253,3,0.0014,0.001549,81.47,ETH-25JUL25-4000-C,2935.21,sell,2.0,2.0,,,,,,,1752338877.253
1397,ETH-257409605,1752338936249,3,0.0014,0.001542,81.53,ETH-25JUL25-4000-C,2934.51,sell,2.0,2.0,,,,,,,1752338936.249
1398,ETH-257409634,1752338949741,3,0.0014,0.00153,81.63,ETH-25JUL25-4000-C,2933.28,buy,1.0,1.0,,,,,,,1752338949.741
1399,ETH-257413541,1752344166279,0,0.0017,0.001537,83.79,ETH-25JUL25-4000-C,2941.04,buy,20.0,20.0,,,,ETH-ICOND-25JUL25-2400_2600_3500_4000,ETH-257413539,,1752344166.279
1400,ETH-257423744,1752367429444,2,0.0016,0.001426,83.38,ETH-25JUL25-4000-C,2947.84,buy,1.0,1.0,,,,,,,1752367429.444
1401,ETH-257427979,1752375340629,2,0.0014,0.001468,80.99,ETH-25JUL25-4000-C,2959.96,buy,10.0,10.0,,,,,,,1752375340.629
1402,ETH-257432969,1752387045908,0,0.0015,0.001356,82.79,ETH-25JUL25-4000-C,2953.87,buy,1.0,1.0,,,,,,,1752387045.908
1404,ETH-257433028,1752387296114,0,0.0016,0.001375,83.62,ETH-25JUL25-4000-C,2954.45,buy,9.0,9.0,,,,,,,1752387296.114
1403,ETH-257433027,1752387296114,1,0.0015,0.001375,82.77,ETH-25JUL25-4000-C,2954.45,buy,1.0,1.0,,,,,,,1752387296.114
1405,ETH-257440254,1752401874841,2,0.0013,0.00128,81.4,ETH-25JUL25-4000-C,2957.35,sell,107.0,107.0,3.0,BLOCK-210282,,,,,1752401874.841
1406,ETH-257440442,1752402550931,2,0.001,0.001242,78.53,ETH-25JUL25-4000-C,2954.31,sell,200.0,200.0,2.0,BLOCK-210283,,,,,1752402550.931
1407,ETH-257441815,1752405941730,0,0.0014,0.001291,82.08,ETH-25JUL25-4000-C,2962.71,buy,1.0,1.0,,,,,,,1752405941.73
1408,ETH-257441829,1752405971443,0,0.0015,0.001304,82.84,ETH-25JUL25-4000-C,2964.32,buy,1.0,1.0,,,,,,,1752405971.443
1409,ETH-257450084,1752415327695,1,0.0015,0.001605,81.39,ETH-25JUL25-4000-C,2988.24,sell,2.0,2.0,,,,,,,1752415327.695
1410,ETH-257450085,1752415327702,1,0.0015,0.001605,81.39,ETH-25JUL25-4000-C,2988.24,buy,8.0,8.0,,,,,,,1752415327.702
1411,ETH-257450533,1752415905769,0,0.0019,0.001719,84.26,ETH-25JUL25-4000-C,2992.05,buy,1.0,1.0,,,,,,,1752415905.769
1412,ETH-257450548,1752415923515,0,0.002,0.001778,85.04,ETH-25JUL25-4000-C,2991.47,buy,20.0,20.0,,,,,,,1752415923.515
1413,ETH-257450562,1752415933849,0,0.0021,0.001823,85.72,ETH-25JUL25-4000-C,2991.82,buy,79.0,79.0,,,,,,,1752415933.849
1414,ETH-257450875,1752416093079,1,0.0021,0.001878,85.31,ETH-25JUL25-4000-C,2996.77,buy,20.0,20.0,,,,,,,1752416093.079
1415,ETH-257450889,1752416104493,1,0.0021,0.001925,85.31,ETH-25JUL25-4000-C,2996.77,sell,4.0,4.0,,,,,,,1752416104.493
1416,ETH-257450890,1752416104500,1,0.0021,0.001925,85.31,ETH-25JUL25-4000-C,2996.77,sell,2.0,2.0,,,,,,,1752416104.5
1417,ETH-257450891,1752416104508,1,0.0021,0.001925,85.31,ETH-25JUL25-4000-C,2996.77,sell,2.0,2.0,,,,,,,1752416104.508
1418,ETH-257450892,1752416104859,0,0.0022,0.001925,86.0,ETH-25JUL25-4000-C,2996.77,buy,72.0,72.0,,,,,,,1752416104.859
1420,ETH-257451051,1752416192655,1,0.0022,0.001981,86.06,ETH-25JUL25-4000-C,2996.09,buy,71.0,71.0,,,,,,,1752416192.655
1419,ETH-257451050,1752416192655,1,0.0022,0.001981,86.06,ETH-25JUL25-4000-C,2996.09,buy,28.0,28.0,,,,,,,1752416192.655
1421,ETH-257454841,1752417092309,2,0.0018,0.002006,82.52,ETH-25JUL25-4000-C,3005.26,sell,1.0,1.0,,,,,,,1752417092.309
1422,ETH-257456176,1752418024569,2,0.0016,0.001784,82.22,ETH-25JUL25-4000-C,2989.35,buy,1.0,1.0,,,,,,,1752418024.569
1423,ETH-257458912,1752420584095,0,0.0019,0.001718,83.73,ETH-25JUL25-4000-C,3001.15,buy,1.0,1.0,,,,,,,1752420584.095
1424,ETH-257458914,1752420588510,1,0.0019,0.001723,83.73,ETH-25JUL25-4000-C,3001.14,sell,15.0,15.0,,,,,,,1752420588.51
1425,ETH-257458918,1752420600119,1,0.0019,0.001734,83.78,ETH-25JUL25-4000-C,3000.63,sell,4.0,4.0,,,,,,,1752420600.119
1426,ETH-257461156,1752423150108,1,0.0019,0.001628,84.44,ETH-25JUL25-4000-C,2993.78,buy,10.0,10.0,,,,,,,1752423150.108
1427,ETH-257461157,1752423151271,1,0.0019,0.001631,84.44,ETH-25JUL25-4000-C,2993.77,sell,59.0,59.0,,,,,,,1752423151.271
1428,ETH-257461158,1752423151472,1,0.0019,0.001631,84.44,ETH-25JUL25-4000-C,2993.77,sell,2.0,2.0,,,,,,,1752423151.472
1429,ETH-257461164,1752423164228,0,0.002,0.001679,85.24,ETH-25JUL25-4000-C,2993.03,buy,9.0,9.0,,,,,,,1752423164.228
1430,ETH-257462388,1752424344773,2,0.0019,0.001658,84.88,ETH-25JUL25-4000-C,2988.78,buy,1.0,1.0,,,,,,,1752424344.773
1431,ETH-257462752,1752424689536,3,0.0019,0.001709,84.57,ETH-25JUL25-4000-C,2992.65,buy,1.0,1.0,,,,,,,1752424689.536
1432,ETH-257462758,1752424712258,0,0.002,0.001752,85.37,ETH-25JUL25-4000-C,2991.9,buy,29.0,29.0,,,,,,,1752424712.258
1433,ETH-257469029,1752426353486,2,0.0014,0.001587,82.25,ETH-25JUL25-4000-C,2972.56,sell,2.0,2.0,,,,,,,1752426353.486
1434,ETH-257472404,1752428075697,0,0.0019,0.001762,84.76,ETH-25JUL25-4000-C,2993.8,buy,1.0,1.0,,,,,,,1752428075.697
1435,ETH-257479436,1752434799582,1,0.0019,0.001697,84.33,ETH-25JUL25-4000-C,3002.13,buy,5.0,5.0,,,,ETH-ICOND-25JUL25-2500_2600_3500_4000,ETH-257479432,,1752434799.582
1436,ETH-257487373,1752438784277,2,0.0013,0.001379,79.75,ETH-25JUL25-4000-C,2998.32,buy,1.0,1.0,,,,,,,1752438784.277
1437,ETH-257487381,1752438789201,3,0.0013,0.00138,79.73,ETH-25JUL25-4000-C,2998.48,buy,10.0,10.0,,,,,,,1752438789.201
1438,ETH-257514895,1752459803288,2,0.0011,0.001035,79.02,ETH-25JUL25-4000-C,2992.48,buy,100.0,100.0,,,,,,,1752459803.288
1439,ETH-257525828,1752464522895,0,0.0014,0.001441,79.14,ETH-25JUL25-4000-C,3030.95,buy,1.0,1.0,,,,,,,1752464522.895
1440,ETH-257533892,1752466755966,0,0.0015,0.001441,79.13,ETH-25JUL25-4000-C,3043.82,buy,50.0,50.0,,,,,,,1752466755.966
1441,ETH-257545461,1752471570654,0,0.0018,0.001671,81.66,ETH-25JUL25-4000-C,3045.01,buy,1.0,1.0,,,,,,,1752471570.654
1442,ETH-257559364,1752479268679,1,0.0018,0.001665,82.32,ETH-25JUL25-4000-C,3040.13,buy,1.0,1.0,,,,,,,1752479268.679
1443,ETH-257560966,1752480343436,1,0.0018,0.001716,82.77,ETH-25JUL25-4000-C,3035.54,sell,4.0,4.0,,,,,,,1752480343.436
1444,ETH-257562541,1752481722848,2,0.0017,0.001656,82.81,ETH-25JUL25-4000-C,3026.12,sell,5.0,5.0,,,,,,,1752481722.848
1445,ETH-257564882,1752485025203,2,0.0016,0.001741,80.64,ETH-25JUL25-4000-C,3044.38,sell,50.0,50.0,3.0,BLOCK-210471,,,,,1752485025.203
1447,ETH-257565789,1752485912441,1,0.0019,0.001776,82.9,ETH-25JUL25-4000-C,3046.09,buy,1.0,1.0,,,,,,,1752485912.441
1446,ETH-257565788,1752485912441,0,0.0019,0.001776,82.9,ETH-25JUL25-4000-C,3046.09,buy,59.0,59.0,,,,,,,1752485912.441
1448,ETH-257572026,1752487618847,2,0.0017,0.001703,82.2,ETH-25JUL25-4000-C,3037.39,sell,10.0,10.0,,,,,,,1752487618.847
1449,ETH-257572265,1752487706059,2,0.0015,0.001582,80.96,ETH-25JUL25-4000-C,3031.98,sell,10.0,10.0,,,,,,,1752487706.059
1450,ETH-257578481,1752489764561,0,0.002,0.001889,81.59,ETH-25JUL25-4000-C,3073.36,buy,20.0,20.0,,,,,,,1752489764.561
1451,ETH-257580116,1752491123180,0,0.0021,0.001991,82.71,ETH-25JUL25-4000-C,3068.62,buy,1.0,1.0,,,,,,,1752491123.18
1452,ETH-257582090,1752491444169,0,0.0022,0.002154,82.44,ETH-25JUL25-4000-C,3079.82,buy,1.0,1.0,,,,,,,1752491444.169
1453,ETH-257583113,1752491690298,2,0.002,0.002155,81.66,ETH-25JUL25-4000-C,3073.27,sell,1.0,1.0,,,,,,,1752491690.298
1454,ETH-257595108,1752495459143,2,0.0019,0.001807,83.44,ETH-25JUL25-4000-C,3046.76,sell,1.0,1.0,,,,,,,1752495459.143
1455,ETH-257595109,1752495459143,3,0.0019,0.001807,83.44,ETH-25JUL25-4000-C,3046.76,sell,1.0,1.0,,,,,,,1752495459.143
1456,ETH-257602760,1752498704974,3,0.0019,0.00191,83.21,ETH-25JUL25-4000-C,3051.44,buy,1.0,1.0,,,,,,,1752498704.974
1457,ETH-257602860,1752498870323,2,0.0018,0.001931,82.28,ETH-25JUL25-4000-C,3053.57,sell,1.0,1.0,,,,,,,1752498870.323
1458,ETH-257602883,1752498879663,3,0.0018,0.001944,82.18,ETH-25JUL25-4000-C,3054.76,sell,1.0,1.0,,,,,,,1752498879.663
1459,ETH-257603039,1752499093864,0,0.002,0.001903,83.99,ETH-25JUL25-4000-C,3051.28,buy,1.0,1.0,,,,,,,1752499093.864
1460,ETH-257603040,1752499093864,1,0.002,0.001903,83.99,ETH-25JUL25-4000-C,3051.28,buy,499.0,499.0,,,,,,,1752499093.864
1461,ETH-257606358,1752500751183,2,0.0019,0.00199,83.07,ETH-25JUL25-4000-C,3053.83,buy,1.0,1.0,,,,,,,1752500751.183
1462,ETH-257611354,1752503245358,3,0.0019,0.001746,84.48,ETH-25JUL25-4000-C,3038.62,buy,589.0,589.0,,,,,,,1752503245.358
1463,ETH-257611355,1752503245361,3,0.0019,0.001746,84.48,ETH-25JUL25-4000-C,3038.62,sell,11.0,11.0,,,,,,,1752503245.361
1464,ETH-257611369,1752503254342,3,0.0019,0.001738,84.53,ETH-25JUL25-4000-C,3038.14,sell,500.0,500.0,,,,,,,1752503254.342
1465,ETH-257611428,1752503269730,2,0.0018,0.00173,83.8,ETH-25JUL25-4000-C,3037.73,buy,30.0,30.0,,,,,,,1752503269.73
1466,ETH-257625484,1752508940058,2,0.0016,0.00172,84.66,ETH-25JUL25-4000-C,3010.69,sell,3.0,3.0,,,,,,,1752508940.058
1467,ETH-257625832,1752509091737,3,0.0016,0.001707,84.74,ETH-25JUL25-4000-C,3009.75,buy,3.0,3.0,,,,,,,1752509091.737
1468,ETH-257644139,1752527153859,2,0.0015,0.001466,84.82,ETH-25JUL25-4000-C,3007.89,buy,1.0,1.0,,,,,,,1752527153.859
1469,ETH-257644140,1752527153898,3,0.0015,0.001466,84.82,ETH-25JUL25-4000-C,3007.93,sell,99.0,99.0,,,,,,,1752527153.898
1470,ETH-257646104,1752530472482,0,0.0017,0.001385,86.8,ETH-25JUL25-4000-C,3007.37,buy,5.0,5.0,,,,ETH-ICOND-25JUL25-2500_2700_3500_4000,ETH-257646100,,1752530472.482
1471,ETH-257658422,1752543259810,2,0.0011,0.001237,83.61,ETH-25JUL25-4000-C,2983.48,buy,2.0,2.0,,,,,,,1752543259.81
1473,ETH-257689471,1752564046629,1,0.0012,0.001079,85.17,ETH-25JUL25-4000-C,2987.87,buy,1.0,1.0,,,,,,,1752564046.629
1472,ETH-257689470,1752564046629,0,0.0012,0.001079,85.17,ETH-25JUL25-4000-C,2987.87,buy,592.0,592.0,,,,,,,1752564046.629
1474,ETH-257689472,1752564046629,1,0.0012,0.001079,85.17,ETH-25JUL25-4000-C,2987.87,buy,55.0,55.0,,,,,,,1752564046.629
1475,ETH-257689473,1752564046632,1,0.0012,0.001079,85.17,ETH-25JUL25-4000-C,2987.87,sell,352.0,352.0,,,,,,,1752564046.632
1476,ETH-257716196,1752584950557,0,0.0013,0.001214,84.87,ETH-25JUL25-4000-C,3018.53,buy,1.0,1.0,,,,,,,1752584950.557
1477,ETH-257721442,1752587129141,2,0.0012,0.001469,81.85,ETH-25JUL25-4000-C,3043.53,sell,1.0,1.0,,,,,,,1752587129.141
1478,ETH-257726163,1752588224363,0,0.0014,0.00153,83.66,ETH-25JUL25-4000-C,3046.19,sell,1.0,1.0,,,,,,,1752588224.363
1479,ETH-257726222,1752588239133,1,0.0014,0.001549,83.53,ETH-25JUL25-4000-C,3047.6,sell,1.0,1.0,,,,,,,1752588239.133
1480,ETH-257753339,1752596940900,0,0.0015,0.001623,85.06,ETH-25JUL25-4000-C,3044.75,sell,1.0,1.0,,,,,,,1752596940.9
1481,ETH-257756521,1752598983283,0,0.0018,0.001697,87.07,ETH-25JUL25-4000-C,3051.74,buy,1.0,1.0,,,,,,,1752598983.283
1482,ETH-257756677,1752599128442,0,0.0019,0.00172,87.97,ETH-25JUL25-4000-C,3050.82,sell,500.0,500.0,,,,,,,1752599128.442
1484,ETH-257758655,1752600544435,0,0.0023,0.001988,88.99,ETH-25JUL25-4000-C,3073.51,buy,49.0,49.0,,,,ETH-CCAL-29AUG25_25JUL25-4000,ETH-257758653,,1752600544.435
1483,ETH-257758654,1752600544435,0,0.0022,0.001988,88.29,ETH-25JUL25-4000-C,3073.51,buy,1.0,1.0,,,,ETH-CCAL-29AUG25_25JUL25-4000,ETH-257758652,,1752600544.435
1485,ETH-257762513,1752601680972,2,0.0022,0.002205,86.96,ETH-25JUL25-4000-C,3089.42,buy,1.0,1.0,,,,,,,1752601680.972
1486,ETH-257764659,1752602746006,0,0.0024,0.002297,88.58,ETH-25JUL25-4000-C,3087.28,buy,1.0,1.0,,,,,,,1752602746.006
1487,ETH-257767230,1752602943715,0,0.0026,0.002445,89.96,ETH-25JUL25-4000-C,3085.84,buy,30.0,30.0,,,,,,,1752602943.715
1488,ETH-257767231,1752602943723,1,0.0026,0.002445,89.96,ETH-25JUL25-4000-C,3085.84,sell,70.0,70.0,,,,,,,1752602943.723
1489,ETH-257779288,1752606585336,2,0.0024,0.002249,89.59,ETH-25JUL25-4000-C,3077.99,buy,5.0,5.0,,,,ETH-ICOND-25JUL25-2600_2700_3500_4000,ETH-257779285,,1752606585.336
1490,ETH-257781309,1752608139042,2,0.0019,0.001961,87.2,ETH-25JUL25-4000-C,3064.81,sell,1.0,1.0,,,,,,,1752608139.042
1491,ETH-257781310,1752608139042,3,0.0019,0.001961,87.2,ETH-25JUL25-4000-C,3064.81,sell,1.0,1.0,,,,,,,1752608139.042
1492,ETH-257781316,1752608147809,2,0.0018,0.001939,86.43,ETH-25JUL25-4000-C,3064.45,sell,18.0,18.0,,,,,,,1752608147.809
1493,ETH-257787957,1752611312465,2,0.0016,0.00178,86.56,ETH-25JUL25-4000-C,3045.68,sell,1.0,1.0,,,,,,,1752611312.465
1494,ETH-257793813,1752618079016,3,0.0016,0.001764,84.08,ETH-25JUL25-4000-C,3079.37,sell,1.0,1.0,,,,,,,1752618079.016
1495,ETH-257793818,1752618100029,3,0.0016,0.001758,84.16,ETH-25JUL25-4000-C,3078.51,sell,1.0,1.0,,,,,,,1752618100.029
1496,ETH-257793832,1752618131752,2,0.0015,0.001741,83.37,ETH-25JUL25-4000-C,3077.5,sell,1.0,1.0,,,,,,,1752618131.752
1497,ETH-257798854,1752620583300,0,0.002,0.002022,82.81,ETH-25JUL25-4000-C,3131.59,buy,50.0,50.0,,,,,,,1752620583.3
1498,ETH-257799538,1752620665845,0,0.0022,0.002075,84.26,ETH-25JUL25-4000-C,3132.08,buy,1.0,1.0,,,,,,,1752620665.845
1499,ETH-257808128,1752624667088,2,0.002,0.00218,83.66,ETH-25JUL25-4000-C,3126.27,sell,1.0,1.0,,,,,,,1752624667.088
1500,ETH-257816925,1752631233979,0,0.0024,0.002299,85.41,ETH-25JUL25-4000-C,3142.1,buy,1.0,1.0,,,,,,,1752631233.979
1501,ETH-257816927,1752631237023,1,0.0024,0.002299,85.42,ETH-25JUL25-4000-C,3142.01,sell,2.0,2.0,,,,,,,1752631237.023
1502,ETH-257817385,1752631535401,2,0.0019,0.002161,82.79,ETH-25JUL25-4000-C,3132.05,sell,20.0,20.0,,,,,,,1752631535.401
1503,ETH-257825569,1752640361325,2,0.0014,0.001402,80.37,ETH-25JUL25-4000-C,3116.49,buy,224.0,224.0,,,,,,,1752640361.325
1504,ETH-257827794,1752642233649,3,0.0014,0.001414,78.27,ETH-25JUL25-4000-C,3142.08,buy,39.0,39.0,,,,,,,1752642233.649
1505,ETH-257831539,1752645309345,0,0.0016,0.001511,80.08,ETH-25JUL25-4000-C,3143.5,buy,1.0,1.0,,,,,,,1752645309.345
1506,ETH-257831578,1752645368233,0,0.0017,0.001599,80.72,ETH-25JUL25-4000-C,3145.55,buy,99.0,99.0,,,,,,,1752645368.233
1507,ETH-257839640,1752649657187,1,0.0017,0.0016,79.88,ETH-25JUL25-4000-C,3158.05,buy,1.0,1.0,,,,ETH-CS-25JUL25-4000_4500,ETH-257839639,,1752649657.187
1508,ETH-257839683,1752649702350,0,0.0018,0.001605,80.65,ETH-25JUL25-4000-C,3158.06,buy,200.0,200.0,,,,ETH-CS-25JUL25-4000_4500,ETH-257839682,,1752649702.35
1509,ETH-257840608,1752650034078,2,0.0015,0.001642,78.21,ETH-25JUL25-4000-C,3157.9,sell,2.0,2.0,,,,,,,1752650034.078
1510,ETH-257840609,1752650034083,3,0.0015,0.001642,78.21,ETH-25JUL25-4000-C,3157.9,buy,15.0,15.0,,,,,,,1752650034.083
1511,ETH-257840681,1752650075788,0,0.0018,0.001626,80.81,ETH-25JUL25-4000-C,3156.5,buy,1.0,1.0,,,,ETH-CS-25JUL25-4000_4500,ETH-257840680,,1752650075.788
1512,ETH-257840702,1752650086444,0,0.0019,0.00163,81.56,ETH-25JUL25-4000-C,3156.8,buy,23.0,23.0,,,,ETH-CS-25JUL25-4000_4500,ETH-257840701,,1752650086.444
1513,ETH-257842787,1752651387010,2,0.0018,0.00178,79.51,ETH-25JUL25-4000-C,3171.63,sell,161.0,161.0,2.0,BLOCK-211144,,ETH-CS-25JUL25-3500_4000,,,1752651387.01
1514,ETH-257842789,1752651387019,2,0.0015,0.00178,77.06,ETH-25JUL25-4000-C,3171.63,sell,500.0,500.0,2.0,BLOCK-211145,,ETH-CS-25JUL25-3500_4000,,,1752651387.019
1515,ETH-257842791,1752651387044,0,0.002,0.00178,81.02,ETH-25JUL25-4000-C,3171.63,sell,125.0,125.0,2.0,BLOCK-211146,,ETH-CS-25JUL25-3500_4000,,,1752651387.044
1516,ETH-257842793,1752651387187,2,0.0017,0.00178,78.72,ETH-25JUL25-4000-C,3171.63,buy,214.0,214.0,2.0,BLOCK-211147,,ETH-CS-25JUL25-3500_4000,,,1752651387.187
1517,ETH-257862354,1752661994068,0,0.0019,0.001835,82.39,ETH-25JUL25-4000-C,3154.64,sell,125.0,125.0,2.0,BLOCK-211213,,ETH-CS-25JUL25-3500_4000,,,1752661994.068
1518,ETH-257863235,1752662217399,2,0.0017,0.001817,80.8,ETH-25JUL25-4000-C,3155.0,sell,7.0,7.0,,,,,,,1752662217.399
1519,ETH-257866794,1752665697743,3,0.0017,0.001863,80.93,ETH-25JUL25-4000-C,3155.76,sell,4.0,4.0,,,,,,,1752665697.743
1520,ETH-257866795,1752665697743,3,0.0017,0.001863,80.93,ETH-25JUL25-4000-C,3155.76,sell,46.0,46.0,,,,,,,1752665697.743
1521,ETH-257866833,1752665769887,3,0.0017,0.001862,80.87,ETH-25JUL25-4000-C,3156.79,sell,30.0,30.0,,,,,,,1752665769.887
1522,ETH-257866835,1752665774272,3,0.0017,0.001853,80.87,ETH-25JUL25-4000-C,3156.82,buy,15.0,15.0,,,,,,,1752665774.272
1523,ETH-257866888,1752665832759,2,0.0016,0.001832,80.07,ETH-25JUL25-4000-C,3156.57,sell,5.0,5.0,,,,,,,1752665832.759
1524,ETH-257872851,1752670090061,0,0.002,0.002104,81.52,ETH-25JUL25-4000-C,3177.79,sell,20.0,20.0,,,,,,,1752670090.061
1525,ETH-257872995,1752670110570,1,0.002,0.002033,82.04,ETH-25JUL25-4000-C,3172.32,buy,10.0,10.0,,,,,,,1752670110.57
1526,ETH-257873199,1752670215542,1,0.002,0.001983,82.44,ETH-25JUL25-4000-C,3168.06,buy,1.0,1.0,,,,,,,1752670215.542
1527,ETH-257873245,1752670221499,1,0.002,0.001978,82.43,ETH-25JUL25-4000-C,3168.21,buy,5.0,5.0,,,,,,,1752670221.499
1528,ETH-257873281,1752670236599,2,0.0019,0.002,81.51,ETH-25JUL25-4000-C,3169.89,buy,44.0,44.0,,,,,,,1752670236.599
1529,ETH-257874963,1752670886552,0,0.002,0.001995,82.79,ETH-25JUL25-4000-C,3163.66,buy,1.0,1.0,,,,,,,1752670886.552
1530,ETH-257876045,1752671113364,0,0.0021,0.002062,83.17,ETH-25JUL25-4000-C,3167.42,buy,1.0,1.0,,,,,,,1752671113.364
1531,ETH-257876101,1752671132590,0,0.0022,0.002067,83.95,ETH-25JUL25-4000-C,3166.9,buy,10.0,10.0,,,,,,,1752671132.59
1532,ETH-257876141,1752671142843,1,0.0022,0.002062,84.02,ETH-25JUL25-4000-C,3166.1,buy,20.0,20.0,,,,,,,1752671142.843
1533,ETH-257876178,1752671164566,1,0.0022,0.002078,83.98,ETH-25JUL25-4000-C,3166.57,sell,9.0,9.0,,,,,,,1752671164.566
1534,ETH-257877724,1752671435306,1,0.0022,0.002287,82.59,ETH-25JUL25-4000-C,3182.15,sell,1.0,1.0,,,,,,,1752671435.306
1535,ETH-257877861,1752671445442,0,0.0023,0.002316,83.06,ETH-25JUL25-4000-C,3184.38,buy,1.0,1.0,,,,,,,1752671445.442
1536,ETH-257879914,1752671989699,2,0.0022,0.002215,82.88,ETH-25JUL25-4000-C,3178.82,buy,1.0,1.0,,,,,,,1752671989.699
1537,ETH-257880221,1752672197810,0,0.0024,0.0022,84.47,ETH-25JUL25-4000-C,3176.2,buy,1.0,1.0,,,,,,,1752672197.81
1538,ETH-257881186,1752672650030,2,0.0022,0.002174,83.62,ETH-25JUL25-4000-C,3171.16,sell,9.0,9.0,,,,,,,1752672650.03
1539,ETH-257886418,1752673863681,0,0.0023,0.002185,83.02,ETH-25JUL25-4000-C,3185.9,buy,1.0,1.0,,,,,,,1752673863.681
1540,ETH-257886678,1752673902531,1,0.0023,0.002105,83.58,ETH-25JUL25-4000-C,3180.0,buy,5.0,5.0,,,,,,,1752673902.531
1541,ETH-257886682,1752673902604,1,0.0023,0.002105,83.58,ETH-25JUL25-4000-C,3180.0,buy,7.0,7.0,,,,,,,1752673902.604
1542,ETH-257886684,1752673902733,1,0.0023,0.002105,83.58,ETH-25JUL25-4000-C,3180.0,buy,7.0,7.0,,,,,,,1752673902.733
1543,ETH-257886686,1752673902988,1,0.0023,0.002117,83.5,ETH-25JUL25-4000-C,3180.88,buy,5.0,5.0,,,,,,,1752673902.988
1544,ETH-257886693,1752673903250,1,0.0023,0.002117,83.5,ETH-25JUL25-4000-C,3180.88,buy,6.0,6.0,,,,,,,1752673903.25
1545,ETH-257886700,1752673903657,1,0.0023,0.002117,83.5,ETH-25JUL25-4000-C,3180.88,buy,10.0,10.0,,,,,,,1752673903.657
1546,ETH-257886708,1752673903867,1,0.0023,0.00213,83.33,ETH-25JUL25-4000-C,3182.62,buy,5.0,5.0,,,,,,,1752673903.867
1547,ETH-257887654,1752674163844,1,0.0023,0.002326,82.14,ETH-25JUL25-4000-C,3195.36,buy,1.0,1.0,,,,,,,1752674163.844
1548,ETH-257889289,1752674468391,1,0.0023,0.002286,82.16,ETH-25JUL25-4000-C,3195.83,buy,1.0,1.0,,,,,,,1752674468.391
1549,ETH-257889465,1752674498056,1,0.0023,0.002238,82.4,ETH-25JUL25-4000-C,3193.36,buy,4.0,4.0,,,,,,,1752674498.056
1550,ETH-257895720,1752675989149,2,0.0022,0.002059,81.94,ETH-25JUL25-4000-C,3193.16,buy,2.0,2.0,,,,,,,1752675989.149
1551,ETH-257897454,1752676255686,2,0.002,0.002263,78.81,ETH-25JUL25-4000-C,3211.34,sell,129.0,129.0,2.0,BLOCK-211231,,ETH-CS-25JUL25-3500_4000,,,1752676255.686
1552,ETH-257903044,1752676632675,0,0.0024,0.002507,79.64,ETH-25JUL25-4000-C,3232.17,sell,1.0,1.0,,,,,,,1752676632.675
1553,ETH-257904137,1752676929021,0,0.0027,0.00251,81.61,ETH-25JUL25-4000-C,3230.64,buy,1.0,1.0,,,,,,,1752676929.021
1554,ETH-257904138,1752676929021,1,0.0027,0.00251,81.61,ETH-25JUL25-4000-C,3230.64,buy,1.0,1.0,,,,,,,1752676929.021
1555,ETH-257905709,1752677358315,0,0.0029,0.002792,80.93,ETH-25JUL25-4000-C,3250.73,buy,1.0,1.0,,,,,,,1752677358.315
1556,ETH-257910540,1752678029092,1,0.0029,0.002745,80.75,ETH-25JUL25-4000-C,3252.88,buy,50.0,50.0,,,,,,,1752678029.092
1557,ETH-257910572,1752678034997,2,0.0027,0.002767,79.44,ETH-25JUL25-4000-C,3254.54,buy,1.0,1.0,,,,,,,1752678034.997
1558,ETH-257910924,1752678125075,0,0.003,0.002894,80.39,ETH-25JUL25-4000-C,3262.18,buy,2.0,2.0,,,,,,,1752678125.075
1559,ETH-257910945,1752678129163,1,0.003,0.002893,80.44,ETH-25JUL25-4000-C,3261.71,sell,2.0,2.0,,,,,,,1752678129.163
1560,ETH-257911111,1752678180202,1,0.003,0.002857,80.61,ETH-25JUL25-4000-C,3260.03,buy,10.0,10.0,,,,,,,1752678180.202
1561,ETH-257912443,1752678636018,2,0.0028,0.002815,80.04,ETH-25JUL25-4000-C,3255.06,buy,1.0,1.0,,,,,,,1752678636.018
1562,ETH-257917941,1752679631866,2,0.0026,0.0028,80.23,ETH-25JUL25-4000-C,3239.97,sell,1.0,1.0,,,,,,,1752679631.866
1563,ETH-257927499,1752682169886,0,0.0027,0.002721,80.88,ETH-25JUL25-4000-C,3242.2,sell,1.0,1.0,,,,,,,1752682169.886
1564,ETH-257927500,1752682169886,1,0.0027,0.002721,80.88,ETH-25JUL25-4000-C,3242.2,sell,1.0,1.0,,,,,,,1752682169.886
1565,ETH-257930802,1752683375821,0,0.0028,0.002897,79.25,ETH-25JUL25-4000-C,3266.8,buy,1.0,1.0,,,,,,,1752683375.821
1566,ETH-257940363,1752685233921,0,0.0031,0.003193,78.68,ETH-25JUL25-4000-C,3291.45,sell,1.0,1.0,,,,,,,1752685233.921
1567,ETH-257947780,1752687436773,2,0.0025,0.002687,76.55,ETH-25JUL25-4000-C,3279.12,sell,1.0,1.0,,,,,,,1752687436.773
1568,ETH-257953706,1752688738366,0,0.0031,0.003229,76.82,ETH-25JUL25-4000-C,3312.83,sell,20.0,20.0,,,,,,,1752688738.366
1569,ETH-257953868,1752688797623,0,0.0035,0.003365,78.18,ETH-25JUL25-4000-C,3319.67,buy,7.0,7.0,,,,,,,1752688797.623
1570,ETH-257955376,1752689061767,0,0.0037,0.00355,78.2,ETH-25JUL25-4000-C,3329.57,buy,10.0,10.0,,,,,,,1752689061.767
1571,ETH-257955572,1752689077108,0,0.0038,0.003654,78.16,ETH-25JUL25-4000-C,3334.72,buy,23.0,23.0,,,,,,T,1752689077.108
1572,ETH-257957088,1752689184939,0,0.0045,0.004204,79.28,ETH-25JUL25-4000-C,3353.85,buy,20.0,20.0,,,,,,T,1752689184.939
1573,ETH-257957291,1752689195963,0,0.0046,0.004306,79.46,ETH-25JUL25-4000-C,3356.15,buy,5.0,5.0,,,,,,,1752689195.963
1574,ETH-257960795,1752689889147,2,0.0042,0.00419,78.99,ETH-25JUL25-4000-C,3344.76,buy,100.0,100.0,,,,,,,1752689889.147
1575,ETH-257964857,1752691004858,0,0.005,0.005068,79.82,ETH-25JUL25-4000-C,3370.09,buy,28.0,28.0,,,,,,,1752691004.858
1576,ETH-257965971,1752691149704,2,0.0046,0.00474,79.24,ETH-25JUL25-4000-C,3360.22,sell,250.0,250.0,2.0,BLOCK-211295,,ETH-CS-25JUL25-3500_4000,,,1752691149.704
1577,ETH-257966144,1752691187922,2,0.0044,0.004774,78.34,ETH-25JUL25-4000-C,3360.93,sell,250.0,250.0,2.0,BLOCK-211296,,ETH-CS-25JUL25-3500_4000,,,1752691187.922
1578,ETH-257967835,1752691666852,2,0.0043,0.004424,79.14,ETH-25JUL25-4000-C,3349.57,sell,1.0,1.0,,,,,,,1752691666.852
1579,ETH-257967836,1752691666854,3,0.0043,0.004424,79.14,ETH-25JUL25-4000-C,3349.57,buy,276.0,276.0,,,,,,,1752691666.854
1581,ETH-257967838,1752691666866,3,0.0043,0.004424,79.14,ETH-25JUL25-4000-C,3349.57,buy,2.0,2.0,,,,,,,1752691666.866
1580,ETH-257967837,1752691666866,3,0.0043,0.004424,79.14,ETH-25JUL25-4000-C,3349.57,buy,7.0,7.0,,,,,,,1752691666.866
1582,ETH-257967839,1752691666868,3,0.0043,0.004424,79.14,ETH-25JUL25-4000-C,3349.57,buy,1.0,1.0,,,,,,,1752691666.868
1583,ETH-257967840,1752691666871,3,0.0043,0.004424,79.14,ETH-25JUL25-4000-C,3349.57,buy,20.0,20.0,,,,,,,1752691666.871
1584,ETH-257967841,1752691666875,3,0.0043,0.004424,79.14,ETH-25JUL25-4000-C,3349.57,buy,7.0,7.0,,,,,,,1752691666.875
1585,ETH-257967842,1752691666876,3,0.0043,0.004424,79.14,ETH-25JUL25-4000-C,3349.57,buy,4.0,4.0,,,,,,,1752691666.876
1586,ETH-257968541,1752691766576,2,0.0041,0.004128,79.2,ETH-25JUL25-4000-C,3339.84,sell,1.0,1.0,,,,,,,1752691766.576
1587,ETH-257974463,1752693557108,3,0.0041,0.004193,77.88,ETH-25JUL25-4000-C,3355.04,sell,99.0,99.0,,,,,,,1752693557.108
1588,ETH-257974464,1752693557112,3,0.0041,0.004193,77.88,ETH-25JUL25-4000-C,3355.04,buy,159.0,159.0,,,,,,,1752693557.112
1589,ETH-257974465,1752693557117,3,0.0041,0.004193,77.88,ETH-25JUL25-4000-C,3355.04,buy,198.0,198.0,,,,,,,1752693557.117
1590,ETH-257974466,1752693557257,3,0.0041,0.004193,77.88,ETH-25JUL25-4000-C,3355.04,buy,1.0,1.0,,,,,,,1752693557.257
1591,ETH-257974467,1752693559696,3,0.0041,0.004231,77.85,ETH-25JUL25-4000-C,3355.27,buy,61.0,61.0,,,,,,,1752693559.696
1592,ETH-257974468,1752693559712,3,0.0041,0.004231,77.85,ETH-25JUL25-4000-C,3355.27,buy,1.0,1.0,,,,,,,1752693559.712
1593,ETH-257974469,1752693559717,3,0.0041,0.004231,77.85,ETH-25JUL25-4000-C,3355.27,buy,1.0,1.0,,,,,,,1752693559.717
1594,ETH-257974473,1752693559825,3,0.0041,0.004231,77.85,ETH-25JUL25-4000-C,3355.27,buy,1.0,1.0,,,,,,,1752693559.825
1595,ETH-257974474,1752693559833,3,0.0041,0.004231,77.85,ETH-25JUL25-4000-C,3355.27,buy,1.0,1.0,,,,,,,1752693559.833
1596,ETH-257974475,1752693559837,3,0.0041,0.004231,77.85,ETH-25JUL25-4000-C,3355.27,buy,1.0,1.0,,,,,,,1752693559.837
1597,ETH-257974476,1752693559985,3,0.0041,0.004231,77.85,ETH-25JUL25-4000-C,3355.27,buy,1.0,1.0,,,,,,,1752693559.985
1598,ETH-257974479,1752693560537,3,0.0041,0.004232,77.84,ETH-25JUL25-4000-C,3355.37,buy,1.0,1.0,,,,,,,1752693560.537
1599,ETH-257975418,1752693828680,0,0.0043,0.004206,78.41,ETH-25JUL25-4000-C,3358.92,buy,75.0,75.0,,,,,,,1752693828.68
1600,ETH-257975448,1752693861449,1,0.0043,0.004208,78.36,ETH-25JUL25-4000-C,3359.32,buy,20.0,20.0,,,,,,,1752693861.449
1601,ETH-257975738,1752693912720,1,0.0043,0.004281,77.76,ETH-25JUL25-4000-C,3365.31,buy,87.0,87.0,,,,,,,1752693912.72
1602,ETH-257991065,1752696424625,0,0.005,0.004852,77.4,ETH-25JUL25-4000-C,3399.31,buy,2.0,2.0,,,,,,,1752696424.625
1603,ETH-257991088,1752696427843,1,0.005,0.004866,77.32,ETH-25JUL25-4000-C,3400.11,buy,7.0,7.0,,,,,,,1752696427.843
1604,ETH-257992561,1752696494761,2,0.0049,0.005047,76.19,ETH-25JUL25-4000-C,3406.95,sell,18.0,18.0,,,,,,M,1752696494.761
1605,ETH-257992562,1752696494761,3,0.0049,0.005047,76.19,ETH-25JUL25-4000-C,3406.95,sell,30.0,30.0,,,,,,,1752696494.761
1607,ETH-257992567,1752696494764,3,0.0049,0.005047,76.19,ETH-25JUL25-4000-C,3406.95,buy,144.0,144.0,,,,,,,1752696494.764
1606,ETH-257992566,1752696494764,3,0.0049,0.005047,76.19,ETH-25JUL25-4000-C,3406.95,buy,8.0,8.0,,,,,,,1752696494.764
1608,ETH-257994688,1752696575041,0,0.005,0.004827,77.62,ETH-25JUL25-4000-C,3397.67,buy,16.0,16.0,,,,,,,1752696575.041
1609,ETH-257994705,1752696575814,1,0.005,0.004831,77.66,ETH-25JUL25-4000-C,3397.3,buy,5.0,5.0,,,,,,,1752696575.814
1610,ETH-257996175,1752696677171,2,0.0049,0.004743,77.56,ETH-25JUL25-4000-C,3394.91,buy,1.0,1.0,,,,,,,1752696677.171
1612,ETH-258002566,1752697166530,1,0.0055,0.005376,77.53,ETH-25JUL25-4000-C,3417.02,buy,20.0,20.0,,,,,,,1752697166.53
1611,ETH-258002565,1752697166530,0,0.0055,0.005376,77.53,ETH-25JUL25-4000-C,3417.02,buy,79.0,79.0,,,,,,,1752697166.53
1613,ETH-258013665,1752698373781,2,0.0049,0.004954,76.87,ETH-25JUL25-4000-C,3402.32,buy,20.0,20.0,,,,,,,1752698373.781
1614,ETH-258013691,1752698386372,3,0.0049,0.004929,77.01,ETH-25JUL25-4000-C,3400.97,buy,30.0,30.0,,,,,,,1752698386.372
1615,ETH-258014234,1752698584246,2,0.0047,0.004823,76.71,ETH-25JUL25-4000-C,3396.0,sell,20.0,20.0,,,,,,,1752698584.246
1617,ETH-258018497,1752699257356,3,0.0047,0.004677,78.7,ETH-25JUL25-4000-C,3375.25,sell,1.0,1.0,,,,,,,1752699257.356
1616,ETH-258018496,1752699257356,3,0.0047,0.004677,78.7,ETH-25JUL25-4000-C,3375.25,sell,80.0,80.0,,,,,,,1752699257.356
1618,ETH-258019635,1752699603926,3,0.0047,0.004879,77.99,ETH-25JUL25-4000-C,3382.52,sell,31.0,31.0,,,,,,,1752699603.926
1619,ETH-258019636,1752699603930,3,0.0047,0.004879,77.99,ETH-25JUL25-4000-C,3382.52,buy,69.0,69.0,,,,,,,1752699603.93
1620,ETH-258019805,1752699663057,2,0.0046,0.004847,77.68,ETH-25JUL25-4000-C,3381.39,sell,2.0,2.0,,,,,,,1752699663.057
1621,ETH-258019806,1752699663062,3,0.0046,0.004847,77.68,ETH-25JUL25-4000-C,3381.39,buy,3.0,3.0,,,,,,,1752699663.062
1622,ETH-258019838,1752699678069,2,0.0045,0.004745,77.4,ETH-25JUL25-4000-C,3380.31,sell,8.0,8.0,,,,,,,1752699678.069
1623,ETH-258019839,1752699678072,3,0.0045,0.004745,77.4,ETH-25JUL25-4000-C,3380.31,buy,87.0,87.0,,,,,,,1752699678.072
1625,ETH-258022707,1752700654742,1,0.0046,0.004419,77.56,ETH-25JUL25-4000-C,3384.88,buy,72.0,72.0,,,,,,,1752700654.742
1624,ETH-258022706,1752700654742,0,0.0046,0.004419,77.56,ETH-25JUL25-4000-C,3384.88,buy,28.0,28.0,,,,,,,1752700654.742
1626,ETH-258023084,1752700954926,1,0.0046,0.004603,77.2,ETH-25JUL25-4000-C,3388.75,sell,5.0,5.0,,,,ETH-ICOND-25JUL25-2800_3000_4000_4500,ETH-258023081,,1752700954.926
1627,ETH-258024592,1752701599760,0,0.0047,0.004598,77.96,ETH-25JUL25-4000-C,3385.52,buy,1.0,1.0,,,,,,,1752701599.76
1629,ETH-258024869,1752701737308,3,0.0046,0.004517,78.07,ETH-25JUL25-4000-C,3380.63,sell,5.0,5.0,,,,,,,1752701737.308
1628,ETH-258024868,1752701737308,2,0.0046,0.004517,78.07,ETH-25JUL25-4000-C,3380.63,sell,1.0,1.0,,,,,,,1752701737.308
1630,ETH-258029053,1752702478033,2,0.004,0.004051,75.72,ETH-25JUL25-4000-C,3379.31,sell,1.0,1.0,,,,,,,1752702478.033
1631,ETH-258038107,1752704437237,2,0.0037,0.003628,73.64,ETH-25JUL25-4000-C,3387.94,buy,1.0,1.0,,,,,,,1752704437.237
1632,ETH-258038108,1752704437746,3,0.0037,0.003628,73.64,ETH-25JUL25-4000-C,3387.94,buy,54.0,54.0,,,,,,,1752704437.746
1633,ETH-258038142,1752704447743,3,0.0037,0.00362,73.7,ETH-25JUL25-4000-C,3387.45,sell,211.0,211.0,,,,,,,1752704447.743
1634,ETH-258046477,1752706089278,2,0.0029,0.002912,72.9,ETH-25JUL25-4000-C,3356.4,sell,3.0,3.0,,,,,,,1752706089.278
1635,ETH-258051786,1752706886837,0,0.003,0.002745,72.83,ETH-25JUL25-4000-C,3364.18,sell,50.0,50.0,,,,ETH-CLAD-25JUL25-3200_3600_4000,ETH-258051784,,1752706886.837
1636,ETH-258052213,1752707022598,2,0.0025,0.002624,70.81,ETH-25JUL25-4000-C,3356.77,sell,97.0,97.0,,,,,,,1752707022.598
1637,ETH-258056090,1752708280668,3,0.0025,0.002939,69.11,ETH-25JUL25-4000-C,3372.26,sell,600.0,600.0,2.0,BLOCK-211377,,ETH-CCAL-1AUG25_25JUL25-4000,,,1752708280.668
1638,ETH-258058940,1752710236238,0,0.003,0.003031,72.3,ETH-25JUL25-4000-C,3369.64,buy,1.0,1.0,,,,,,,1752710236.238
1639,ETH-258058944,1752710247838,1,0.003,0.003029,72.31,ETH-25JUL25-4000-C,3369.55,buy,5.0,5.0,,,,,,,1752710247.838
1640,ETH-258059078,1752710342800,1,0.003,0.003064,72.17,ETH-25JUL25-4000-C,3371.38,sell,1.0,1.0,,,,,,,1752710342.8
1641,ETH-258059080,1752710347594,1,0.003,0.003069,72.12,ETH-25JUL25-4000-C,3371.83,sell,1.0,1.0,,,,,,,1752710347.594
1642,ETH-258065850,1752713729001,0,0.0036,0.00345,73.18,ETH-25JUL25-4000-C,3392.89,buy,2.0,2.0,,,,,,,1752713729.001
1643,ETH-258065851,1752713729003,1,0.0036,0.00345,73.18,ETH-25JUL25-4000-C,3392.89,sell,28.0,28.0,,,,,,,1752713729.003
1644,ETH-258071841,1752716319667,2,0.0031,0.002802,75.37,ETH-25JUL25-4000-C,3346.23,buy,1.0,1.0,,,,,,,1752716319.667
1645,ETH-258074968,1752716923633,2,0.0028,0.002536,76.73,ETH-25JUL25-4000-C,3316.08,sell,1.0,1.0,,,,,,,1752716923.633
1647,ETH-258078704,1752718702967,1,0.0029,0.002903,73.55,ETH-25JUL25-4000-C,3354.87,buy,25.0,25.0,,,,,,,1752718702.967
1646,ETH-258078703,1752718702967,0,0.0029,0.002903,73.55,ETH-25JUL25-4000-C,3354.87,buy,1.0,1.0,,,,,,,1752718702.967
1648,ETH-258078754,1752718740794,0,0.003,0.002869,74.28,ETH-25JUL25-4000-C,3353.13,buy,4.0,4.0,,,,,,,1752718740.794
1649,ETH-258078966,1752718820186,1,0.003,0.002975,73.68,ETH-25JUL25-4000-C,3359.1,buy,26.0,26.0,,,,,,,1752718820.186
1650,ETH-258083335,1752722344907,2,0.0028,0.002601,75.79,ETH-25JUL25-4000-C,3328.33,buy,250.0,250.0,2.0,BLOCK-211411,,ETH-CS-25JUL25-3400_4000,,,1752722344.907
1651,ETH-258094660,1752730177086,0,0.003,0.002987,74.59,ETH-25JUL25-4000-C,3354.54,buy,30.0,30.0,,,,,,,1752730177.086
1652,ETH-258109358,1752734486032,0,0.0065,0.006188,81.12,ETH-25JUL25-4000-C,3434.6,sell,213.0,213.0,,,,,,,1752734486.032
1653,ETH-258109359,1752734486041,1,0.0065,0.006188,81.12,ETH-25JUL25-4000-C,3434.6,sell,1.0,1.0,,,,,,,1752734486.041
1654,ETH-258109360,1752734486056,1,0.0065,0.006188,81.12,ETH-25JUL25-4000-C,3434.6,sell,213.0,213.0,,,,,,,1752734486.056
1655,ETH-258109481,1752734527157,1,0.0065,0.006155,81.6,ETH-25JUL25-4000-C,3430.58,buy,2.0,2.0,,,,,,,1752734527.157
1656,ETH-258110300,1752734754745,0,0.0075,0.007033,83.93,ETH-25JUL25-4000-C,3439.3,buy,150.0,150.0,,,,,,T,1752734754.745
1657,ETH-258112479,1752735581947,2,0.007,0.007123,82.53,ETH-25JUL25-4000-C,3437.31,buy,1.0,1.0,,,,,,,1752735581.947
1658,ETH-258112898,1752735635277,2,0.0065,0.006993,81.3,ETH-25JUL25-4000-C,3433.54,sell,1.0,1.0,,,,,,,1752735635.277
1661,ETH-258116230,1752736234317,3,0.006,0.006344,81.46,ETH-25JUL25-4000-C,3416.4,sell,43.0,43.0,,,,,,,1752736234.317
1659,ETH-258116228,1752736234317,2,0.006,0.006344,81.46,ETH-25JUL25-4000-C,3416.4,sell,2.0,2.0,,,,,,,1752736234.317
1660,ETH-258116229,1752736234317,3,0.006,0.006344,81.46,ETH-25JUL25-4000-C,3416.4,sell,30.0,30.0,,,,,,,1752736234.317
1662,ETH-258116236,1752736236267,3,0.006,0.00634,81.45,ETH-25JUL25-4000-C,3416.52,sell,1.0,1.0,,,,,,,1752736236.267
1663,ETH-258119449,1752737642795,0,0.0065,0.006628,81.3,ETH-25JUL25-4000-C,3434.5,buy,3.0,3.0,,,,,,,1752737642.795
1664,ETH-258121395,1752737838148,0,0.007,0.006788,82.2,ETH-25JUL25-4000-C,3442.54,buy,2.0,2.0,,,,,,,1752737838.148
1665,ETH-258125957,1752738039947,0,0.0075,0.007406,82.09,ETH-25JUL25-4000-C,3458.33,buy,1.0,1.0,,,,,,,1752738039.947
1666,ETH-258128405,1752738132755,2,0.007,0.007449,80.06,ETH-25JUL25-4000-C,3462.65,sell,25.0,25.0,,,,,,,1752738132.755
1667,ETH-258133068,1752738449642,0,0.0075,0.007322,82.76,ETH-25JUL25-4000-C,3454.53,buy,100.0,100.0,,,,,,,1752738449.642
1668,ETH-258138613,1752739189156,1,0.0075,0.007489,83.37,ETH-25JUL25-4000-C,3449.73,sell,5.0,5.0,,,,,,,1752739189.156
1669,ETH-258142230,1752739799568,1,0.0075,0.007276,84.19,ETH-25JUL25-4000-C,3442.56,buy,2.0,2.0,,,,,,,1752739799.568
1670,ETH-258142442,1752739819787,1,0.0075,0.007249,84.27,ETH-25JUL25-4000-C,3441.91,buy,12.0,12.0,,,,,,,1752739819.787
1671,ETH-258146723,1752740890301,2,0.007,0.007158,83.31,ETH-25JUL25-4000-C,3436.44,sell,2.0,2.0,,,,,,,1752740890.301
1672,ETH-258147622,1752741081246,2,0.0065,0.006991,82.03,ETH-25JUL25-4000-C,3432.54,sell,25.0,25.0,,,,,,,1752741081.246
1673,ETH-258157575,1752744333124,0,0.0075,0.007744,82.35,ETH-25JUL25-4000-C,3459.6,buy,5.0,5.0,,,,,,,1752744333.124
1674,ETH-258159329,1752744648876,0,0.008,0.008066,82.91,ETH-25JUL25-4000-C,3468.78,sell,6.0,6.0,,,,,,,1752744648.876
1675,ETH-258159348,1752744656772,1,0.008,0.007968,83.01,ETH-25JUL25-4000-C,3467.86,buy,8.0,8.0,,,,,,,1752744656.772
1676,ETH-258159353,1752744657139,1,0.008,0.007968,83.01,ETH-25JUL25-4000-C,3467.86,buy,5.0,5.0,,,,,,,1752744657.139
1677,ETH-258159416,1752744674521,1,0.008,0.008008,82.67,ETH-25JUL25-4000-C,3470.54,buy,5.0,5.0,,,,,,,1752744674.521
1678,ETH-258159418,1752744675198,1,0.008,0.008008,82.67,ETH-25JUL25-4000-C,3470.54,buy,38.0,38.0,,,,,,,1752744675.198
1679,ETH-258159473,1752744694801,1,0.008,0.007927,82.9,ETH-25JUL25-4000-C,3468.56,buy,1.0,1.0,,,,,,,1752744694.801
1680,ETH-258159544,1752744738064,1,0.008,0.007948,82.63,ETH-25JUL25-4000-C,3470.88,buy,8.0,8.0,,,,,,,1752744738.064
1681,ETH-258159550,1752744738991,1,0.008,0.007952,82.62,ETH-25JUL25-4000-C,3471.0,buy,13.0,13.0,,,,,,,1752744738.991
1682,ETH-258159759,1752744810532,1,0.008,0.007755,83.16,ETH-25JUL25-4000-C,3466.0,buy,66.0,66.0,,,,,,,1752744810.532
1683,ETH-258161211,1752745271862,1,0.008,0.008296,82.46,ETH-25JUL25-4000-C,3473.55,sell,20.0,20.0,,,,,,,1752745271.862
1684,ETH-258161749,1752745500209,1,0.008,0.00843,82.32,ETH-25JUL25-4000-C,3475.03,sell,10.0,10.0,,,,,,,1752745500.209
1685,ETH-258162263,1752745572639,0,0.0085,0.008537,83.37,ETH-25JUL25-4000-C,3479.03,buy,20.0,20.0,,,,,,,1752745572.639
1686,ETH-258163367,1752745795786,1,0.0085,0.008453,83.76,ETH-25JUL25-4000-C,3475.64,buy,1.0,1.0,,,,,,,1752745795.786
1687,ETH-258163368,1752745796156,1,0.0085,0.008453,83.76,ETH-25JUL25-4000-C,3475.64,buy,9.0,9.0,,,,,,,1752745796.156
1688,ETH-258163479,1752745862603,1,0.0085,0.00849,83.53,ETH-25JUL25-4000-C,3477.37,buy,190.0,190.0,,,,,,,1752745862.603
1689,ETH-258164533,1752746365209,1,0.0085,0.008394,84.47,ETH-25JUL25-4000-C,3469.36,buy,1.0,1.0,,,,,,,1752746365.209
1690,ETH-258165454,1752746761683,2,0.008,0.008005,84.26,ETH-25JUL25-4000-C,3457.35,sell,20.0,20.0,,,,,,,1752746761.683
1691,ETH-258167611,1752747161934,0,0.0085,0.008134,85.09,ETH-25JUL25-4000-C,3463.08,buy,1.0,1.0,,,,,,,1752747161.934
1692,ETH-258168201,1752747445303,2,0.0079,0.008121,82.84,ETH-25JUL25-4000-C,3466.86,sell,3.0,3.0,,,,ETH-CSR13-25JUL25-3600_4000,ETH-258168199,,1752747445.303
1693,ETH-258168203,1752747446993,0,0.0085,0.008114,84.67,ETH-25JUL25-4000-C,3467.01,buy,3.0,3.0,,,,,,T,1752747446.993
1694,ETH-258168334,1752747582195,2,0.008,0.008302,82.6,ETH-25JUL25-4000-C,3471.56,sell,2.0,2.0,,,,,,,1752747582.195
1695,ETH-258168607,1752747763635,0,0.0085,0.008357,83.91,ETH-25JUL25-4000-C,3473.42,buy,1.0,1.0,,,,,,,1752747763.635
1696,ETH-258168969,1752748058536,2,0.008,0.008294,82.55,ETH-25JUL25-4000-C,3472.33,sell,1.0,1.0,,,,,,,1752748058.536
1697,ETH-258169293,1752748215712,3,0.008,0.008166,82.94,ETH-25JUL25-4000-C,3469.25,sell,1.0,1.0,,,,,,,1752748215.712
1698,ETH-258171910,1752749781095,3,0.008,0.00785,84.07,ETH-25JUL25-4000-C,3459.88,buy,1.0,1.0,,,,,,,1752749781.095
1699,ETH-258173406,1752750349088,2,0.0075,0.007635,83.55,ETH-25JUL25-4000-C,3450.81,sell,5.0,5.0,,,,,,,1752750349.088
1700,ETH-258177376,1752751963710,0,0.008,0.007532,87.03,ETH-25JUL25-4000-C,3436.5,buy,8.0,8.0,,,,,,,1752751963.71
1701,ETH-258180130,1752753325935,2,0.0072,0.007565,84.71,ETH-25JUL25-4000-C,3433.75,sell,200.0,200.0,2.0,BLOCK-211591,,ETH-STRG-25JUL25-3000_4000,,,1752753325.935
1702,ETH-258180164,1752753347835,0,0.0075,0.007595,85.57,ETH-25JUL25-4000-C,3434.86,sell,1.0,1.0,,,,,,,1752753347.835
1703,ETH-258187589,1752755414185,2,0.0065,0.006706,83.64,ETH-25JUL25-4000-C,3423.07,buy,2.0,2.0,,,,,,,1752755414.185
1704,ETH-258188303,1752755496037,3,0.0065,0.00667,83.4,ETH-25JUL25-4000-C,3424.71,buy,30.0,30.0,,,,,,,1752755496.037
1705,ETH-258190337,1752756152187,3,0.0065,0.006499,82.08,ETH-25JUL25-4000-C,3436.6,buy,16.0,16.0,,,,,,,1752756152.187
1706,ETH-258190352,1752756153645,3,0.0065,0.006497,82.06,ETH-25JUL25-4000-C,3436.77,buy,20.0,20.0,,,,,,,1752756153.645
1707,ETH-258190368,1752756155791,3,0.0065,0.006507,81.97,ETH-25JUL25-4000-C,3437.55,buy,16.0,16.0,,,,,,,1752756155.791
1708,ETH-258193982,1752758153487,2,0.0055,0.005836,80.83,ETH-25JUL25-4000-C,3418.11,sell,15.0,15.0,,,,,,,1752758153.487
1709,ETH-258206981,1752760323526,2,0.005,0.005322,80.59,ETH-25JUL25-4000-C,3403.44,buy,2.0,2.0,,,,,,,1752760323.526
1710,ETH-258206990,1752760323626,3,0.005,0.005322,80.59,ETH-25JUL25-4000-C,3403.44,buy,1.0,1.0,,,,,,,1752760323.626
1711,ETH-258214870,1752761336225,3,0.005,0.005217,79.78,ETH-25JUL25-4000-C,3412.61,sell,1.0,1.0,,,,,,,1752761336.225
1712,ETH-258223912,1752764582301,3,0.005,0.005237,78.17,ETH-25JUL25-4000-C,3429.42,sell,2.0,2.0,,,,,,,1752764582.301
1713,ETH-258226317,1752765146922,2,0.0049,0.004677,80.26,ETH-25JUL25-4000-C,3406.57,buy,2.0,2.0,,,,,,,1752765146.922
1714,ETH-258231270,1752767658482,0,0.005,0.004994,78.41,ETH-25JUL25-4000-C,3427.56,buy,17.0,17.0,,,,,,,1752767658.482
1715,ETH-258243886,1752770988635,2,0.0042,0.004218,78.9,ETH-25JUL25-4000-C,3393.92,buy,1.0,1.0,,,,,,,1752770988.635
1716,ETH-258244082,1752771142017,3,0.0042,0.004359,78.5,ETH-25JUL25-4000-C,3397.52,sell,3.0,3.0,,,,,,,1752771142.017
1717,ETH-258246123,1752772526536,0,0.0046,0.004444,79.44,ETH-25JUL25-4000-C,3406.27,buy,1.0,1.0,,,,,,,1752772526.536
1718,ETH-258246312,1752772671088,1,0.0046,0.004509,79.13,ETH-25JUL25-4000-C,3409.16,sell,1.0,1.0,,,,,,,1752772671.088
1719,ETH-258246445,1752772701385,1,0.0046,0.00443,79.48,ETH-25JUL25-4000-C,3406.12,buy,2.0,2.0,,,,,,,1752772701.385
1720,ETH-258246905,1752773114565,1,0.0046,0.004464,79.65,ETH-25JUL25-4000-C,3404.7,buy,1.0,1.0,,,,,,,1752773114.565
1721,ETH-258252263,1752775481595,0,0.0049,0.004969,78.3,ETH-25JUL25-4000-C,3429.34,buy,4.0,4.0,,,,,,,1752775481.595
1722,ETH-258253697,1752776274719,0,0.0055,0.005192,80.87,ETH-25JUL25-4000-C,3428.6,buy,2.0,2.0,,,,,,,1752776274.719
1723,ETH-258253714,1752776314487,1,0.0055,0.005238,80.68,ETH-25JUL25-4000-C,3430.04,buy,2.0,2.0,,,,,,,1752776314.487
1724,ETH-258258816,1752778035794,2,0.005,0.005132,79.3,ETH-25JUL25-4000-C,3426.56,sell,1.0,1.0,,,,,,,1752778035.794
1725,ETH-258258817,1752778035794,3,0.005,0.005132,79.3,ETH-25JUL25-4000-C,3426.56,sell,44.0,44.0,,,,,,,1752778035.794
1726,ETH-258258818,1752778035794,3,0.005,0.005132,79.3,ETH-25JUL25-4000-C,3426.56,sell,177.0,177.0,,,,,,,1752778035.794
1727,ETH-258271107,1752782327405,2,0.0044,0.004616,79.0,ETH-25JUL25-4000-C,3410.46,sell,2.0,2.0,,,,,,,1752782327.405
1728,ETH-258271153,1752782341773,0,0.0045,0.004626,79.39,ETH-25JUL25-4000-C,3410.76,sell,1.0,1.0,,,,,,,1752782341.773
1729,ETH-258279904,1752784230496,0,0.0046,0.004416,80.47,ETH-25JUL25-4000-C,3405.13,buy,1.0,1.0,,,,,,,1752784230.496
1730,ETH-258288375,1752786873898,0,0.0065,0.006446,78.98,ETH-25JUL25-4000-C,3484.65,buy,18.0,18.0,,,,,,,1752786873.898
1731,ETH-258294110,1752787943192,1,0.0065,0.006658,80.51,ETH-25JUL25-4000-C,3470.74,sell,20.0,20.0,,,,,,,1752787943.192
1732,ETH-258294154,1752787946684,1,0.0065,0.00664,80.56,ETH-25JUL25-4000-C,3470.28,sell,10.0,10.0,,,,,,,1752787946.684
1733,ETH-258294155,1752787946684,1,0.0065,0.00664,80.56,ETH-25JUL25-4000-C,3470.28,sell,10.0,10.0,,,,,,,1752787946.684
1734,ETH-258294214,1752787956355,1,0.0065,0.006639,80.46,ETH-25JUL25-4000-C,3471.19,sell,8.0,8.0,,,,,,,1752787956.355
1735,ETH-258294294,1752787963575,1,0.0065,0.006743,80.31,ETH-25JUL25-4000-C,3472.39,sell,1.0,1.0,,,,,,,1752787963.575
1736,ETH-258294339,1752787966755,1,0.0065,0.006717,80.04,ETH-25JUL25-4000-C,3474.65,sell,1.0,1.0,,,,,,,1752787966.755
1737,ETH-258294585,1752788015054,0,0.0075,0.006721,83.65,ETH-25JUL25-4000-C,3472.99,buy,1.0,1.0,,,,,,,1752788015.054
1738,ETH-258294587,1752788017309,1,0.0075,0.006725,83.66,ETH-25JUL25-4000-C,3472.93,buy,1.0,1.0,,,,,,,1752788017.309
1739,ETH-258294588,1752788022360,2,0.007,0.006715,82.02,ETH-25JUL25-4000-C,3472.74,buy,19.0,19.0,,,,,,,1752788022.36
1740,ETH-258294801,1752788102984,3,0.007,0.006798,82.29,ETH-25JUL25-4000-C,3470.39,sell,60.0,60.0,,,,,,,1752788102.984
1741,ETH-258298297,1752788865321,3,0.007,0.007007,82.77,ETH-25JUL25-4000-C,3467.15,sell,9.0,9.0,,,,,,,1752788865.321
1742,ETH-258298372,1752788879182,3,0.007,0.007001,82.76,ETH-25JUL25-4000-C,3467.01,sell,8.0,8.0,,,,,,,1752788879.182
1743,ETH-258298373,1752788880970,3,0.007,0.006988,82.82,ETH-25JUL25-4000-C,3466.53,sell,4.0,4.0,,,,,,,1752788880.97
1744,ETH-258298377,1752788881500,3,0.007,0.006988,82.82,ETH-25JUL25-4000-C,3466.53,sell,13.0,13.0,,,,,,,1752788881.5
1745,ETH-258300040,1752789541371,3,0.007,0.00726,82.25,ETH-25JUL25-4000-C,3471.35,sell,2.0,2.0,,,,,,,1752789541.371
1746,ETH-258302122,1752789971145,3,0.007,0.007111,82.75,ETH-25JUL25-4000-C,3467.1,sell,1.0,1.0,,,,,,,1752789971.145
1747,ETH-258302405,1752790032207,3,0.007,0.007101,82.78,ETH-25JUL25-4000-C,3466.8,sell,1.0,1.0,,,,,,,1752790032.207
1748,ETH-258302748,1752790167013,0,0.0075,0.007421,83.24,ETH-25JUL25-4000-C,3477.01,buy,12.0,12.0,,,,,,,1752790167.013
1749,ETH-258302749,1752790168001,1,0.0075,0.00743,83.23,ETH-25JUL25-4000-C,3477.12,sell,8.0,8.0,,,,,,,1752790168.001
1750,ETH-258302858,1752790224407,2,0.007,0.00747,81.57,ETH-25JUL25-4000-C,3477.21,sell,1.0,1.0,,,,,,,1752790224.407
1751,ETH-258305883,1752791673590,0,0.0075,0.007468,82.59,ETH-25JUL25-4000-C,3483.28,buy,18.0,18.0,,,,,,,1752791673.59
1752,ETH-258305884,1752791673641,1,0.0075,0.007468,82.59,ETH-25JUL25-4000-C,3483.28,sell,8.0,8.0,,,,,,,1752791673.641
1753,ETH-258305885,1752791673659,1,0.0075,0.007468,82.59,ETH-25JUL25-4000-C,3483.28,sell,8.0,8.0,,,,,,,1752791673.659
1754,ETH-258306181,1752792031731,2,0.007,0.007431,81.29,ETH-25JUL25-4000-C,3480.58,sell,184.0,184.0,,,,,,,1752792031.731
1755,ETH-258306409,1752792336227,0,0.0075,0.007508,82.59,ETH-25JUL25-4000-C,3483.43,buy,19.0,19.0,,,,,,,1752792336.227
1756,ETH-258306410,1752792336245,1,0.0075,0.007508,82.59,ETH-25JUL25-4000-C,3483.43,sell,1.0,1.0,,,,,,,1752792336.245
1757,ETH-258306411,1752792336967,1,0.0075,0.007502,82.59,ETH-25JUL25-4000-C,3483.41,sell,8.0,8.0,,,,,,,1752792336.967
1758,ETH-258306703,1752792422760,1,0.0075,0.00782,81.57,ETH-25JUL25-4000-C,3492.14,sell,38.0,38.0,,,,,,,1752792422.76
1760,ETH-258306705,1752792422760,2,0.007,0.00782,79.92,ETH-25JUL25-4000-C,3492.14,sell,27.0,27.0,,,,,,,1752792422.76
1761,ETH-258306706,1752792422760,3,0.007,0.00782,79.92,ETH-25JUL25-4000-C,3492.14,sell,13.0,13.0,,,,,,,1752792422.76
1759,ETH-258306704,1752792422760,1,0.0075,0.00782,81.57,ETH-25JUL25-4000-C,3492.14,sell,14.0,14.0,,,,,,,1752792422.76
1762,ETH-258306707,1752792422776,3,0.007,0.00782,79.92,ETH-25JUL25-4000-C,3492.14,sell,8.0,8.0,,,,,,,1752792422.776
1763,ETH-258306709,1752792425715,3,0.007,0.007825,79.95,ETH-25JUL25-4000-C,3491.96,sell,1.0,1.0,,,,,,,1752792425.715
1764,ETH-258306994,1752792555397,3,0.007,0.007576,80.64,ETH-25JUL25-4000-C,3486.41,sell,7.0,7.0,,,,,,,1752792555.397
1765,ETH-258306995,1752792555398,3,0.007,0.007576,80.64,ETH-25JUL25-4000-C,3486.41,sell,99.0,99.0,,,,,,,1752792555.398
1766,ETH-258309181,1752793263416,2,0.0065,0.006835,80.64,ETH-25JUL25-4000-C,3471.5,sell,1.0,1.0,,,,,,,1752793263.416
1767,ETH-258311182,1752794128060,0,0.008,0.008012,81.13,ETH-25JUL25-4000-C,3509.88,buy,4.0,4.0,,,,,,,1752794128.06
1768,ETH-258311183,1752794128060,1,0.008,0.008012,81.13,ETH-25JUL25-4000-C,3509.88,buy,1.0,1.0,,,,,,,1752794128.06
1769,ETH-258312858,1752794295951,0,0.0085,0.008441,81.49,ETH-25JUL25-4000-C,3519.74,buy,1.0,1.0,,,,,,,1752794295.951
1770,ETH-258314197,1752794499266,1,0.0085,0.008642,81.5,ETH-25JUL25-4000-C,3519.41,sell,2.0,2.0,,,,,,,1752794499.266
1771,ETH-258314198,1752794500026,1,0.0085,0.008618,81.51,ETH-25JUL25-4000-C,3519.32,buy,298.0,298.0,,,,,,,1752794500.026
1772,ETH-258314704,1752794643510,0,0.0087,0.008524,82.36,ETH-25JUL25-4000-C,3517.31,buy,100.0,100.0,,,,ETH-CBUT-25JUL25-3600_3800_4000,ETH-258314701,,1752794643.51
1773,ETH-258316577,1752795302562,2,0.0075,0.007261,82.77,ETH-25JUL25-4000-C,3483.73,buy,2.0,2.0,,,,,,,1752795302.562
1774,ETH-258316582,1752795303590,3,0.0075,0.007265,82.66,ETH-25JUL25-4000-C,3484.56,buy,3.0,3.0,,,,,,,1752795303.59
1775,ETH-258316587,1752795303887,3,0.0075,0.007265,82.66,ETH-25JUL25-4000-C,3484.56,buy,21.0,21.0,,,,,,,1752795303.887
1777,ETH-258317731,1752795468382,3,0.007,0.007287,80.8,ETH-25JUL25-4000-C,3486.22,sell,16.0,16.0,,,,,,,1752795468.382
1776,ETH-258317730,1752795468382,2,0.007,0.007287,80.8,ETH-25JUL25-4000-C,3486.22,sell,25.0,25.0,,,,,,,1752795468.382
1779,ETH-258320656,1752797387281,3,0.0065,0.006754,80.69,ETH-25JUL25-4000-C,3473.85,sell,2.0,2.0,,,,,,,1752797387.281
1778,ETH-258320655,1752797387281,2,0.0065,0.006754,80.69,ETH-25JUL25-4000-C,3473.85,sell,26.0,26.0,,,,,,,1752797387.281
1780,ETH-258320657,1752797387283,3,0.0065,0.006754,80.69,ETH-25JUL25-4000-C,3473.85,buy,2.0,2.0,,,,,,,1752797387.283
1782,ETH-258322306,1752798402992,3,0.006,0.006702,79.0,ETH-25JUL25-4000-C,3473.51,sell,70.0,70.0,,,,,,,1752798402.992
1781,ETH-258322305,1752798402992,2,0.006,0.006702,79.0,ETH-25JUL25-4000-C,3473.51,sell,36.0,36.0,,,,,,,1752798402.992
1783,ETH-258323924,1752799255166,0,0.0075,0.007459,80.96,ETH-25JUL25-4000-C,3500.93,buy,1.0,1.0,,,,,,,1752799255.166
1784,ETH-258323971,1752799338324,2,0.007,0.007446,79.29,ETH-25JUL25-4000-C,3501.24,sell,1.0,1.0,,,,,,,1752799338.324
1785,ETH-258323985,1752799344260,3,0.007,0.007477,79.25,ETH-25JUL25-4000-C,3501.6,sell,3.0,3.0,,,,,,,1752799344.26
1786,ETH-258324024,1752799365709,3,0.007,0.007372,79.35,ETH-25JUL25-4000-C,3500.76,sell,1.0,1.0,,,,,,,1752799365.709
1787,ETH-258324165,1752799418994,0,0.0075,0.007481,80.48,ETH-25JUL25-4000-C,3504.96,buy,45.0,45.0,,,,,,,1752799418.994
1788,ETH-258324224,1752799453231,1,0.0075,0.007495,80.36,ETH-25JUL25-4000-C,3506.12,buy,8.0,8.0,,,,,,,1752799453.231
1789,ETH-258324226,1752799454142,1,0.0075,0.007498,80.32,ETH-25JUL25-4000-C,3506.49,buy,10.0,10.0,,,,,,,1752799454.142
1790,ETH-258324284,1752799465381,1,0.0075,0.007529,80.18,ETH-25JUL25-4000-C,3507.67,buy,10.0,10.0,,,,,,,1752799465.381
1791,ETH-258329695,1752800435260,0,0.0085,0.008641,80.27,ETH-25JUL25-4000-C,3533.52,sell,1.0,1.0,,,,,,,1752800435.26
1792,ETH-258331421,1752800894169,0,0.0095,0.009279,82.06,ETH-25JUL25-4000-C,3542.59,buy,2.0,2.0,,,,,,,1752800894.169
1793,ETH-258331558,1752800940653,0,0.0102,0.009597,83.45,ETH-25JUL25-4000-C,3547.24,buy,1000.0,1000.0,1.0,BLOCK-211795,,,,,1752800940.653
1797,ETH-258331618,1752800945872,3,0.01,0.0096,83.15,ETH-25JUL25-4000-C,3545.29,buy,43.0,43.0,,,,,,,1752800945.872
1795,ETH-258331616,1752800945872,3,0.01,0.0096,83.15,ETH-25JUL25-4000-C,3545.29,buy,144.0,144.0,,,,,,,1752800945.872
1794,ETH-258331615,1752800945872,2,0.01,0.0096,83.15,ETH-25JUL25-4000-C,3545.29,buy,120.0,120.0,,,,,,,1752800945.872
1796,ETH-258331617,1752800945872,3,0.01,0.0096,83.15,ETH-25JUL25-4000-C,3545.29,buy,20.0,20.0,,,,,,,1752800945.872
1798,ETH-258331619,1752800945875,3,0.01,0.0096,83.15,ETH-25JUL25-4000-C,3545.29,sell,1.0,1.0,,,,,,,1752800945.875
1799,ETH-258331620,1752800945904,3,0.01,0.0096,83.15,ETH-25JUL25-4000-C,3545.29,sell,12.0,12.0,,,,,,,1752800945.904
1800,ETH-258331627,1752800951457,3,0.01,0.009621,83.06,ETH-25JUL25-4000-C,3545.9,sell,48.0,48.0,,,,,,,1752800951.457
1801,ETH-258331998,1752801036455,3,0.01,0.009908,82.36,ETH-25JUL25-4000-C,3551.07,sell,1.0,1.0,,,,,,,1752801036.455
1802,ETH-258332618,1752801079187,0,0.0105,0.01041,82.58,ETH-25JUL25-4000-C,3560.07,buy,60.0,60.0,,,,,,,1752801079.187
1803,ETH-258333151,1752801131939,0,0.012,0.011189,84.33,ETH-25JUL25-4000-C,3577.29,buy,17.0,17.0,,,,,,T,1752801131.939
1804,ETH-258334768,1752801241869,0,0.0121,0.011403,84.88,ETH-25JUL25-4000-C,3576.0,buy,1000.0,1000.0,1.0,BLOCK-211802,,,,,1752801241.869
1805,ETH-258334795,1752801257474,2,0.012,0.011514,84.13,ETH-25JUL25-4000-C,3579.56,buy,183.0,183.0,,,,,,,1752801257.474
1808,ETH-258334798,1752801257474,3,0.012,0.011514,84.13,ETH-25JUL25-4000-C,3579.56,buy,13.0,13.0,,,,,,,1752801257.474
1806,ETH-258334796,1752801257474,3,0.012,0.011514,84.13,ETH-25JUL25-4000-C,3579.56,buy,20.0,20.0,,,,,,,1752801257.474
1807,ETH-258334797,1752801257474,3,0.012,0.011514,84.13,ETH-25JUL25-4000-C,3579.56,buy,120.0,120.0,,,,,,,1752801257.474
1809,ETH-258334799,1752801257474,3,0.012,0.011514,84.13,ETH-25JUL25-4000-C,3579.56,buy,44.0,44.0,,,,,,,1752801257.474
1810,ETH-258334800,1752801257483,3,0.012,0.011514,84.13,ETH-25JUL25-4000-C,3579.56,sell,20.0,20.0,,,,,,,1752801257.483
1811,ETH-258334873,1752801267247,3,0.012,0.011499,84.28,ETH-25JUL25-4000-C,3578.46,buy,29.0,29.0,,,,,,,1752801267.247
1812,ETH-258334874,1752801267249,3,0.012,0.011499,84.28,ETH-25JUL25-4000-C,3578.46,sell,20.0,20.0,,,,,,,1752801267.249
1813,ETH-258334875,1752801267257,3,0.012,0.011499,84.28,ETH-25JUL25-4000-C,3578.46,sell,20.0,20.0,,,,,,,1752801267.257
1814,ETH-258334876,1752801267261,3,0.012,0.011499,84.28,ETH-25JUL25-4000-C,3578.46,sell,9.0,9.0,,,,,,,1752801267.261
1815,ETH-258334877,1752801267295,3,0.012,0.011499,84.28,ETH-25JUL25-4000-C,3578.46,sell,46.0,46.0,,,,,,,1752801267.295
1816,ETH-258334878,1752801267324,3,0.012,0.011499,84.28,ETH-25JUL25-4000-C,3578.46,sell,1.0,1.0,,,,,,,1752801267.324
1817,ETH-258334879,1752801267827,0,0.0124,0.011452,85.33,ETH-25JUL25-4000-C,3578.32,buy,1000.0,1000.0,1.0,BLOCK-211804,,,,,1752801267.827
1818,ETH-258334880,1752801268412,2,0.012,0.011452,84.3,ETH-25JUL25-4000-C,3578.32,sell,75.0,75.0,,,,,,,1752801268.412
1819,ETH-258336634,1752801426036,2,0.0115,0.011854,83.31,ETH-25JUL25-4000-C,3577.1,sell,10.0,10.0,,,,,,,1752801426.036
1820,ETH-258336844,1752801454214,0,0.0125,0.012124,85.2,ETH-25JUL25-4000-C,3581.91,buy,15.0,15.0,,,,,,T,1752801454.214
1821,ETH-258336845,1752801454214,1,0.0125,0.012124,85.2,ETH-25JUL25-4000-C,3581.91,buy,19.0,19.0,,,,,,T,1752801454.214
1822,ETH-258336846,1752801454214,1,0.0125,0.012124,85.2,ETH-25JUL25-4000-C,3581.91,buy,126.0,126.0,,,,,,T,1752801454.214
1823,ETH-258339396,1752801849656,2,0.0118,0.011466,84.84,ETH-25JUL25-4000-C,3571.59,buy,1000.0,1000.0,2.0,BLOCK-211838,,ETH-RR-25JUL25-3500_4000,,,1752801849.656
1824,ETH-258339684,1752801912649,0,0.0119,0.011175,85.0,ETH-25JUL25-4000-C,3571.84,buy,1000.0,1000.0,2.0,BLOCK-211839,,ETH-RR-25JUL25-3500_4000,,,1752801912.649
1825,ETH-258339735,1752801937415,2,0.011,0.011212,82.56,ETH-25JUL25-4000-C,3572.15,buy,14.0,14.0,,,,,,,1752801937.415
1826,ETH-258339778,1752801941259,3,0.011,0.011153,82.7,ETH-25JUL25-4000-C,3571.08,buy,14.0,14.0,,,,,,,1752801941.259
1827,ETH-258340197,1752802026011,0,0.0115,0.011713,82.17,ETH-25JUL25-4000-C,3584.38,buy,1.0,1.0,,,,,,,1752802026.011
1828,ETH-258340619,1752802185972,1,0.0115,0.011407,82.79,ETH-25JUL25-4000-C,3580.43,buy,100.0,100.0,,,,,,,1752802185.972
1829,ETH-258340834,1752802240820,2,0.011,0.011303,81.66,ETH-25JUL25-4000-C,3578.7,sell,1.0,1.0,,,,,,,1752802240.82
1830,ETH-258340981,1752802310721,0,0.0116,0.011472,82.8,ETH-25JUL25-4000-C,3581.64,buy,500.0,500.0,2.0,BLOCK-211844,,ETH-CSR12-25JUL25-3500_4000,,,1752802310.721
1831,ETH-258341115,1752802365873,0,0.0119,0.011534,83.59,ETH-25JUL25-4000-C,3581.8,buy,250.0,250.0,2.0,BLOCK-211846,,ETH-CS-25JUL25-4000_4200,,,1752802365.873
1832,ETH-258341350,1752802406820,2,0.0115,0.011524,82.31,ETH-25JUL25-4000-C,3583.47,buy,173.0,173.0,,,,,,,1752802406.82
1833,ETH-258341351,1752802406823,3,0.0115,0.011524,82.31,ETH-25JUL25-4000-C,3583.47,buy,20.0,20.0,,,,,,,1752802406.823
1834,ETH-258341368,1752802407871,3,0.0115,0.011549,82.22,ETH-25JUL25-4000-C,3584.15,buy,15.0,15.0,,,,,,,1752802407.871
1835,ETH-258341412,1752802418975,3,0.0115,0.011579,82.07,ETH-25JUL25-4000-C,3585.29,buy,67.0,67.0,,,,,,,1752802418.975
1836,ETH-258343135,1752802797951,0,0.0125,0.012316,82.58,ETH-25JUL25-4000-C,3601.17,sell,8.0,8.0,,,,,,M,1752802797.951
1837,ETH-258343136,1752802797955,1,0.0125,0.012316,82.58,ETH-25JUL25-4000-C,3601.17,sell,6.0,6.0,,,,,,M,1752802797.955
1838,ETH-258343137,1752802797957,1,0.0125,0.012316,82.58,ETH-25JUL25-4000-C,3601.17,sell,1.0,1.0,,,,,,M,1752802797.957
1839,ETH-258345570,1752802992258,0,0.0135,0.013145,82.98,ETH-25JUL25-4000-C,3616.66,buy,3.0,3.0,,,,,,,1752802992.258
1840,ETH-258348175,1752803480841,2,0.0124,0.012102,82.27,ETH-25JUL25-4000-C,3602.54,buy,1000.0,1000.0,2.0,BLOCK-211865,,ETH-RR-25JUL25-3500_4000,,,1752803480.841
1841,ETH-258350908,1752804097007,0,0.013,0.013,82.05,ETH-25JUL25-4000-C,3614.59,sell,35.0,35.0,,,,,,,1752804097.007
1843,ETH-258352230,1752804340560,3,0.012,0.012048,81.56,ETH-25JUL25-4000-C,3599.5,buy,99.0,99.0,,,,,,,1752804340.56
1842,ETH-258352229,1752804340560,2,0.012,0.012048,81.56,ETH-25JUL25-4000-C,3599.5,buy,10.0,10.0,,,,,,,1752804340.56
1844,ETH-258355599,1752805021730,3,0.012,0.011706,81.57,ETH-25JUL25-4000-C,3599.48,buy,8.0,8.0,,,,,,,1752805021.73
1845,ETH-258356308,1752805400827,2,0.011,0.011777,78.47,ETH-25JUL25-4000-C,3604.06,sell,50.0,50.0,,,,,,,1752805400.827
1846,ETH-258357277,1752805799236,0,0.012,0.012018,79.81,ETH-25JUL25-4000-C,3613.75,buy,2.0,2.0,,,,,,,1752805799.236
1847,ETH-258359492,1752806431221,1,0.012,0.012071,79.02,ETH-25JUL25-4000-C,3620.22,sell,2.0,2.0,,,,,,,1752806431.221
1848,ETH-258363211,1752807724084,2,0.0105,0.010845,77.56,ETH-25JUL25-4000-C,3603.32,sell,5.0,5.0,,,,,,,1752807724.084
1849,ETH-258364383,1752808079117,3,0.0105,0.010727,77.7,ETH-25JUL25-4000-C,3601.8,buy,3.0,3.0,,,,,,,1752808079.117
1850,ETH-258367729,1752810157361,3,0.0105,0.010804,77.18,ETH-25JUL25-4000-C,3607.13,sell,1.0,1.0,,,,,,,1752810157.361
1851,ETH-258368021,1752810453452,3,0.0105,0.010787,77.18,ETH-25JUL25-4000-C,3606.9,sell,1.0,1.0,,,,,,,1752810453.452
1852,ETH-258368725,1752811035583,3,0.0105,0.010691,78.34,ETH-25JUL25-4000-C,3598.06,sell,100.0,100.0,,,,,,,1752811035.583
1853,ETH-258369831,1752811468030,3,0.0105,0.009965,79.76,ETH-25JUL25-4000-C,3587.73,buy,1.0,1.0,,,,,,,1752811468.03
1854,ETH-258370104,1752811524452,2,0.0095,0.009908,77.27,ETH-25JUL25-4000-C,3585.75,sell,1.0,1.0,,,,,,,1752811524.452
1855,ETH-258370216,1752811587641,0,0.0105,0.009941,79.97,ETH-25JUL25-4000-C,3586.09,buy,1.0,1.0,,,,,,,1752811587.641
1856,ETH-258371608,1752812706067,2,0.0095,0.009755,77.3,ETH-25JUL25-4000-C,3586.63,sell,3.0,3.0,,,,,,,1752812706.067
1857,ETH-258374790,1752814412452,0,0.011,0.010886,77.92,ETH-25JUL25-4000-C,3613.38,sell,10.0,10.0,,,,,,,1752814412.452
1858,ETH-258375498,1752814581410,1,0.011,0.010995,76.87,ETH-25JUL25-4000-C,3621.33,buy,90.0,90.0,,,,,,,1752814581.41
1859,ETH-258376631,1752815003333,2,0.0105,0.011001,75.55,ETH-25JUL25-4000-C,3620.81,sell,6.0,6.0,,,,,,,1752815003.333
1860,ETH-258377299,1752815105858,0,0.0115,0.011416,76.99,ETH-25JUL25-4000-C,3629.16,buy,1.0,1.0,,,,,,,1752815105.858
1861,ETH-258380379,1752815356596,1,0.0115,0.011954,75.51,ETH-25JUL25-4000-C,3640.69,sell,11.0,11.0,,,,,,,1752815356.596
1862,ETH-258383220,1752815520673,1,0.0115,0.01162,76.34,ETH-25JUL25-4000-C,3634.68,buy,5.0,5.0,,,,,,,1752815520.673
1863,ETH-258387067,1752816544774,1,0.0115,0.011877,75.55,ETH-25JUL25-4000-C,3640.86,sell,10.0,10.0,,,,,,,1752816544.774
1864,ETH-258387641,1752816693992,0,0.012,0.011976,76.42,ETH-25JUL25-4000-C,3643.04,buy,2.0,2.0,,,,,,,1752816693.992
1865,ETH-258387653,1752816695969,1,0.012,0.011988,76.38,ETH-25JUL25-4000-C,3643.3,buy,8.0,8.0,,,,,,,1752816695.969
1866,ETH-258388089,1752816751520,0,0.0125,0.012318,76.9,ETH-25JUL25-4000-C,3648.1,buy,10.0,10.0,,,,,,,1752816751.52
1867,ETH-258388489,1752816825781,1,0.0125,0.012389,77.41,ETH-25JUL25-4000-C,3644.67,sell,1.0,1.0,,,,,,,1752816825.781
1868,ETH-258388869,1752816953248,2,0.012,0.01205,77.21,ETH-25JUL25-4000-C,3637.17,sell,4.0,4.0,,,,,,,1752816953.248
1869,ETH-258388870,1752816953251,3,0.012,0.01205,77.21,ETH-25JUL25-4000-C,3637.17,buy,6.0,6.0,,,,,,,1752816953.251
1870,ETH-258389228,1752817092688,0,0.013,0.012727,78.18,ETH-25JUL25-4000-C,3648.01,buy,2.0,2.0,,,,,,,1752817092.688
1871,ETH-258389370,1752817097199,0,0.0135,0.012895,78.76,ETH-25JUL25-4000-C,3652.37,buy,13.0,13.0,,,,,,T,1752817097.199
1872,ETH-258391795,1752817967438,2,0.013,0.01318,78.22,ETH-25JUL25-4000-C,3649.32,sell,120.0,120.0,,,,,,,1752817967.438
1873,ETH-258392180,1752818043026,0,0.0135,0.013544,78.33,ETH-25JUL25-4000-C,3657.0,buy,1.0,1.0,,,,,,,1752818043.026
1875,ETH-258394145,1752818234829,0,0.0155,0.014544,80.73,ETH-25JUL25-4000-C,3673.24,buy,10.0,10.0,,,,,,T,1752818234.829
1874,ETH-258394144,1752818234829,0,0.015,0.014544,79.58,ETH-25JUL25-4000-C,3673.24,buy,2.0,2.0,,,,,,T,1752818234.829
1876,ETH-258395178,1752818418310,2,0.0145,0.014493,78.91,ETH-25JUL25-4000-C,3670.49,sell,1.0,1.0,,,,,,,1752818418.31
1877,ETH-258395230,1752818435440,2,0.014,0.014393,77.97,ETH-25JUL25-4000-C,3669.01,sell,1.0,1.0,,,,,,,1752818435.44
1878,ETH-258397778,1752819036449,2,0.0125,0.012764,77.86,ETH-25JUL25-4000-C,3643.59,sell,2.0,2.0,,,,,,,1752819036.449
1879,ETH-258398064,1752819187928,0,0.013,0.013199,78.02,ETH-25JUL25-4000-C,3650.92,buy,5.0,5.0,,,,,,,1752819187.928
1880,ETH-258399505,1752819637402,2,0.0125,0.012857,77.58,ETH-25JUL25-4000-C,3645.57,sell,1.0,1.0,,,,,,,1752819637.402
1881,ETH-258399535,1752819671699,3,0.0125,0.012842,77.62,ETH-25JUL25-4000-C,3645.09,sell,4.0,4.0,,,,,,,1752819671.699
1882,ETH-258399776,1752819858493,0,0.013,0.012941,78.58,ETH-25JUL25-4000-C,3647.02,buy,1.0,1.0,,,,,,,1752819858.493
1883,ETH-258400305,1752820212258,1,0.013,0.013041,78.18,ETH-25JUL25-4000-C,3650.08,buy,1.0,1.0,,,,,,,1752820212.258
1884,ETH-258400769,1752820475784,1,0.013,0.013072,78.21,ETH-25JUL25-4000-C,3650.26,buy,1.0,1.0,,,,,,,1752820475.784
1885,ETH-258401912,1752821208144,2,0.0125,0.012928,76.37,ETH-25JUL25-4000-C,3655.29,sell,30.0,30.0,,,,,,,1752821208.144
1886,ETH-258403900,1752822443193,0,0.0135,0.013401,77.48,ETH-25JUL25-4000-C,3664.9,buy,10.0,10.0,,,,,,,1752822443.193
1887,ETH-258404117,1752822523206,1,0.0135,0.01365,76.86,ETH-25JUL25-4000-C,3669.48,sell,1.0,1.0,,,,,,,1752822523.206
1888,ETH-258404119,1752822526689,2,0.013,0.013608,75.74,ETH-25JUL25-4000-C,3668.97,sell,1.0,1.0,,,,,,,1752822526.689
1889,ETH-258408879,1752823094151,2,0.012,0.012783,76.11,ETH-25JUL25-4000-C,3646.81,sell,10.0,10.0,,,,,,,1752823094.151
1891,ETH-258411797,1752823456124,1,0.013,0.012751,78.99,ETH-25JUL25-4000-C,3644.25,buy,102.0,102.0,,,,,,,1752823456.124
1890,ETH-258411796,1752823456124,0,0.013,0.012751,78.99,ETH-25JUL25-4000-C,3644.25,buy,10.0,10.0,,,,,,,1752823456.124
1892,ETH-258428715,1752825072250,2,0.011,0.011631,76.77,ETH-25JUL25-4000-C,3624.76,sell,1.0,1.0,,,,,,,1752825072.25
1893,ETH-258435927,1752825779941,2,0.0105,0.011069,76.5,ETH-25JUL25-4000-C,3617.3,sell,5.0,5.0,,,,,,,1752825779.941
1894,ETH-258436192,1752825811696,3,0.0105,0.010873,77.08,ETH-25JUL25-4000-C,3613.02,sell,2.0,2.0,,,,,,,1752825811.696
1895,ETH-258436206,1752825815722,3,0.0105,0.010866,77.09,ETH-25JUL25-4000-C,3612.91,sell,50.0,50.0,,,,,,,1752825815.722
1896,ETH-258437476,1752826004278,3,0.0105,0.011114,75.97,ETH-25JUL25-4000-C,3621.31,sell,2.0,2.0,,,,,,,1752826004.278
1897,ETH-258437854,1752826082666,0,0.011,0.011134,76.62,ETH-25JUL25-4000-C,3626.13,buy,5.0,5.0,,,,,,,1752826082.666
1898,ETH-258438517,1752826220438,2,0.0105,0.010911,76.12,ETH-25JUL25-4000-C,3620.81,sell,125.0,125.0,,,,,,,1752826220.438
1899,ETH-258440848,1752826626499,3,0.0105,0.010907,76.08,ETH-25JUL25-4000-C,3621.61,sell,5.0,5.0,,,,,,,1752826626.499
1900,ETH-258441392,1752826816459,0,0.011,0.010961,76.65,ETH-25JUL25-4000-C,3627.02,buy,10.0,10.0,,,,,,,1752826816.459
1901,ETH-258441777,1752826989170,1,0.011,0.011128,76.37,ETH-25JUL25-4000-C,3629.13,sell,13.0,13.0,,,,,,,1752826989.17
1902,ETH-258441995,1752827054121,1,0.011,0.01094,76.79,ETH-25JUL25-4000-C,3626.23,sell,1.0,1.0,,,,,,,1752827054.121
1903,ETH-258445652,1752827795081,2,0.0105,0.010374,77.1,ETH-25JUL25-4000-C,3614.97,buy,1.0,1.0,,,,,,,1752827795.081
1904,ETH-258447364,1752828035278,2,0.0095,0.009535,76.75,ETH-25JUL25-4000-C,3597.96,sell,1.0,1.0,,,,,,,1752828035.278
1905,ETH-258449358,1752828286892,2,0.009,0.009341,76.03,ETH-25JUL25-4000-C,3592.26,sell,4.0,4.0,,,,,,,1752828286.892
1906,ETH-258449713,1752828316274,3,0.009,0.009182,76.3,ETH-25JUL25-4000-C,3590.22,sell,1.0,1.0,,,,,,,1752828316.274
1907,ETH-258450711,1752828669083,0,0.0095,0.009541,76.22,ETH-25JUL25-4000-C,3602.25,sell,1.0,1.0,,,,,,,1752828669.083
1908,ETH-258451176,1752828965220,1,0.0095,0.009682,75.43,ETH-25JUL25-4000-C,3608.79,buy,2.0,2.0,,,,,,,1752828965.22
1909,ETH-258462481,1752833867419,2,0.0085,0.009111,71.86,ETH-25JUL25-4000-C,3616.19,sell,1.0,1.0,,,,,,,1752833867.419
1910,ETH-258462853,1752834065684,3,0.0085,0.008638,73.23,ETH-25JUL25-4000-C,3605.81,sell,1.0,1.0,,,,,,,1752834065.684
1911,ETH-258462865,1752834088940,3,0.0085,0.008763,72.87,ETH-25JUL25-4000-C,3608.36,sell,1.0,1.0,,,,,,,1752834088.94
1912,ETH-258463557,1752834853169,0,0.0095,0.009366,74.04,ETH-25JUL25-4000-C,3621.32,buy,10.0,10.0,,,,,,,1752834853.169
1913,ETH-258463558,1752834859810,1,0.0095,0.009394,74.05,ETH-25JUL25-4000-C,3621.2,sell,1.0,1.0,,,,,,,1752834859.81
1914,ETH-258463565,1752834867920,1,0.0095,0.009407,74.17,ETH-25JUL25-4000-C,3620.3,sell,173.0,173.0,,,,,,,1752834867.92
1915,ETH-258463724,1752835048586,1,0.0095,0.009512,74.88,ETH-25JUL25-4000-C,3615.4,buy,3.0,3.0,,,,,,,1752835048.586
1919,ETH-258465485,1752835838072,1,0.01,0.009745,75.92,ETH-25JUL25-4000-C,3618.27,buy,150.0,150.0,,,,,,,1752835838.072
1918,ETH-258465484,1752835838072,1,0.01,0.009745,75.92,ETH-25JUL25-4000-C,3618.27,buy,509.0,509.0,,,,,,,1752835838.072
1920,ETH-258465486,1752835838072,1,0.01,0.009745,75.92,ETH-25JUL25-4000-C,3618.27,buy,20.0,20.0,,,,,,,1752835838.072
1916,ETH-258465482,1752835838072,0,0.01,0.009745,75.92,ETH-25JUL25-4000-C,3618.27,buy,1.0,1.0,,,,,,,1752835838.072
1917,ETH-258465483,1752835838072,1,0.01,0.009745,75.92,ETH-25JUL25-4000-C,3618.27,buy,2.0,2.0,,,,,,,1752835838.072
1921,ETH-258465487,1752835838079,1,0.01,0.009745,75.92,ETH-25JUL25-4000-C,3618.27,sell,318.0,318.0,,,,,,,1752835838.079
1922,ETH-258466147,1752835908288,2,0.0098,0.010009,75.18,ETH-25JUL25-4000-C,3619.93,buy,63.0,63.0,4.0,BLOCK-212047,,ETH-CCOND-25JUL25-3700_3800_4000_4200,,,1752835908.288
1923,ETH-258466733,1752835968524,0,0.0105,0.010135,76.81,ETH-25JUL25-4000-C,3622.43,buy,20.0,20.0,,,,,,,1752835968.524
1924,ETH-258473743,1752837992770,2,0.009,0.009388,75.68,ETH-25JUL25-4000-C,3599.09,sell,1.0,1.0,,,,,,,1752837992.77
1925,ETH-258474896,1752838565969,0,0.01,0.009885,76.98,ETH-25JUL25-4000-C,3611.4,buy,10.0,10.0,,,,,,,1752838565.969
1926,ETH-258476101,1752839821940,2,0.0095,0.00998,75.22,ETH-25JUL25-4000-C,3615.5,sell,1.0,1.0,,,,,,,1752839821.94
1927,ETH-258476288,1752840035883,0,0.01,0.009968,76.69,ETH-25JUL25-4000-C,3614.83,sell,120.0,120.0,,,,,,,1752840035.883
1932,ETH-258476515,1752840204302,1,0.0105,0.010207,77.52,ETH-25JUL25-4000-C,3619.39,buy,15.0,15.0,,,,,,,1752840204.302
1929,ETH-258476512,1752840204302,1,0.0105,0.010207,77.52,ETH-25JUL25-4000-C,3619.39,buy,506.0,506.0,,,,,,,1752840204.302
1928,ETH-258476511,1752840204302,0,0.0105,0.010207,77.52,ETH-25JUL25-4000-C,3619.39,buy,136.0,136.0,,,,,,,1752840204.302
1931,ETH-258476514,1752840204302,1,0.0105,0.010207,77.52,ETH-25JUL25-4000-C,3619.39,buy,43.0,43.0,,,,,,,1752840204.302
1930,ETH-258476513,1752840204302,1,0.0105,0.010207,77.52,ETH-25JUL25-4000-C,3619.39,buy,150.0,150.0,,,,,,,1752840204.302
1934,ETH-258476517,1752840204305,1,0.0105,0.010207,77.52,ETH-25JUL25-4000-C,3619.39,sell,29.0,29.0,,,,,,,1752840204.305
1933,ETH-258476516,1752840204305,1,0.0105,0.010207,77.52,ETH-25JUL25-4000-C,3619.39,sell,1.0,1.0,,,,,,,1752840204.305
1935,ETH-258476695,1752840545753,2,0.01,0.010115,76.92,ETH-25JUL25-4000-C,3613.99,sell,2.0,2.0,,,,,,,1752840545.753
1936,ETH-258477039,1752840750076,3,0.01,0.00999,77.17,ETH-25JUL25-4000-C,3612.19,sell,109.0,109.0,,,,,,,1752840750.076
1937,ETH-258477040,1752840750384,3,0.01,0.009997,77.14,ETH-25JUL25-4000-C,3612.37,sell,1.0,1.0,,,,,,,1752840750.384
1938,ETH-258477041,1752840750435,3,0.01,0.009997,77.14,ETH-25JUL25-4000-C,3612.37,sell,4.0,4.0,,,,,,,1752840750.435
1939,ETH-258477042,1752840751330,3,0.01,0.010007,77.14,ETH-25JUL25-4000-C,3612.42,sell,1.0,1.0,,,,,,,1752840751.33
1940,ETH-258477044,1752840754843,3,0.01,0.010005,77.13,ETH-25JUL25-4000-C,3612.49,sell,3.0,3.0,,,,,,,1752840754.843
1941,ETH-258477045,1752840754887,3,0.01,0.010005,77.13,ETH-25JUL25-4000-C,3612.49,sell,2.0,2.0,,,,,,,1752840754.887
1942,ETH-258477046,1752840755039,3,0.01,0.010005,77.13,ETH-25JUL25-4000-C,3612.49,sell,2.0,2.0,,,,,,,1752840755.039
1943,ETH-258477047,1752840755043,3,0.01,0.010005,77.13,ETH-25JUL25-4000-C,3612.49,sell,1.0,1.0,,,,,,,1752840755.043
1944,ETH-258477048,1752840755047,3,0.01,0.010005,77.13,ETH-25JUL25-4000-C,3612.49,sell,1.0,1.0,,,,,,,1752840755.047
1945,ETH-258477051,1752840756367,3,0.01,0.009998,77.23,ETH-25JUL25-4000-C,3611.75,sell,2.0,2.0,,,,,,,1752840756.367
1946,ETH-258477052,1752840756373,3,0.01,0.009998,77.23,ETH-25JUL25-4000-C,3611.75,sell,2.0,2.0,,,,,,,1752840756.373
1947,ETH-258477053,1752840756379,3,0.01,0.009998,77.23,ETH-25JUL25-4000-C,3611.75,sell,2.0,2.0,,,,,,,1752840756.379
1948,ETH-258477054,1752840756385,3,0.01,0.009998,77.23,ETH-25JUL25-4000-C,3611.75,sell,1.0,1.0,,,,,,,1752840756.385
1949,ETH-258477055,1752840756400,3,0.01,0.009998,77.23,ETH-25JUL25-4000-C,3611.75,sell,4.0,4.0,,,,,,,1752840756.4
1950,ETH-258477056,1752840756633,3,0.01,0.009998,77.23,ETH-25JUL25-4000-C,3611.75,sell,4.0,4.0,,,,,,,1752840756.633
1951,ETH-258477057,1752840757047,3,0.01,0.009998,77.23,ETH-25JUL25-4000-C,3611.75,sell,2.0,2.0,,,,,,,1752840757.047
1952,ETH-258477058,1752840757144,3,0.01,0.009987,77.32,ETH-25JUL25-4000-C,3611.05,sell,3.0,3.0,,,,,,,1752840757.144
1953,ETH-258477060,1752840757258,3,0.01,0.009987,77.32,ETH-25JUL25-4000-C,3611.05,sell,1.0,1.0,,,,,,,1752840757.258
1954,ETH-258477061,1752840757265,3,0.01,0.009987,77.32,ETH-25JUL25-4000-C,3611.05,sell,2.0,2.0,,,,,,,1752840757.265
1955,ETH-258477062,1752840757324,3,0.01,0.009987,77.32,ETH-25JUL25-4000-C,3611.05,sell,1.0,1.0,,,,,,,1752840757.324
1956,ETH-258477063,1752840757409,3,0.01,0.009987,77.32,ETH-25JUL25-4000-C,3611.05,sell,1.0,1.0,,,,,,,1752840757.409
1957,ETH-258477066,1752840757612,3,0.01,0.009987,77.32,ETH-25JUL25-4000-C,3611.05,sell,2.0,2.0,,,,,,,1752840757.612
1958,ETH-258477067,1752840757619,3,0.01,0.009987,77.32,ETH-25JUL25-4000-C,3611.05,sell,2.0,2.0,,,,,,,1752840757.619
1959,ETH-258477068,1752840757758,3,0.01,0.009987,77.32,ETH-25JUL25-4000-C,3611.05,sell,1.0,1.0,,,,,,,1752840757.758
1960,ETH-258477069,1752840757920,3,0.01,0.009987,77.32,ETH-25JUL25-4000-C,3611.05,sell,3.0,3.0,,,,,,,1752840757.92
1961,ETH-258477116,1752840767478,3,0.01,0.009923,77.58,ETH-25JUL25-4000-C,3609.14,sell,169.0,169.0,,,,,,,1752840767.478
1962,ETH-258477131,1752840771817,3,0.01,0.009889,77.78,ETH-25JUL25-4000-C,3607.67,sell,200.0,200.0,,,,,,,1752840771.817
1963,ETH-258477150,1752840810742,3,0.01,0.01004,77.69,ETH-25JUL25-4000-C,3608.08,sell,474.0,474.0,,,,,,,1752840810.742
1964,ETH-258478000,1752841352336,3,0.01,0.009876,78.14,ETH-25JUL25-4000-C,3605.19,buy,130.0,130.0,,,,,,,1752841352.336
1965,ETH-258478039,1752841399927,2,0.0095,0.009889,76.71,ETH-25JUL25-4000-C,3605.44,sell,2.0,2.0,,,,,,,1752841399.927
1966,ETH-258482238,1752843169242,0,0.011,0.010437,78.81,ETH-25JUL25-4000-C,3620.69,buy,2000.0,2000.0,1.0,BLOCK-212065,,,,,1752843169.242
1967,ETH-258482258,1752843171692,1,0.011,0.010438,78.84,ETH-25JUL25-4000-C,3620.4,buy,2000.0,2000.0,1.0,BLOCK-212066,,,,,1752843171.692
1968,ETH-258482338,1752843182123,0,0.0111,0.010402,79.15,ETH-25JUL25-4000-C,3620.09,buy,2000.0,2000.0,1.0,BLOCK-212067,,,,,1752843182.123
1969,ETH-258482342,1752843182617,2,0.0105,0.010407,77.54,ETH-25JUL25-4000-C,3620.12,buy,134.0,134.0,,,,,,,1752843182.617
1970,ETH-258483188,1752843410252,3,0.0105,0.010678,77.24,ETH-25JUL25-4000-C,3622.3,sell,6.0,6.0,,,,,,,1752843410.252
1971,ETH-258483190,1752843410974,3,0.0105,0.010662,77.25,ETH-25JUL25-4000-C,3622.21,sell,84.0,84.0,,,,,,,1752843410.974
1972,ETH-258483386,1752843549933,3,0.0105,0.011015,76.39,ETH-25JUL25-4000-C,3628.69,sell,12.0,12.0,,,,,,,1752843549.933
1973,ETH-258483387,1752843549939,3,0.0105,0.011015,76.39,ETH-25JUL25-4000-C,3628.69,sell,139.0,139.0,,,,,,,1752843549.939
1974,ETH-258483408,1752843552844,0,0.011,0.011011,77.66,ETH-25JUL25-4000-C,3629.15,sell,1.0,1.0,,,,,,,1752843552.844
1975,ETH-258483964,1752843624189,1,0.011,0.011414,76.72,ETH-25JUL25-4000-C,3636.31,sell,52.0,52.0,,,,,,,1752843624.189
1978,ETH-258483967,1752843624927,1,0.011,0.011414,76.72,ETH-25JUL25-4000-C,3636.31,sell,18.0,18.0,,,,,,,1752843624.927
1980,ETH-258483969,1752843624927,1,0.011,0.011414,76.72,ETH-25JUL25-4000-C,3636.31,sell,22.0,22.0,,,,,,,1752843624.927
1977,ETH-258483966,1752843624927,1,0.011,0.011414,76.72,ETH-25JUL25-4000-C,3636.31,sell,150.0,150.0,,,,,,,1752843624.927
1979,ETH-258483968,1752843624927,1,0.011,0.011414,76.72,ETH-25JUL25-4000-C,3636.31,sell,20.0,20.0,,,,,,,1752843624.927
1976,ETH-258483965,1752843624927,1,0.011,0.011414,76.72,ETH-25JUL25-4000-C,3636.31,sell,445.0,445.0,,,,,,,1752843624.927
1982,ETH-258484081,1752843660204,1,0.011,0.011316,77.01,ETH-25JUL25-4000-C,3634.33,sell,6.0,6.0,,,,,,,1752843660.204
