trade_seq,trade_id,timestamp,tick_direction,price,mark_price,iv,instrument_name,index_price,direction,contracts,amount,block_trade_leg_count,block_trade_id,combo_id,combo_trade_id,block_rfq_id,liquidation,unix_sec
1324,ETH-256173274,1751312925054,0,0.0028,0.002737,69.6,ETH-25JUL25-3500-C,2512.79,sell,2.0,2.0,,,,,,,1751312925.054
1325,ETH-256173953,1751313256301,1,0.0028,0.002723,69.64,ETH-25JUL25-3500-C,2512.2,buy,1.0,1.0,,,,,,,1751313256.301
1326,ETH-256175814,1751314092489,1,0.0028,0.002758,69.6,ETH-25JUL25-3500-C,2512.88,buy,1.0,1.0,,,,,,,1751314092.489
1327,ETH-256178653,1751316903067,2,0.0027,0.002572,69.71,ETH-25JUL25-3500-C,2505.0,buy,1.0,1.0,,,,,,,1751316903.067
1328,ETH-256179248,1751317709769,2,0.0026,0.002495,69.67,ETH-25JUL25-3500-C,2498.77,buy,1.0,1.0,,,,,,,1751317709.769
1329,ETH-256186277,1751325820022,2,0.0024,0.002288,69.37,ETH-25JUL25-3500-C,2490.56,buy,1.0,1.0,,,,,,,1751325820.022
1330,ETH-256186538,1751326120081,3,0.0024,0.002295,69.35,ETH-25JUL25-3500-C,2491.08,buy,1.0,1.0,,,,,,,1751326120.081
1331,ETH-256186757,1751326420110,3,0.0024,0.002279,69.45,ETH-25JUL25-3500-C,2489.62,buy,1.0,1.0,,,,,,,1751326420.11
1332,ETH-256188371,1751328747338,0,0.0025,0.002273,69.74,ETH-25JUL25-3500-C,2493.15,buy,2.0,2.0,,,,,,,1751328747.338
1333,ETH-256196909,1751344142261,2,0.0018,0.001872,67.27,ETH-25JUL25-3500-C,2477.73,sell,7.0,7.0,,,,,,,1751344142.261
1334,ETH-256196910,1751344142261,3,0.0018,0.001872,67.27,ETH-25JUL25-3500-C,2477.73,sell,5.0,5.0,,,,,,,1751344142.261
1335,ETH-256203195,1751350202603,2,0.0017,0.001671,67.95,ETH-25JUL25-3500-C,2458.8,buy,30.0,30.0,,,,,,,1751350202.603
1336,ETH-256203197,1751350205247,3,0.0017,0.00167,67.95,ETH-25JUL25-3500-C,2458.75,buy,30.0,30.0,,,,,,,1751350205.247
1337,ETH-256203252,1751350546597,3,0.0017,0.001659,67.93,ETH-25JUL25-3500-C,2459.11,buy,30.0,30.0,,,,,,,1751350546.597
1338,ETH-256203258,1751350551100,3,0.0017,0.001656,67.95,ETH-25JUL25-3500-C,2458.82,buy,30.0,30.0,,,,,,,1751350551.1
1339,ETH-256203632,1751351282145,3,0.0017,0.001631,67.95,ETH-25JUL25-3500-C,2459.3,buy,30.0,30.0,,,,,,,1751351282.145
1340,ETH-256203634,1751351284980,3,0.0017,0.001631,67.95,ETH-25JUL25-3500-C,2459.31,buy,30.0,30.0,,,,,,,1751351284.98
1341,ETH-256203752,1751351553821,3,0.0017,0.00163,67.9,ETH-25JUL25-3500-C,2459.86,buy,30.0,30.0,,,,,,,1751351553.821
1342,ETH-256203753,1751351557339,3,0.0017,0.001629,67.9,ETH-25JUL25-3500-C,2459.9,buy,30.0,30.0,,,,,,,1751351557.339
1343,ETH-256204222,1751352861611,3,0.0017,0.001632,67.93,ETH-25JUL25-3500-C,2460.11,sell,40.0,40.0,,,,,,,1751352861.611
1344,ETH-256211615,1751359502087,2,0.0016,0.001484,67.77,ETH-25JUL25-3500-C,2455.02,buy,1.0,1.0,,,,,,,1751359502.087
1345,ETH-256211760,1751359802119,3,0.0016,0.00149,67.7,ETH-25JUL25-3500-C,2456.07,buy,1.0,1.0,,,,,,,1751359802.119
1346,ETH-256211881,1751360102145,3,0.0016,0.001476,67.77,ETH-25JUL25-3500-C,2455.14,buy,1.0,1.0,,,,,,,1751360102.145
1347,ETH-256217628,1751368422231,2,0.0014,0.001332,66.86,ETH-25JUL25-3500-C,2450.72,buy,1.0,1.0,,,,,,,1751368422.231
1348,ETH-256218043,1751368735013,0,0.0015,0.001376,67.64,ETH-25JUL25-3500-C,2449.67,buy,1.0,1.0,,,,,,,1751368735.013
1349,ETH-256218447,1751369704458,1,0.0015,0.001448,67.32,ETH-25JUL25-3500-C,2454.96,buy,1.0,1.0,,,,,,,1751369704.458
1350,ETH-256219262,1751370721389,2,0.0013,0.001393,66.46,ETH-25JUL25-3500-C,2445.97,sell,79.0,79.0,,,,,,,1751370721.389
1351,ETH-256222263,1751373501662,3,0.0013,0.001347,66.6,ETH-25JUL25-3500-C,2444.2,sell,20.0,20.0,,,,,,,1751373501.662
1352,ETH-256222361,1751373589998,3,0.0013,0.001343,66.63,ETH-25JUL25-3500-C,2443.78,sell,20.0,20.0,,,,,,,1751373589.998
1353,ETH-256222758,1751373945175,3,0.0013,0.001294,66.98,ETH-25JUL25-3500-C,2438.4,sell,23.0,23.0,,,,,,,1751373945.175
1354,ETH-256222761,1751373953327,3,0.0013,0.001294,66.98,ETH-25JUL25-3500-C,2438.47,sell,21.0,21.0,,,,,,,1751373953.327
1355,ETH-256222774,1751373965569,3,0.0013,0.001299,66.95,ETH-25JUL25-3500-C,2438.84,sell,20.0,20.0,,,,,,,1751373965.569
1356,ETH-256222788,1751373996200,3,0.0013,0.001305,66.93,ETH-25JUL25-3500-C,2439.17,sell,20.0,20.0,,,,,,,1751373996.2
1357,ETH-256225172,1751376413290,3,0.0013,0.001309,66.78,ETH-25JUL25-3500-C,2441.93,buy,1.0,1.0,,,,,,,1751376413.29
1358,ETH-256225174,1751376416233,3,0.0013,0.001308,66.78,ETH-25JUL25-3500-C,2441.88,buy,1.0,1.0,,,,,,,1751376416.233
1359,ETH-256226530,1751377413181,2,0.0012,0.001213,66.53,ETH-25JUL25-3500-C,2433.96,sell,3.0,3.0,,,,,,,1751377413.181
1360,ETH-256227523,1751377732922,0,0.0014,0.001288,67.77,ETH-25JUL25-3500-C,2438.44,buy,1.0,1.0,,,,,,,1751377732.922
1361,ETH-256227524,1751377732922,1,0.0014,0.001288,67.77,ETH-25JUL25-3500-C,2438.44,buy,1.0,1.0,,,,,,,1751377732.922
1362,ETH-256228163,1751378295603,0,0.0015,0.001423,67.99,ETH-25JUL25-3500-C,2445.61,buy,1.0,1.0,,,,,,,1751378295.603
1363,ETH-256251977,1751396851125,2,0.0014,0.001327,69.67,ETH-25JUL25-3500-C,2412.94,buy,1.0,1.0,,,,,,,1751396851.125
1364,ETH-256285928,1751427000650,0,0.0017,0.001466,71.23,ETH-25JUL25-3500-C,2429.05,buy,1.0,1.0,,,,,,,1751427000.65
1365,ETH-256298930,1751443873267,2,0.0013,0.001482,67.31,ETH-25JUL25-3500-C,2451.49,sell,81.0,81.0,,,,,,,1751443873.267
1367,ETH-256299515,1751444634384,1,0.0015,0.001426,68.57,ETH-25JUL25-3500-C,2454.76,buy,13.0,13.0,,,,,,,1751444634.384
1366,ETH-256299514,1751444634384,0,0.0015,0.001426,68.57,ETH-25JUL25-3500-C,2454.76,buy,1.0,1.0,,,,,,,1751444634.384
1368,ETH-256302925,1751448586369,2,0.0013,0.001312,67.53,ETH-25JUL25-3500-C,2449.56,sell,10.0,10.0,,,,,,,1751448586.369
1369,ETH-256304640,1751452153371,0,0.0015,0.001289,69.05,ETH-25JUL25-3500-C,2449.61,buy,5.0,5.0,,,,,,,1751452153.371
1370,ETH-256308550,1751457201368,2,0.0013,0.001317,67.9,ETH-25JUL25-3500-C,2445.14,sell,20.0,20.0,,,,,,,1751457201.368
1371,ETH-256355390,1751476754853,0,0.0024,0.002538,66.65,ETH-25JUL25-3500-C,2569.02,sell,150.0,150.0,,,,,,,1751476754.853
1372,ETH-256363057,1751478464962,0,0.0025,0.002545,67.96,ETH-25JUL25-3500-C,2557.36,buy,5.0,5.0,,,,,,,1751478464.962
1373,ETH-256363460,1751478596508,0,0.0027,0.002515,69.05,ETH-25JUL25-3500-C,2555.02,buy,5.0,5.0,,,,,,,1751478596.508
1374,ETH-256368017,1751481331730,0,0.0028,0.002706,68.4,ETH-25JUL25-3500-C,2570.93,buy,21.0,21.0,,,,,,,1751481331.73
1375,ETH-256368356,1751481507763,0,0.0029,0.002834,68.22,ETH-25JUL25-3500-C,2579.31,buy,22.0,22.0,,,,,,,1751481507.763
1376,ETH-256378583,1751486699306,0,0.0034,0.003526,68.92,ETH-25JUL25-3500-C,2600.7,sell,351.0,351.0,,,,,,,1751486699.306
1377,ETH-256378584,1751486699324,1,0.0034,0.003526,68.92,ETH-25JUL25-3500-C,2600.7,sell,79.0,79.0,,,,,,,1751486699.324
1378,ETH-256381450,1751487570909,0,0.0036,0.003283,70.51,ETH-25JUL25-3500-C,2589.06,buy,29.0,29.0,,,,,,,1751487570.909
1379,ETH-256381467,1751487576011,1,0.0036,0.003305,70.5,ETH-25JUL25-3500-C,2589.19,buy,4.0,4.0,,,,,,,1751487576.011
1380,ETH-256387249,1751491661934,2,0.0035,0.003509,70.16,ETH-25JUL25-3500-C,2589.83,buy,10.0,10.0,,,,,,,1751491661.934
1381,ETH-256406437,1751508280555,2,0.0028,0.002932,68.54,ETH-25JUL25-3500-C,2576.62,sell,3.0,3.0,,,,,,,1751508280.555
1382,ETH-256406793,1751508925063,0,0.003,0.002888,69.6,ETH-25JUL25-3500-C,2573.93,buy,19.0,19.0,,,,,,,1751508925.063
1383,ETH-256408684,1751511056858,2,0.0028,0.002681,69.57,ETH-25JUL25-3500-C,2562.83,buy,22.0,22.0,,,,,,,1751511056.858
1384,ETH-256411956,1751517574740,0,0.0029,0.002765,69.54,ETH-25JUL25-3500-C,2571.06,buy,20.0,20.0,,,,,,,1751517574.74
1385,ETH-256413952,1751519636552,1,0.0029,0.002823,69.07,ETH-25JUL25-3500-C,2577.89,buy,22.0,22.0,,,,,,,1751519636.552
1386,ETH-256414033,1751519828966,1,0.0029,0.002805,69.03,ETH-25JUL25-3500-C,2578.73,buy,20.0,20.0,,,,,,,1751519828.966
1387,ETH-256415114,1751520850356,0,0.0031,0.003004,68.83,ETH-25JUL25-3500-C,2593.41,buy,20.0,20.0,,,,,,,1751520850.356
1388,ETH-256415525,1751520912514,0,0.0032,0.003071,68.96,ETH-25JUL25-3500-C,2597.4,buy,20.0,20.0,,,,,,,1751520912.514
1389,ETH-256415585,1751520925957,1,0.0032,0.003046,69.03,ETH-25JUL25-3500-C,2596.61,buy,14.0,14.0,,,,,,,1751520925.957
1390,ETH-256415753,1751521009889,1,0.0032,0.003007,69.22,ETH-25JUL25-3500-C,2594.06,buy,9.0,9.0,,,,,,,1751521009.889
1391,ETH-256415756,1751521011936,1,0.0032,0.003005,69.22,ETH-25JUL25-3500-C,2593.96,buy,1.0,1.0,,,,,,,1751521011.936
1392,ETH-256415933,1751521241098,1,0.0032,0.002986,69.21,ETH-25JUL25-3500-C,2594.29,buy,18.0,18.0,,,,,,,1751521241.098
1393,ETH-256416038,1751521347820,1,0.0032,0.002997,69.19,ETH-25JUL25-3500-C,2594.6,buy,14.0,14.0,,,,,,,1751521347.82
1394,ETH-256417829,1751523439784,1,0.0032,0.003082,69.21,ETH-25JUL25-3500-C,2594.68,buy,29.0,29.0,,,,,,,1751523439.784
1395,ETH-256417830,1751523440187,1,0.0032,0.003082,69.21,ETH-25JUL25-3500-C,2594.68,buy,4.0,4.0,,,,,,,1751523440.187
1396,ETH-256418012,1751523610468,1,0.0032,0.003079,69.18,ETH-25JUL25-3500-C,2595.39,buy,25.0,25.0,,,,,,,1751523610.468
1397,ETH-256418458,1751523957109,0,0.0033,0.003125,69.37,ETH-25JUL25-3500-C,2598.71,sell,10.0,10.0,,,,,,,1751523957.109
1398,ETH-256418479,1751523970300,1,0.0033,0.003134,69.31,ETH-25JUL25-3500-C,2599.4,sell,10.0,10.0,,,,,,,1751523970.3
1399,ETH-256420235,1751526063294,0,0.0036,0.003523,70.67,ETH-25JUL25-3500-C,2597.03,buy,17.0,17.0,,,,,,,1751526063.294
1400,ETH-256421853,1751527842954,2,0.0034,0.003353,70.02,ETH-25JUL25-3500-C,2595.62,buy,13.0,13.0,,,,,,,1751527842.954
1401,ETH-256424487,1751529291478,0,0.0036,0.003468,70.48,ETH-25JUL25-3500-C,2600.77,buy,10.0,10.0,,,,,,,1751529291.478
1402,ETH-256424549,1751529344757,1,0.0036,0.003468,70.49,ETH-25JUL25-3500-C,2600.64,buy,10.0,10.0,,,,,,,1751529344.757
1403,ETH-256424575,1751529354478,1,0.0036,0.003465,70.49,ETH-25JUL25-3500-C,2600.56,buy,10.0,10.0,,,,,,,1751529354.478
1404,ETH-256443327,1751539862728,0,0.0039,0.003823,72.38,ETH-25JUL25-3500-C,2591.87,buy,3.0,3.0,,,,,,,1751539862.728
1405,ETH-256456440,1751546360722,2,0.0037,0.00352,73.07,ETH-25JUL25-3500-C,2573.52,sell,2.0,2.0,,,,,,,1751546360.722
1406,ETH-256485691,1751554751223,0,0.0039,0.003918,72.29,ETH-25JUL25-3500-C,2596.99,buy,3.0,3.0,,,,,,,1751554751.223
1407,ETH-256493387,1751558120173,2,0.0033,0.003352,71.62,ETH-25JUL25-3500-C,2575.42,sell,100.0,100.0,,,,,,,1751558120.173
1408,ETH-256503870,1751566374591,2,0.0032,0.003178,71.32,ETH-25JUL25-3500-C,2576.53,sell,1.0,1.0,,,,,,,1751566374.591
1409,ETH-256509491,1751576528084,0,0.0038,0.003638,71.89,ETH-25JUL25-3500-C,2603.19,buy,1.0,1.0,,,,,,,1751576528.084
1410,ETH-256509501,1751576556428,1,0.0038,0.003646,71.86,ETH-25JUL25-3500-C,2603.47,buy,39.0,39.0,,,,,,,1751576556.428
1411,ETH-256509505,1751576560672,1,0.0038,0.003648,71.85,ETH-25JUL25-3500-C,2603.47,buy,7.0,7.0,,,,,,,1751576560.672
1412,ETH-256509506,1751576563847,1,0.0038,0.003653,71.85,ETH-25JUL25-3500-C,2603.47,buy,4.0,4.0,,,,,,,1751576563.847
1413,ETH-256510904,1751578317691,0,0.0039,0.003784,72.93,ETH-25JUL25-3500-C,2593.78,buy,1.0,1.0,,,,,,,1751578317.691
1414,ETH-256524770,1751599081083,2,0.0032,0.003185,71.7,ETH-25JUL25-3500-C,2579.23,buy,1.0,1.0,,,,,,,1751599081.083
1415,ETH-256558134,1751633618408,2,0.0022,0.002156,70.02,ETH-25JUL25-3500-C,2546.22,buy,1.0,1.0,,,,,,,1751633618.408
1416,ETH-256585197,1751647574564,2,0.0017,0.00164,71.52,ETH-25JUL25-3500-C,2485.73,buy,1.0,1.0,,,,,,,1751647574.564
1417,ETH-256588151,1751650621206,0,0.0018,0.001774,71.58,ETH-25JUL25-3500-C,2494.82,buy,1.0,1.0,,,,,,,1751650621.206
1418,ETH-256591733,1751657038793,2,0.0017,0.001656,72.02,ETH-25JUL25-3500-C,2480.24,buy,1.0,1.0,,,,,,,1751657038.793
1419,ETH-256594609,1751664103816,0,0.0018,0.001771,72.25,ETH-25JUL25-3500-C,2490.41,buy,1.0,1.0,,,,,,,1751664103.816
1420,ETH-256659750,1751809972241,2,0.0014,0.001346,67.71,ETH-25JUL25-3500-C,2559.52,buy,16.0,16.0,,,,,,,1751809972.241
1421,ETH-256659853,1751809974463,3,0.0014,0.001345,67.7,ETH-25JUL25-3500-C,2559.68,buy,3.0,3.0,,,,,,,1751809974.463
1422,ETH-256659866,1751809981049,3,0.0014,0.001346,67.66,ETH-25JUL25-3500-C,2560.23,buy,8.0,8.0,,,,,,,1751809981.049
1423,ETH-256659871,1751809981383,3,0.0014,0.001348,67.66,ETH-25JUL25-3500-C,2560.3,buy,2.0,2.0,,,,,,,1751809981.383
1424,ETH-256660065,1751810006818,3,0.0014,0.001339,67.73,ETH-25JUL25-3500-C,2559.23,buy,15.0,15.0,,,,,,,1751810006.818
1425,ETH-256660074,1751810009478,3,0.0014,0.001342,67.71,ETH-25JUL25-3500-C,2559.44,buy,3.0,3.0,,,,,,,1751810009.478
1426,ETH-256660087,1751810013405,3,0.0014,0.001349,67.65,ETH-25JUL25-3500-C,2560.37,buy,3.0,3.0,,,,,,,1751810013.405
1427,ETH-256660096,1751810015669,3,0.0014,0.001353,67.61,ETH-25JUL25-3500-C,2560.95,buy,2.0,2.0,,,,,,,1751810015.669
1428,ETH-256660103,1751810016654,3,0.0014,0.001355,67.56,ETH-25JUL25-3500-C,2561.65,buy,8.0,8.0,,,,,,,1751810016.654
1429,ETH-256660106,1751810016787,3,0.0014,0.001355,67.56,ETH-25JUL25-3500-C,2561.65,buy,5.0,5.0,,,,,,,1751810016.787
1430,ETH-256660107,1751810017180,3,0.0014,0.001355,67.56,ETH-25JUL25-3500-C,2561.65,buy,2.0,2.0,,,,,,,1751810017.18
1431,ETH-256660113,1751810017649,3,0.0014,0.001356,67.47,ETH-25JUL25-3500-C,2562.88,buy,5.0,5.0,,,,,,,1751810017.649
1432,ETH-256660293,1751810030177,3,0.0014,0.001378,67.44,ETH-25JUL25-3500-C,2563.39,buy,1.0,1.0,,,,,,,1751810030.177
1433,ETH-256660491,1751810045292,3,0.0014,0.001398,67.11,ETH-25JUL25-3500-C,2567.89,buy,11.0,11.0,,,,,,,1751810045.292
1434,ETH-256660559,1751810053903,3,0.0014,0.001392,67.16,ETH-25JUL25-3500-C,2567.15,buy,4.0,4.0,,,,,,,1751810053.903
1435,ETH-256660701,1751810072044,3,0.0014,0.001387,67.19,ETH-25JUL25-3500-C,2566.74,buy,6.0,6.0,,,,,,,1751810072.044
1436,ETH-256660703,1751810072089,3,0.0014,0.001387,67.19,ETH-25JUL25-3500-C,2566.74,buy,2.0,2.0,,,,,,,1751810072.089
1437,ETH-256660712,1751810074107,3,0.0014,0.001385,67.16,ETH-25JUL25-3500-C,2567.17,buy,4.0,4.0,,,,,,,1751810074.107
1438,ETH-256663066,1751810996070,3,0.0014,0.001335,67.61,ETH-25JUL25-3500-C,2560.9,buy,1.0,1.0,,,,,,,1751810996.07
1439,ETH-256663072,1751811001044,3,0.0014,0.001337,67.59,ETH-25JUL25-3500-C,2561.14,buy,2.0,2.0,,,,,,,1751811001.044
1440,ETH-256663082,1751811003830,3,0.0014,0.001339,67.56,ETH-25JUL25-3500-C,2561.55,buy,4.0,4.0,,,,,,,1751811003.83
1441,ETH-256663084,1751811007811,3,0.0014,0.001345,67.52,ETH-25JUL25-3500-C,2562.18,buy,3.0,3.0,,,,,,,1751811007.811
1442,ETH-256673669,1751821182480,3,0.0014,0.001317,68.41,ETH-25JUL25-3500-C,2552.67,buy,10.0,10.0,,,,,,,1751821182.48
1443,ETH-256673679,1751821202667,3,0.0014,0.001316,68.41,ETH-25JUL25-3500-C,2552.59,buy,25.0,25.0,,,,,,,1751821202.667
1444,ETH-256673752,1751821301163,3,0.0014,0.001302,68.54,ETH-25JUL25-3500-C,2551.05,buy,10.0,10.0,,,,,,,1751821301.163
1445,ETH-256673765,1751821323692,3,0.0014,0.001309,68.51,ETH-25JUL25-3500-C,2551.46,buy,3.0,3.0,,,,,,,1751821323.692
1446,ETH-256673767,1751821324177,3,0.0014,0.001309,68.5,ETH-25JUL25-3500-C,2551.66,buy,6.0,6.0,,,,,,,1751821324.177
1447,ETH-256673775,1751821388469,3,0.0014,0.001312,68.49,ETH-25JUL25-3500-C,2551.64,buy,36.0,36.0,,,,,,,1751821388.469
1448,ETH-256695235,1751844079046,0,0.0017,0.001639,69.77,ETH-25JUL25-3500-C,2569.44,buy,1.0,1.0,,,,,,,1751844079.046
1449,ETH-256695472,1751844379084,1,0.0017,0.001604,70.05,ETH-25JUL25-3500-C,2565.63,buy,1.0,1.0,,,,,,,1751844379.084
1450,ETH-256695628,1751844679105,1,0.0017,0.001612,70.1,ETH-25JUL25-3500-C,2565.09,buy,1.0,1.0,,,,,,,1751844679.105
1451,ETH-256695872,1751844979163,1,0.0017,0.001605,70.19,ETH-25JUL25-3500-C,2564.15,buy,1.0,1.0,,,,,,,1751844979.163
1452,ETH-256696069,1751845279205,1,0.0017,0.00166,69.82,ETH-25JUL25-3500-C,2568.83,buy,1.0,1.0,,,,,,,1751845279.205
1453,ETH-256696289,1751845579238,1,0.0017,0.001672,69.7,ETH-25JUL25-3500-C,2570.7,buy,1.0,1.0,,,,,,,1751845579.238
1454,ETH-256696375,1751845879277,1,0.0017,0.001669,69.68,ETH-25JUL25-3500-C,2571.14,buy,1.0,1.0,,,,,,,1751845879.277
1455,ETH-256697696,1751847757557,2,0.0016,0.001523,69.47,ETH-25JUL25-3500-C,2565.68,buy,1.0,1.0,,,,,,,1751847757.557
1456,ETH-256698006,1751848057581,3,0.0016,0.001559,69.51,ETH-25JUL25-3500-C,2564.97,buy,1.0,1.0,,,,,,,1751848057.581
1457,ETH-256698199,1751848357605,0,0.0017,0.00159,70.12,ETH-25JUL25-3500-C,2566.02,buy,1.0,1.0,,,,,,,1751848357.605
1458,ETH-256698832,1751848657651,1,0.0017,0.00157,70.67,ETH-25JUL25-3500-C,2558.9,buy,1.0,1.0,,,,,,,1751848657.651
1459,ETH-256699074,1751848957670,1,0.0017,0.001592,70.57,ETH-25JUL25-3500-C,2559.95,buy,1.0,1.0,,,,,,,1751848957.67
1460,ETH-256699178,1751849257702,1,0.0017,0.00162,70.43,ETH-25JUL25-3500-C,2561.94,buy,1.0,1.0,,,,,,,1751849257.702
1461,ETH-256699271,1751849557715,1,0.0017,0.001616,70.4,ETH-25JUL25-3500-C,2562.4,buy,1.0,1.0,,,,,,,1751849557.715
1462,ETH-256699585,1751849857739,2,0.0016,0.001548,69.93,ETH-25JUL25-3500-C,2560.08,buy,1.0,1.0,,,,,,,1751849857.739
1463,ETH-256699812,1751850157776,2,0.0015,0.001546,69.24,ETH-25JUL25-3500-C,2559.92,buy,1.0,1.0,,,,,,,1751850157.776
1464,ETH-256700020,1751850457803,3,0.0015,0.001497,69.56,ETH-25JUL25-3500-C,2555.45,buy,1.0,1.0,,,,,,,1751850457.803
1465,ETH-256700177,1751850757819,3,0.0015,0.001501,69.57,ETH-25JUL25-3500-C,2555.52,buy,1.0,1.0,,,,,,,1751850757.819
1466,ETH-256700625,1751851057858,3,0.0015,0.001522,69.46,ETH-25JUL25-3500-C,2556.88,buy,1.0,1.0,,,,,,,1751851057.858
1467,ETH-256701041,1751851357885,3,0.0015,0.001543,69.13,ETH-25JUL25-3500-C,2561.3,buy,1.0,1.0,,,,,,,1751851357.885
1468,ETH-256701399,1751851657907,3,0.0015,0.001526,69.19,ETH-25JUL25-3500-C,2560.7,buy,1.0,1.0,,,,,,,1751851657.907
1469,ETH-256701697,1751851957944,3,0.0015,0.001546,68.9,ETH-25JUL25-3500-C,2564.54,buy,1.0,1.0,,,,,,,1751851957.944
1470,ETH-256701817,1751852257986,3,0.0015,0.001521,68.9,ETH-25JUL25-3500-C,2564.77,buy,1.0,1.0,,,,,,,1751852257.986
1471,ETH-256701972,1751852558044,3,0.0015,0.0015,69.09,ETH-25JUL25-3500-C,2562.18,buy,1.0,1.0,,,,,,,1751852558.044
1472,ETH-256702054,1751852858066,3,0.0015,0.001512,68.96,ETH-25JUL25-3500-C,2563.99,buy,1.0,1.0,,,,,,,1751852858.066
1473,ETH-256702108,1751853158102,3,0.0015,0.001507,68.99,ETH-25JUL25-3500-C,2563.7,buy,1.0,1.0,,,,,,,1751853158.102
1474,ETH-256702192,1751853458116,3,0.0015,0.001501,69.02,ETH-25JUL25-3500-C,2563.08,buy,1.0,1.0,,,,,,,1751853458.116
1475,ETH-256702353,1751853758132,3,0.0015,0.001541,68.7,ETH-25JUL25-3500-C,2567.48,buy,1.0,1.0,,,,,,,1751853758.132
1476,ETH-256702545,1751854058183,0,0.0016,0.001575,69.14,ETH-25JUL25-3500-C,2571.58,buy,1.0,1.0,,,,,,,1751854058.183
1477,ETH-256703033,1751854358222,1,0.0016,0.001611,68.83,ETH-25JUL25-3500-C,2575.95,buy,1.0,1.0,,,,,,,1751854358.222
1478,ETH-256703189,1751854530407,0,0.0017,0.001606,69.44,ETH-25JUL25-3500-C,2576.86,buy,20.0,20.0,,,,,,,1751854530.407
1479,ETH-256703365,1751854658609,1,0.0017,0.001625,69.28,ETH-25JUL25-3500-C,2579.18,buy,1.0,1.0,,,,,,,1751854658.609
1480,ETH-256703721,1751854958621,2,0.0016,0.001608,68.58,ETH-25JUL25-3500-C,2579.44,buy,1.0,1.0,,,,,,,1751854958.621
1481,ETH-256704057,1751855258667,3,0.0016,0.001606,68.44,ETH-25JUL25-3500-C,2581.76,buy,1.0,1.0,,,,,,,1751855258.667
1482,ETH-256704307,1751855558763,3,0.0016,0.00152,69.01,ETH-25JUL25-3500-C,2573.81,buy,1.0,1.0,,,,,,,1751855558.763
1483,ETH-256704804,1751856254926,0,0.0017,0.001576,69.15,ETH-25JUL25-3500-C,2581.05,buy,5.0,5.0,,,,,,,1751856254.926
1484,ETH-256704910,1751856615021,2,0.0016,0.001551,68.55,ETH-25JUL25-3500-C,2580.81,buy,1.0,1.0,,,,,,,1751856615.021
1485,ETH-256705055,1751856915040,3,0.0016,0.001531,68.73,ETH-25JUL25-3500-C,2578.27,buy,1.0,1.0,,,,,,,1751856915.04
1486,ETH-256705160,1751857215078,3,0.0016,0.001529,68.81,ETH-25JUL25-3500-C,2577.4,buy,1.0,1.0,,,,,,,1751857215.078
1487,ETH-256705575,1751858457092,2,0.0015,0.001518,68.12,ETH-25JUL25-3500-C,2576.85,buy,1.0,1.0,,,,,,,1751858457.092
1488,ETH-256705604,1751858574410,0,0.0016,0.001516,68.83,ETH-25JUL25-3500-C,2576.9,buy,24.0,24.0,,,,,,,1751858574.41
1489,ETH-256705860,1751858757144,1,0.0016,0.001559,68.62,ETH-25JUL25-3500-C,2580.07,buy,1.0,1.0,,,,,,,1751858757.144
1490,ETH-256706487,1751859057163,0,0.0017,0.001587,69.02,ETH-25JUL25-3500-C,2584.81,buy,1.0,1.0,,,,,,,1751859057.163
1491,ETH-256706601,1751859357224,2,0.0016,0.001568,68.45,ETH-25JUL25-3500-C,2583.09,buy,1.0,1.0,,,,,,,1751859357.224
1492,ETH-256707979,1751862104251,3,0.0016,0.001541,68.99,ETH-25JUL25-3500-C,2576.38,buy,1.0,1.0,,,,,,,1751862104.251
1493,ETH-256708068,1751862404289,3,0.0016,0.00152,69.19,ETH-25JUL25-3500-C,2574.09,buy,1.0,1.0,,,,,,,1751862404.289
1494,ETH-256708154,1751862704312,3,0.0016,0.001538,69.11,ETH-25JUL25-3500-C,2575.27,buy,1.0,1.0,,,,,,,1751862704.312
1495,ETH-256708259,1751863004345,3,0.0016,0.001535,69.12,ETH-25JUL25-3500-C,2575.11,buy,1.0,1.0,,,,,,,1751863004.345
1496,ETH-256708352,1751863304388,3,0.0016,0.001535,69.19,ETH-25JUL25-3500-C,2574.13,buy,1.0,1.0,,,,,,,1751863304.388
1497,ETH-256708491,1751863604421,3,0.0016,0.00153,69.37,ETH-25JUL25-3500-C,2571.8,buy,1.0,1.0,,,,,,,1751863604.421
1498,ETH-256708519,1751863652107,3,0.0016,0.001541,69.27,ETH-25JUL25-3500-C,2573.1,buy,20.0,20.0,,,,,,,1751863652.107
1499,ETH-256708529,1751863664488,3,0.0016,0.001549,69.24,ETH-25JUL25-3500-C,2573.41,buy,19.0,19.0,,,,,,,1751863664.488
1500,ETH-256708530,1751863732213,3,0.0016,0.001546,69.23,ETH-25JUL25-3500-C,2573.5,buy,19.0,19.0,,,,,,,1751863732.213
1501,ETH-256708586,1751863904453,3,0.0016,0.001542,69.25,ETH-25JUL25-3500-C,2573.25,buy,1.0,1.0,,,,,,,1751863904.453
1502,ETH-256708605,1751864204483,3,0.0016,0.001554,69.26,ETH-25JUL25-3500-C,2573.45,buy,1.0,1.0,,,,,,,1751864204.483
1503,ETH-256708642,1751864504503,3,0.0016,0.001562,69.18,ETH-25JUL25-3500-C,2574.53,buy,1.0,1.0,,,,,,,1751864504.503
1504,ETH-256708769,1751864804542,0,0.0017,0.001592,69.69,ETH-25JUL25-3500-C,2577.02,buy,1.0,1.0,,,,,,,1751864804.542
1505,ETH-256708892,1751865104581,2,0.0016,0.001582,69.12,ETH-25JUL25-3500-C,2575.66,buy,1.0,1.0,,,,,,,1751865104.581
1506,ETH-256708996,1751865404604,3,0.0016,0.001584,69.14,ETH-25JUL25-3500-C,2575.75,buy,1.0,1.0,,,,,,,1751865404.604
1507,ETH-256709109,1751865704623,3,0.0016,0.001556,69.38,ETH-25JUL25-3500-C,2572.88,buy,1.0,1.0,,,,,,,1751865704.623
1508,ETH-256709292,1751866159807,3,0.0016,0.001607,69.21,ETH-25JUL25-3500-C,2574.68,buy,1.0,1.0,,,,,,,1751866159.807
1509,ETH-256709507,1751866459824,3,0.0016,0.001555,69.58,ETH-25JUL25-3500-C,2570.09,buy,1.0,1.0,,,,,,,1751866459.824
1510,ETH-256709585,1751866759866,3,0.0016,0.001566,69.44,ETH-25JUL25-3500-C,2571.95,buy,1.0,1.0,,,,,,,1751866759.866
1511,ETH-256709699,1751867059887,3,0.0016,0.001573,69.32,ETH-25JUL25-3500-C,2573.68,buy,1.0,1.0,,,,,,,1751867059.887
1512,ETH-256709873,1751867359914,3,0.0016,0.001548,69.47,ETH-25JUL25-3500-C,2571.89,buy,1.0,1.0,,,,,,,1751867359.914
1513,ETH-256709915,1751867659965,3,0.0016,0.001534,69.6,ETH-25JUL25-3500-C,2570.48,buy,1.0,1.0,,,,,,,1751867659.965
1514,ETH-256710879,1751869465529,3,0.0016,0.001597,69.3,ETH-25JUL25-3500-C,2574.82,buy,1.0,1.0,,,,,,,1751869465.529
1515,ETH-256710901,1751869515225,3,0.0016,0.001606,69.25,ETH-25JUL25-3500-C,2575.7,sell,21.0,21.0,,,,,,,1751869515.225
1516,ETH-256710980,1751869765554,3,0.0016,0.001589,69.31,ETH-25JUL25-3500-C,2575.26,buy,1.0,1.0,,,,,,,1751869765.554
1517,ETH-256711081,1751870065589,3,0.0016,0.001562,69.43,ETH-25JUL25-3500-C,2573.75,buy,1.0,1.0,,,,,,,1751870065.589
1518,ETH-256711182,1751870365622,3,0.0016,0.001526,69.68,ETH-25JUL25-3500-C,2570.11,buy,1.0,1.0,,,,,,,1751870365.622
1519,ETH-256711332,1751870685932,2,0.0015,0.001502,69.24,ETH-25JUL25-3500-C,2566.75,buy,1.0,1.0,,,,,,,1751870685.932
1520,ETH-256711446,1751870985983,3,0.0015,0.001507,69.19,ETH-25JUL25-3500-C,2567.37,buy,1.0,1.0,,,,,,,1751870985.983
1521,ETH-256711512,1751871286009,3,0.0015,0.001492,69.29,ETH-25JUL25-3500-C,2566.35,buy,1.0,1.0,,,,,,,1751871286.009
1522,ETH-256711632,1751871586044,3,0.0015,0.001488,69.36,ETH-25JUL25-3500-C,2565.44,buy,1.0,1.0,,,,,,,1751871586.044
1523,ETH-256711850,1751871886089,3,0.0015,0.001493,69.34,ETH-25JUL25-3500-C,2565.58,buy,1.0,1.0,,,,,,,1751871886.089
1524,ETH-256712231,1751872186115,3,0.0015,0.001497,69.41,ETH-25JUL25-3500-C,2564.82,buy,1.0,1.0,,,,,,,1751872186.115
1525,ETH-256712364,1751872486143,3,0.0015,0.001531,69.04,ETH-25JUL25-3500-C,2569.9,buy,1.0,1.0,,,,,,,1751872486.143
1526,ETH-256712537,1751872814015,3,0.0015,0.001492,69.26,ETH-25JUL25-3500-C,2566.81,buy,1.0,1.0,,,,,,,1751872814.015
1527,ETH-256713747,1751874821632,0,0.0017,0.001647,69.85,ETH-25JUL25-3500-C,2578.07,buy,1.0,1.0,,,,,,,1751874821.632
1528,ETH-256713953,1751875121668,1,0.0017,0.001698,69.84,ETH-25JUL25-3500-C,2578.58,buy,1.0,1.0,,,,,,,1751875121.668
1529,ETH-256718029,1751879403096,0,0.0018,0.001698,70.54,ETH-25JUL25-3500-C,2579.6,buy,1.0,1.0,,,,,,,1751879403.096
1530,ETH-256718344,1751879818069,1,0.0018,0.001696,70.73,ETH-25JUL25-3500-C,2576.84,buy,1.0,1.0,,,,,,,1751879818.069
1531,ETH-256718701,1751880344816,2,0.0017,0.001713,70.12,ETH-25JUL25-3500-C,2576.1,sell,5.0,5.0,7.0,BLOCK-208928,,,,,1751880344.816
1532,ETH-256719217,1751880951558,0,0.0018,0.001732,70.84,ETH-25JUL25-3500-C,2575.81,buy,1.0,1.0,,,,,,,1751880951.558
1533,ETH-256720272,1751882412463,2,0.0017,0.001673,70.82,ETH-25JUL25-3500-C,2567.29,buy,1.0,1.0,,,,,,,1751882412.463
1534,ETH-256745189,1751900722668,2,0.0014,0.001433,71.6,ETH-25JUL25-3500-C,2532.72,sell,4.0,4.0,,,,,,,1751900722.668
1535,ETH-256745686,1751900889929,2,0.0012,0.001435,69.74,ETH-25JUL25-3500-C,2535.63,sell,1.0,1.0,,,,,,,1751900889.929
1536,ETH-256745687,1751900889929,3,0.0012,0.001435,69.74,ETH-25JUL25-3500-C,2535.63,sell,1.0,1.0,,,,,,,1751900889.929
1537,ETH-256745772,1751900954254,2,0.0011,0.001398,68.89,ETH-25JUL25-3500-C,2535.21,sell,2.0,2.0,,,,,,,1751900954.254
1538,ETH-256745783,1751900983810,3,0.0011,0.00141,68.78,ETH-25JUL25-3500-C,2536.83,sell,1.0,1.0,,,,,,,1751900983.81
1539,ETH-256746583,1751901996203,0,0.0013,0.001378,70.14,ETH-25JUL25-3500-C,2542.23,buy,1.0,1.0,,,,,,,1751901996.203
1540,ETH-256752631,1751906187859,0,0.0014,0.00134,71.72,ETH-25JUL25-3500-C,2533.28,buy,1.0,1.0,,,,,,,1751906187.859
1541,ETH-256773427,1751930069846,2,0.0013,0.001261,70.9,ETH-25JUL25-3500-C,2541.99,buy,1.0,1.0,,,,,,,1751930069.846
1542,ETH-256773431,1751930083363,0,0.0014,0.001259,71.72,ETH-25JUL25-3500-C,2541.7,buy,29.0,29.0,,,,,,,1751930083.363
1543,ETH-256773436,1751930102205,1,0.0014,0.001263,71.68,ETH-25JUL25-3500-C,2542.15,buy,16.0,16.0,,,,,,,1751930102.205
1544,ETH-256773440,1751930106053,1,0.0014,0.001268,71.64,ETH-25JUL25-3500-C,2542.68,buy,2.0,2.0,,,,,,,1751930106.053
1545,ETH-256773485,1751930369879,1,0.0014,0.001255,71.82,ETH-25JUL25-3500-C,2540.65,buy,1.0,1.0,,,,,,,1751930369.879
1546,ETH-256773548,1751930669915,1,0.0014,0.00126,71.85,ETH-25JUL25-3500-C,2540.39,buy,1.0,1.0,,,,,,,1751930669.915
1547,ETH-256773590,1751930969982,1,0.0014,0.001267,71.88,ETH-25JUL25-3500-C,2540.11,buy,1.0,1.0,,,,,,,1751930969.982
1548,ETH-256773673,1751931270006,1,0.0014,0.001309,71.53,ETH-25JUL25-3500-C,2544.65,buy,1.0,1.0,,,,,,,1751931270.006
1549,ETH-256773744,1751931570018,1,0.0014,0.001294,71.65,ETH-25JUL25-3500-C,2543.19,buy,1.0,1.0,,,,,,,1751931570.018
1550,ETH-256773785,1751931870057,1,0.0014,0.0013,71.6,ETH-25JUL25-3500-C,2544.08,buy,1.0,1.0,,,,,,,1751931870.057
1551,ETH-256773837,1751932170076,1,0.0014,0.001299,71.64,ETH-25JUL25-3500-C,2543.6,buy,1.0,1.0,,,,,,,1751932170.076
1552,ETH-256773865,1751932470092,1,0.0014,0.001301,71.67,ETH-25JUL25-3500-C,2543.22,buy,1.0,1.0,,,,,,,1751932470.092
1553,ETH-256774739,1751934164079,1,0.0014,0.001277,71.58,ETH-25JUL25-3500-C,2545.07,buy,20.0,20.0,,,,,,,1751934164.079
1554,ETH-256775689,1751934535833,1,0.0014,0.001319,71.16,ETH-25JUL25-3500-C,2550.9,buy,23.0,23.0,,,,,,,1751934535.833
1555,ETH-256781146,1751941048044,2,0.0013,0.001244,72.12,ETH-25JUL25-3500-C,2528.68,buy,1.0,1.0,,,,,,,1751941048.044
1556,ETH-256781848,1751941591613,3,0.0013,0.001296,71.58,ETH-25JUL25-3500-C,2535.7,buy,1.0,1.0,,,,,,,1751941591.613
1557,ETH-256781917,1751941891633,3,0.0013,0.001275,71.62,ETH-25JUL25-3500-C,2535.39,buy,1.0,1.0,,,,,,,1751941891.633
1558,ETH-256782671,1751942191751,3,0.0013,0.001255,71.73,ETH-25JUL25-3500-C,2533.9,buy,1.0,1.0,,,,,,,1751942191.751
1559,ETH-256782823,1751942491785,3,0.0013,0.001222,71.97,ETH-25JUL25-3500-C,2530.72,buy,1.0,1.0,,,,,,,1751942491.785
1560,ETH-256782966,1751942791817,3,0.0013,0.001218,72.18,ETH-25JUL25-3500-C,2528.06,buy,1.0,1.0,,,,,,,1751942791.817
1561,ETH-256783921,1751947273092,2,0.0012,0.001181,70.81,ETH-25JUL25-3500-C,2536.77,buy,1.0,1.0,,,,,,,1751947273.092
1562,ETH-256784033,1751947547664,0,0.0013,0.001161,71.76,ETH-25JUL25-3500-C,2535.56,buy,19.0,19.0,,,,,,,1751947547.664
1563,ETH-256784045,1751947573109,1,0.0013,0.00117,71.69,ETH-25JUL25-3500-C,2536.35,buy,1.0,1.0,,,,,,,1751947573.109
1564,ETH-256784080,1751947873128,1,0.0013,0.001171,71.72,ETH-25JUL25-3500-C,2536.04,buy,1.0,1.0,,,,,,,1751947873.128
1565,ETH-256784121,1751948173144,1,0.0013,0.001172,71.79,ETH-25JUL25-3500-C,2535.62,buy,1.0,1.0,,,,,,,1751948173.144
1566,ETH-256784210,1751948473196,2,0.0012,0.001159,71.07,ETH-25JUL25-3500-C,2534.14,buy,1.0,1.0,,,,,,,1751948473.196
1567,ETH-256784371,1751948773217,3,0.0012,0.001169,71.08,ETH-25JUL25-3500-C,2534.34,buy,1.0,1.0,,,,,,,1751948773.217
1568,ETH-256784591,1751949073237,3,0.0012,0.001173,70.7,ETH-25JUL25-3500-C,2539.26,buy,1.0,1.0,,,,,,,1751949073.237
1569,ETH-256784912,1751949373265,3,0.0012,0.001154,70.44,ETH-25JUL25-3500-C,2542.73,buy,1.0,1.0,,,,,,,1751949373.265
1570,ETH-256785031,1751949673317,3,0.0012,0.001147,70.47,ETH-25JUL25-3500-C,2542.67,buy,1.0,1.0,,,,,,,1751949673.317
1571,ETH-256785116,1751949998929,3,0.0012,0.001143,70.5,ETH-25JUL25-3500-C,2542.25,buy,1.0,1.0,,,,,,,1751949998.929
1572,ETH-256785178,1751950298960,3,0.0012,0.001135,70.6,ETH-25JUL25-3500-C,2541.2,buy,1.0,1.0,,,,,,,1751950298.96
1573,ETH-256785215,1751950598989,3,0.0012,0.001148,70.48,ETH-25JUL25-3500-C,2542.64,buy,1.0,1.0,,,,,,,1751950598.989
1574,ETH-256785318,1751950899019,3,0.0012,0.001153,70.41,ETH-25JUL25-3500-C,2544.08,buy,1.0,1.0,,,,,,,1751950899.019
1575,ETH-256785420,1751951199036,3,0.0012,0.001171,70.29,ETH-25JUL25-3500-C,2545.64,buy,1.0,1.0,,,,,,,1751951199.036
1576,ETH-256785579,1751951499064,3,0.0012,0.001149,70.44,ETH-25JUL25-3500-C,2543.81,buy,1.0,1.0,,,,,,,1751951499.064
1577,ETH-256785636,1751951799105,3,0.0012,0.001155,70.42,ETH-25JUL25-3500-C,2544.05,buy,1.0,1.0,,,,,,,1751951799.105
1578,ETH-256785736,1751952099125,3,0.0012,0.001162,70.36,ETH-25JUL25-3500-C,2544.87,buy,1.0,1.0,,,,,,,1751952099.125
1579,ETH-256785862,1751952399148,3,0.0012,0.001178,70.14,ETH-25JUL25-3500-C,2547.93,buy,1.0,1.0,,,,,,,1751952399.148
1580,ETH-256785911,1751952699169,3,0.0012,0.00116,70.2,ETH-25JUL25-3500-C,2547.33,buy,1.0,1.0,,,,,,,1751952699.169
1581,ETH-256785957,1751952999197,3,0.0012,0.001154,70.2,ETH-25JUL25-3500-C,2547.66,buy,1.0,1.0,,,,,,,1751952999.197
1582,ETH-256786068,1751953299220,3,0.0012,0.001165,70.12,ETH-25JUL25-3500-C,2548.91,buy,1.0,1.0,,,,,,,1751953299.22
1583,ETH-256786161,1751953599243,3,0.0012,0.001172,69.98,ETH-25JUL25-3500-C,2550.85,buy,1.0,1.0,,,,,,,1751953599.243
1584,ETH-256786298,1751953899271,3,0.0012,0.001166,69.96,ETH-25JUL25-3500-C,2551.21,buy,1.0,1.0,,,,,,,1751953899.271
1585,ETH-256786380,1751954199288,3,0.0012,0.001163,69.95,ETH-25JUL25-3500-C,2551.69,buy,1.0,1.0,,,,,,,1751954199.288
1586,ETH-256786491,1751954499325,3,0.0012,0.001159,69.99,ETH-25JUL25-3500-C,2551.37,buy,1.0,1.0,,,,,,,1751954499.325
1587,ETH-256786666,1751954799367,3,0.0012,0.001173,69.84,ETH-25JUL25-3500-C,2553.2,buy,1.0,1.0,,,,,,,1751954799.367
1588,ETH-256788083,1751957700531,3,0.0012,0.001189,69.47,ETH-25JUL25-3500-C,2559.4,buy,1.0,1.0,,,,,,,1751957700.531
1589,ETH-256788197,1751958000599,3,0.0012,0.001191,69.49,ETH-25JUL25-3500-C,2558.87,buy,1.0,1.0,,,,,,,1751958000.599
1590,ETH-256788358,1751958300637,3,0.0012,0.001178,69.64,ETH-25JUL25-3500-C,2557.22,buy,1.0,1.0,,,,,,,1751958300.637
1591,ETH-256788457,1751958600657,3,0.0012,0.00117,69.81,ETH-25JUL25-3500-C,2554.84,buy,1.0,1.0,,,,,,,1751958600.657
1592,ETH-256804520,1751981982267,3,0.0012,0.001257,69.06,ETH-25JUL25-3500-C,2572.08,sell,5.0,5.0,,,,,,,1751981982.267
1593,ETH-256811820,1751987870923,0,0.0013,0.00127,70.2,ETH-25JUL25-3500-C,2569.39,buy,1.0,1.0,,,,,,,1751987870.923
1594,ETH-256815502,1751993121606,1,0.0013,0.001228,69.96,ETH-25JUL25-3500-C,2575.08,buy,1.0,1.0,,,,,,,1751993121.606
1595,ETH-256817891,1751994478873,1,0.0013,0.001385,68.09,ETH-25JUL25-3500-C,2600.64,buy,3.0,3.0,,,,,,,1751994478.873
1596,ETH-256823936,1751996464823,0,0.0016,0.001573,69.77,ETH-25JUL25-3500-C,2608.45,sell,1.0,1.0,,,,,,,1751996464.823
1597,ETH-256834716,1752006196773,1,0.0016,0.001527,69.93,ETH-25JUL25-3500-C,2608.95,buy,1.0,1.0,,,,,,,1752006196.773
1598,ETH-256836715,1752010208899,1,0.0016,0.001519,70.05,ETH-25JUL25-3500-C,2608.56,buy,1.0,1.0,,,,,,,1752010208.899
1599,ETH-256840310,1752016788646,0,0.0018,0.001925,71.02,ETH-25JUL25-3500-C,2615.67,buy,1.0,1.0,,,,,,,1752016788.646
1600,ETH-256842909,1752022453018,0,0.0019,0.001942,71.94,ETH-25JUL25-3500-C,2613.3,buy,1.0,1.0,,,,,,,1752022453.018
1602,ETH-256843880,1752023215260,1,0.002,0.002085,71.75,ETH-25JUL25-3500-C,2624.28,buy,1.0,1.0,,,,,,,1752023215.26
1601,ETH-256843879,1752023215260,0,0.002,0.002085,71.75,ETH-25JUL25-3500-C,2624.28,buy,1.0,1.0,,,,,,,1752023215.26
1603,ETH-256854621,1752039557129,0,0.0021,0.002149,72.05,ETH-25JUL25-3500-C,2634.54,buy,1.0,1.0,,,,,,,1752039557.129
1604,ETH-256854897,1752039559788,0,0.0022,0.002162,71.96,ETH-25JUL25-3500-C,2642.83,buy,42.0,42.0,,,,,,,1752039559.788
1605,ETH-256860061,1752044370065,2,0.0021,0.0021,72.36,ETH-25JUL25-3500-C,2632.0,sell,25.0,25.0,,,,,,,1752044370.065
1606,ETH-256860100,1752044462815,3,0.0021,0.002107,72.32,ETH-25JUL25-3500-C,2632.44,sell,20.0,20.0,,,,,,,1752044462.815
1607,ETH-256868359,1752053223863,2,0.0018,0.001753,72.35,ETH-25JUL25-3500-C,2611.23,buy,1.0,1.0,,,,,,,1752053223.863
1608,ETH-256868386,1752053265589,0,0.0019,0.001757,72.99,ETH-25JUL25-3500-C,2611.61,buy,2.0,2.0,,,,,,,1752053265.589
1609,ETH-256868686,1752054357848,1,0.0019,0.001756,72.96,ETH-25JUL25-3500-C,2612.35,buy,1.0,1.0,,,,,,,1752054357.848
1610,ETH-256868687,1752054357852,1,0.0019,0.001756,72.96,ETH-25JUL25-3500-C,2612.35,sell,4.0,4.0,,,,,,,1752054357.852
1611,ETH-256884291,1752066053905,0,0.0023,0.0025,71.69,ETH-25JUL25-3500-C,2661.3,sell,10.0,10.0,,,,,,,1752066053.905
1612,ETH-256917426,1752084909243,0,0.0033,0.003288,72.91,ETH-25JUL25-3500-C,2713.73,buy,1.0,1.0,,,,,,,1752084909.243
1613,ETH-256922011,1752087160530,2,0.0032,0.003114,72.39,ETH-25JUL25-3500-C,2714.91,buy,1.0,1.0,,,,,,,1752087160.53
1614,ETH-256925098,1752088787689,0,0.0033,0.003311,71.1,ETH-25JUL25-3500-C,2736.27,buy,1.0,1.0,,,,,,,1752088787.689
1615,ETH-256925099,1752088787695,1,0.0033,0.003311,71.1,ETH-25JUL25-3500-C,2736.27,buy,13.0,13.0,,,,,,,1752088787.695
1616,ETH-256925118,1752088791662,1,0.0033,0.003301,71.06,ETH-25JUL25-3500-C,2736.66,buy,13.0,13.0,,,,,,,1752088791.662
1617,ETH-256925166,1752088799190,1,0.0033,0.003296,71.06,ETH-25JUL25-3500-C,2736.58,buy,72.0,72.0,,,,,,,1752088799.19
1618,ETH-256930836,1752089975303,0,0.0037,0.003587,72.25,ETH-25JUL25-3500-C,2742.61,buy,1.0,1.0,,,,,,,1752089975.303
1619,ETH-256932060,1752090068758,0,0.0039,0.003845,71.89,ETH-25JUL25-3500-C,2755.84,sell,2.0,2.0,,,,,,,1752090068.758
1620,ETH-256938342,1752090797891,0,0.0042,0.004422,70.36,ETH-25JUL25-3500-C,2787.15,sell,12.0,12.0,,,,,,,1752090797.891
1621,ETH-256938370,1752090798153,1,0.0042,0.004422,70.36,ETH-25JUL25-3500-C,2787.15,sell,1.0,1.0,,,,,,,1752090798.153
1622,ETH-256938371,1752090798164,1,0.0042,0.004422,70.36,ETH-25JUL25-3500-C,2787.15,sell,11.0,11.0,,,,,,,1752090798.164
1623,ETH-256940167,1752090928037,0,0.0045,0.004405,71.21,ETH-25JUL25-3500-C,2790.03,buy,1.0,1.0,,,,,,,1752090928.037
1624,ETH-256945629,1752091593310,2,0.0038,0.003633,71.67,ETH-25JUL25-3500-C,2754.39,buy,1.0,1.0,,,,,,,1752091593.31
1625,ETH-256945630,1752091593315,3,0.0038,0.003633,71.67,ETH-25JUL25-3500-C,2754.39,sell,9.0,9.0,,,,,,,1752091593.315
1626,ETH-256946521,1752091783836,2,0.0036,0.003406,71.62,ETH-25JUL25-3500-C,2745.46,buy,75.0,75.0,,,,,,,1752091783.836
1627,ETH-256947120,1752091893326,2,0.0035,0.00347,70.69,ETH-25JUL25-3500-C,2751.65,buy,1.0,1.0,,,,,,,1752091893.326
1628,ETH-256947763,1752092050373,2,0.0033,0.00341,69.97,ETH-25JUL25-3500-C,2750.39,sell,26.0,26.0,,,,,,,1752092050.373
1629,ETH-256948280,1752092274635,0,0.0035,0.00355,70.08,ETH-25JUL25-3500-C,2758.97,buy,1.0,1.0,,,,,,,1752092274.635
1630,ETH-256949024,1752092709486,2,0.0032,0.003278,70.0,ETH-25JUL25-3500-C,2744.8,buy,1.0,1.0,,,,,,,1752092709.486
1631,ETH-256949676,1752093099672,3,0.0032,0.003204,69.94,ETH-25JUL25-3500-C,2745.09,buy,1.0,1.0,,,,,,,1752093099.672
1632,ETH-256951113,1752093568442,3,0.0032,0.003124,70.78,ETH-25JUL25-3500-C,2735.96,buy,1.0,1.0,,,,,,,1752093568.442
1633,ETH-256951749,1752093868480,3,0.0032,0.003189,70.72,ETH-25JUL25-3500-C,2736.28,buy,1.0,1.0,,,,,,,1752093868.48
1634,ETH-256954479,1752095854397,0,0.0033,0.003332,70.39,ETH-25JUL25-3500-C,2746.04,buy,1.0,1.0,,,,,,,1752095854.397
1635,ETH-256954619,1752096047020,0,0.0034,0.003426,70.38,ETH-25JUL25-3500-C,2750.91,buy,1.0,1.0,,,,,,,1752096047.02
1636,ETH-256956915,1752098533805,0,0.0037,0.003621,70.93,ETH-25JUL25-3500-C,2759.53,buy,1.0,1.0,,,,,,,1752098533.805
1637,ETH-256958586,1752099153273,0,0.0041,0.003984,71.27,ETH-25JUL25-3500-C,2774.16,buy,1.0,1.0,,,,,,,1752099153.273
1638,ETH-256967909,1752102976654,1,0.0041,0.00431,71.23,ETH-25JUL25-3500-C,2774.89,sell,1.0,1.0,,,,,,,1752102976.654
1639,ETH-256972836,1752107764853,2,0.0039,0.00382,71.87,ETH-25JUL25-3500-C,2761.54,buy,1.0,1.0,,,,,,,1752107764.853
1640,ETH-256972837,1752107764856,3,0.0039,0.00382,71.87,ETH-25JUL25-3500-C,2761.54,sell,6.0,6.0,,,,,,,1752107764.856
1641,ETH-256973222,1752108092570,2,0.0038,0.003788,71.6,ETH-25JUL25-3500-C,2759.93,buy,1.0,1.0,,,,,,,1752108092.57
1642,ETH-256973531,1752108392624,0,0.0039,0.003876,71.56,ETH-25JUL25-3500-C,2765.25,buy,1.0,1.0,,,,,,,1752108392.624
1643,ETH-256974376,1752109306176,2,0.0037,0.003705,71.45,ETH-25JUL25-3500-C,2757.83,buy,1.0,1.0,,,,,,,1752109306.176
1644,ETH-256975099,1752110051583,2,0.0035,0.003701,69.96,ETH-25JUL25-3500-C,2766.26,sell,10.0,10.0,,,,,,,1752110051.583
1645,ETH-256975603,1752110474174,0,0.0037,0.003706,70.41,ETH-25JUL25-3500-C,2770.87,buy,1.0,1.0,,,,,,,1752110474.174
1646,ETH-256976226,1752111248276,1,0.0037,0.003694,70.25,ETH-25JUL25-3500-C,2772.76,buy,1.0,1.0,,,,,,,1752111248.276
1647,ETH-256976772,1752112053512,0,0.0038,0.003665,70.73,ETH-25JUL25-3500-C,2772.24,buy,1.0,1.0,,,,,,,1752112053.512
1648,ETH-256982420,1752114991913,0,0.0045,0.004364,72.71,ETH-25JUL25-3500-C,2780.01,buy,1.0,1.0,,,,,,,1752114991.913
1649,ETH-256982426,1752115002714,2,0.0043,0.004365,71.99,ETH-25JUL25-3500-C,2779.93,sell,24.0,24.0,,,,,,,1752115002.714
1650,ETH-256982787,1752115291938,0,0.0045,0.0044,72.52,ETH-25JUL25-3500-C,2782.4,buy,1.0,1.0,,,,,,,1752115291.938
1651,ETH-256982902,1752115488486,1,0.0045,0.004375,72.66,ETH-25JUL25-3500-C,2780.81,buy,1.0,1.0,,,,,,,1752115488.486
1652,ETH-256982911,1752115501605,1,0.0045,0.004373,72.68,ETH-25JUL25-3500-C,2780.65,buy,1.0,1.0,,,,,,,1752115501.605
1653,ETH-256982928,1752115527377,1,0.0045,0.004357,72.7,ETH-25JUL25-3500-C,2780.45,buy,2.0,2.0,,,,,,,1752115527.377
1654,ETH-256983043,1752115569560,1,0.0045,0.004374,72.64,ETH-25JUL25-3500-C,2781.0,buy,1.0,1.0,,,,,,,1752115569.56
1655,ETH-256983061,1752115591983,1,0.0045,0.004389,72.58,ETH-25JUL25-3500-C,2781.49,buy,1.0,1.0,,,,,,,1752115591.983
1656,ETH-256983073,1752115603755,1,0.0045,0.004382,72.59,ETH-25JUL25-3500-C,2781.4,buy,1.0,1.0,,,,,,,1752115603.755
1657,ETH-256983079,1752115620828,1,0.0045,0.004382,72.6,ETH-25JUL25-3500-C,2781.27,buy,1.0,1.0,,,,,,,1752115620.828
1658,ETH-256983093,1752115630863,1,0.0045,0.004389,72.58,ETH-25JUL25-3500-C,2781.54,buy,1.0,1.0,,,,,,,1752115630.863
1659,ETH-256983108,1752115645043,1,0.0045,0.004389,72.57,ETH-25JUL25-3500-C,2781.56,buy,1.0,1.0,,,,,,,1752115645.043
1660,ETH-256983342,1752115892003,1,0.0045,0.004381,72.56,ETH-25JUL25-3500-C,2782.14,buy,1.0,1.0,,,,,,,1752115892.003
1661,ETH-256983567,1752116192042,1,0.0045,0.004381,72.57,ETH-25JUL25-3500-C,2782.19,buy,1.0,1.0,,,,,,,1752116192.042
1662,ETH-256984816,1752117291614,1,0.0045,0.004411,72.42,ETH-25JUL25-3500-C,2784.28,buy,1.0,1.0,,,,,,,1752117291.614
1663,ETH-256985157,1752117591637,1,0.0045,0.004406,72.4,ETH-25JUL25-3500-C,2784.53,buy,1.0,1.0,,,,,,,1752117591.637
1664,ETH-256986131,1752118432282,2,0.0043,0.004206,72.73,ETH-25JUL25-3500-C,2772.86,buy,1.0,1.0,,,,,,,1752118432.282
1665,ETH-256986297,1752118738989,3,0.0043,0.00424,72.55,ETH-25JUL25-3500-C,2775.15,buy,1.0,1.0,,,,,,,1752118738.989
1666,ETH-256986492,1752119039009,3,0.0043,0.004211,72.66,ETH-25JUL25-3500-C,2773.8,buy,1.0,1.0,,,,,,,1752119039.009
1667,ETH-256986772,1752119339036,3,0.0043,0.004217,72.62,ETH-25JUL25-3500-C,2774.27,buy,1.0,1.0,,,,,,,1752119339.036
1668,ETH-256986862,1752119503486,0,0.0044,0.004277,72.74,ETH-25JUL25-3500-C,2776.68,buy,1.0,1.0,,,,,,,1752119503.486
1669,ETH-256986865,1752119520716,1,0.0044,0.004279,72.72,ETH-25JUL25-3500-C,2776.76,buy,1.0,1.0,,,,,,,1752119520.716
1670,ETH-256986869,1752119532411,1,0.0044,0.004275,72.73,ETH-25JUL25-3500-C,2776.66,buy,1.0,1.0,,,,,,,1752119532.411
1671,ETH-256986878,1752119543124,1,0.0044,0.004273,72.76,ETH-25JUL25-3500-C,2776.45,buy,1.0,1.0,,,,,,,1752119543.124
1672,ETH-256986884,1752119560254,1,0.0044,0.004264,72.77,ETH-25JUL25-3500-C,2776.33,buy,1.0,1.0,,,,,,,1752119560.254
1673,ETH-256986887,1752119573454,1,0.0044,0.004265,72.77,ETH-25JUL25-3500-C,2776.37,buy,1.0,1.0,,,,,,,1752119573.454
1674,ETH-256986913,1752119639059,2,0.0043,0.004235,72.51,ETH-25JUL25-3500-C,2775.56,buy,1.0,1.0,,,,,,,1752119639.059
1675,ETH-256987014,1752119799438,0,0.0044,0.004266,72.71,ETH-25JUL25-3500-C,2777.12,buy,1.0,1.0,,,,,,,1752119799.438
1676,ETH-256987018,1752119813019,1,0.0044,0.004274,72.69,ETH-25JUL25-3500-C,2777.29,buy,3.0,3.0,,,,,,,1752119813.019
1677,ETH-256987069,1752119939075,2,0.0043,0.004267,72.33,ETH-25JUL25-3500-C,2777.29,buy,1.0,1.0,,,,,,,1752119939.075
1678,ETH-256987073,1752119950198,0,0.0044,0.004269,72.7,ETH-25JUL25-3500-C,2777.26,buy,1.0,1.0,,,,,,,1752119950.198
1679,ETH-256987076,1752119967304,1,0.0044,0.00427,72.69,ETH-25JUL25-3500-C,2777.3,buy,1.0,1.0,,,,,,,1752119967.304
1680,ETH-256987081,1752119979492,1,0.0044,0.004272,72.68,ETH-25JUL25-3500-C,2777.43,buy,1.0,1.0,,,,,,,1752119979.492
1681,ETH-256987094,1752119991368,1,0.0044,0.004276,72.67,ETH-25JUL25-3500-C,2777.53,buy,1.0,1.0,,,,,,,1752119991.368
1682,ETH-256987112,1752120011935,1,0.0044,0.004252,72.77,ETH-25JUL25-3500-C,2776.47,buy,1.0,1.0,,,,,,,1752120011.935
1683,ETH-256987114,1752120025497,1,0.0044,0.004249,72.77,ETH-25JUL25-3500-C,2776.46,buy,1.0,1.0,,,,,,,1752120025.497
1684,ETH-256987122,1752120035620,1,0.0044,0.004248,72.78,ETH-25JUL25-3500-C,2776.41,buy,1.0,1.0,,,,,,,1752120035.62
1685,ETH-256987294,1752120200387,2,0.0041,0.004197,71.88,ETH-25JUL25-3500-C,2774.45,sell,1.0,1.0,,,,,,,1752120200.387
1686,ETH-256987311,1752120239112,0,0.0043,0.00418,72.67,ETH-25JUL25-3500-C,2773.98,buy,1.0,1.0,,,,,,,1752120239.112
1687,ETH-256987508,1752120478937,2,0.0039,0.004102,71.43,ETH-25JUL25-3500-C,2770.74,sell,5.0,5.0,,,,,,,1752120478.937
1688,ETH-256987556,1752120539168,0,0.0042,0.004087,72.62,ETH-25JUL25-3500-C,2770.26,buy,1.0,1.0,,,,,,,1752120539.168
1689,ETH-256987763,1752120839196,1,0.0042,0.004052,72.78,ETH-25JUL25-3500-C,2768.33,buy,1.0,1.0,,,,,,,1752120839.196
1690,ETH-256988899,1752122691885,0,0.0043,0.004163,72.21,ETH-25JUL25-3500-C,2779.39,buy,1.0,1.0,,,,,,,1752122691.885
1691,ETH-256989233,1752123130654,0,0.0044,0.004201,72.48,ETH-25JUL25-3500-C,2780.79,buy,19.0,19.0,,,,,,,1752123130.654
1692,ETH-256989235,1752123140717,1,0.0044,0.004204,72.49,ETH-25JUL25-3500-C,2780.73,buy,1.0,1.0,,,,,,,1752123140.717
1693,ETH-256989796,1752123859843,2,0.0043,0.004208,72.2,ETH-25JUL25-3500-C,2780.64,buy,1.0,1.0,,,,,,,1752123859.843
1694,ETH-256989826,1752123916724,3,0.0043,0.004179,72.3,ETH-25JUL25-3500-C,2779.65,buy,1.0,1.0,,,,,,,1752123916.724
1695,ETH-256989839,1752123944257,3,0.0043,0.004186,72.28,ETH-25JUL25-3500-C,2779.93,buy,1.0,1.0,,,,,,,1752123944.257
1696,ETH-256989843,1752123954302,3,0.0043,0.004178,72.32,ETH-25JUL25-3500-C,2779.55,buy,1.0,1.0,,,,,,,1752123954.302
1697,ETH-256989847,1752123964835,3,0.0043,0.00417,72.35,ETH-25JUL25-3500-C,2779.29,buy,1.0,1.0,,,,,,,1752123964.835
1698,ETH-256989976,1752124159879,2,0.0042,0.004124,72.12,ETH-25JUL25-3500-C,2777.63,buy,1.0,1.0,,,,,,,1752124159.879
1699,ETH-256990099,1752124459916,3,0.0042,0.004106,72.17,ETH-25JUL25-3500-C,2777.1,buy,1.0,1.0,,,,,,,1752124459.916
1700,ETH-256990118,1752124483646,3,0.0042,0.004082,72.23,ETH-25JUL25-3500-C,2776.47,buy,1.0,1.0,,,,,,,1752124483.646
1701,ETH-256990120,1752124494559,3,0.0042,0.004082,72.23,ETH-25JUL25-3500-C,2776.44,buy,1.0,1.0,,,,,,,1752124494.559
1702,ETH-256990333,1752124759955,2,0.0041,0.004115,71.7,ETH-25JUL25-3500-C,2778.0,buy,1.0,1.0,,,,,,,1752124759.955
1703,ETH-256991086,1752126019106,0,0.0042,0.004068,72.06,ETH-25JUL25-3500-C,2778.57,buy,1.0,1.0,,,,,,,1752126019.106
1704,ETH-256991087,1752126019108,1,0.0042,0.004068,72.06,ETH-25JUL25-3500-C,2778.57,sell,9.0,9.0,,,,,,,1752126019.108
1705,ETH-256991145,1752126171186,1,0.0042,0.00407,72.07,ETH-25JUL25-3500-C,2778.46,buy,1.0,1.0,,,,,,,1752126171.186
1706,ETH-256991190,1752126284051,1,0.0042,0.004053,72.17,ETH-25JUL25-3500-C,2777.42,buy,1.0,1.0,,,,,,,1752126284.051
1707,ETH-256991195,1752126295742,1,0.0042,0.00405,72.18,ETH-25JUL25-3500-C,2777.36,buy,1.0,1.0,,,,,,,1752126295.742
1708,ETH-256991198,1752126306424,1,0.0042,0.004049,72.18,ETH-25JUL25-3500-C,2777.35,buy,1.0,1.0,,,,,,,1752126306.424
1709,ETH-256991211,1752126318942,1,0.0042,0.004045,72.2,ETH-25JUL25-3500-C,2777.23,buy,1.0,1.0,,,,,,,1752126318.942
1710,ETH-256991212,1752126319127,1,0.0042,0.004045,72.2,ETH-25JUL25-3500-C,2777.23,buy,1.0,1.0,,,,,,,1752126319.127
1711,ETH-256991224,1752126330378,1,0.0042,0.004043,72.2,ETH-25JUL25-3500-C,2777.22,buy,1.0,1.0,,,,,,,1752126330.378
1712,ETH-256991529,1752126619160,1,0.0042,0.004114,71.99,ETH-25JUL25-3500-C,2779.37,buy,1.0,1.0,,,,,,,1752126619.16
1713,ETH-256991944,1752126799886,0,0.0044,0.004265,72.17,ETH-25JUL25-3500-C,2785.55,buy,19.0,19.0,,,,,,,1752126799.886
1714,ETH-256992097,1752126919219,0,0.0045,0.004249,72.68,ETH-25JUL25-3500-C,2784.15,buy,1.0,1.0,,,,,,,1752126919.219
1715,ETH-256992405,1752127219237,1,0.0045,0.004335,72.73,ETH-25JUL25-3500-C,2783.53,buy,1.0,1.0,,,,,,,1752127219.237
1716,ETH-256992732,1752127519258,1,0.0045,0.004372,72.65,ETH-25JUL25-3500-C,2784.15,buy,1.0,1.0,,,,,,,1752127519.258
1717,ETH-256993012,1752127819274,2,0.0044,0.004334,72.46,ETH-25JUL25-3500-C,2782.19,buy,1.0,1.0,,,,,,,1752127819.274
1718,ETH-256993426,1752128119295,0,0.0045,0.004483,72.26,ETH-25JUL25-3500-C,2788.86,buy,1.0,1.0,,,,,,,1752128119.295
1719,ETH-256993863,1752128557177,1,0.0045,0.004495,72.32,ETH-25JUL25-3500-C,2788.39,buy,1.0,1.0,,,,,,,1752128557.177
1720,ETH-256995692,1752129899513,0,0.0047,0.004671,73.06,ETH-25JUL25-3500-C,2788.69,buy,1.0,1.0,,,,,,,1752129899.513
1721,ETH-256996155,1752130351401,0,0.0048,0.004813,72.75,ETH-25JUL25-3500-C,2796.15,buy,1.0,1.0,,,,,,,1752130351.401
1722,ETH-256996990,1752131003544,1,0.0048,0.004782,72.58,ETH-25JUL25-3500-C,2798.54,buy,1.0,1.0,,,,,,,1752131003.544
1723,ETH-256999240,1752131410087,0,0.0049,0.005018,71.69,ETH-25JUL25-3500-C,2812.87,buy,1.0,1.0,,,,,,,1752131410.087
1724,ETH-257001705,1752131915717,0,0.005,0.005083,71.05,ETH-25JUL25-3500-C,2823.48,buy,10.0,10.0,,,,,,,1752131915.717
1725,ETH-257002169,1752131950159,1,0.005,0.005035,71.33,ETH-25JUL25-3500-C,2820.4,buy,1.0,1.0,,,,,,,1752131950.159
1726,ETH-257002483,1752131966851,1,0.005,0.004879,71.89,ETH-25JUL25-3500-C,2814.22,buy,8.0,8.0,,,,,,,1752131966.851
1727,ETH-257002856,1752132027979,1,0.005,0.004829,72.04,ETH-25JUL25-3500-C,2812.74,buy,19.0,19.0,,,,,,,1752132027.979
1728,ETH-257003363,1752132254966,2,0.0049,0.004803,71.94,ETH-25JUL25-3500-C,2809.9,buy,1.0,1.0,,,,,,,1752132254.966
1729,ETH-257003862,1752132555022,2,0.0048,0.004743,71.9,ETH-25JUL25-3500-C,2806.68,buy,1.0,1.0,,,,,,,1752132555.022
1730,ETH-257004287,1752132653774,0,0.0049,0.004895,71.69,ETH-25JUL25-3500-C,2812.83,buy,29.0,29.0,,,,,,,1752132653.774
1731,ETH-257004946,1752132906178,1,0.0049,0.004908,71.7,ETH-25JUL25-3500-C,2812.71,buy,1.0,1.0,,,,,,,1752132906.178
1732,ETH-257005200,1752133045999,2,0.0048,0.004757,71.87,ETH-25JUL25-3500-C,2807.02,buy,1.0,1.0,,,,,,,1752133045.999
1733,ETH-257005692,1752133206199,3,0.0048,0.004704,72.01,ETH-25JUL25-3500-C,2805.3,buy,1.0,1.0,,,,,,,1752133206.199
1734,ETH-257007045,1752133513005,2,0.0045,0.004472,71.96,ETH-25JUL25-3500-C,2794.26,buy,1.0,1.0,,,,,,,1752133513.005
1735,ETH-257007637,1752133813546,3,0.0045,0.004343,72.42,ETH-25JUL25-3500-C,2789.03,buy,1.0,1.0,,,,,,,1752133813.546
1736,ETH-257013845,1752137535736,2,0.0044,0.004348,72.26,ETH-25JUL25-3500-C,2787.81,buy,1.0,1.0,,,,,,,1752137535.736
1737,ETH-257013890,1752137556821,0,0.0045,0.004371,72.49,ETH-25JUL25-3500-C,2789.19,buy,21.0,21.0,,,,,,,1752137556.821
1738,ETH-257014269,1752137842963,1,0.0045,0.004374,72.53,ETH-25JUL25-3500-C,2789.39,buy,1.0,1.0,,,,,,,1752137842.963
1739,ETH-257014507,1752138143028,1,0.0045,0.004397,72.41,ETH-25JUL25-3500-C,2790.56,buy,1.0,1.0,,,,,,,1752138143.028
1740,ETH-257018384,1752142059048,2,0.0043,0.004212,73.1,ETH-25JUL25-3500-C,2775.7,sell,1.0,1.0,,,,,,,1752142059.048
1741,ETH-257018751,1752142427741,2,0.0041,0.004179,72.48,ETH-25JUL25-3500-C,2774.5,sell,5.0,5.0,,,,,,,1752142427.741
1742,ETH-257022275,1752147348816,2,0.0039,0.004035,71.51,ETH-25JUL25-3500-C,2778.76,sell,10.0,10.0,,,,,,,1752147348.816
1743,ETH-257029563,1752154424949,3,0.0039,0.0038,71.49,ETH-25JUL25-3500-C,2781.74,buy,1.0,1.0,,,,,,,1752154424.949
1744,ETH-257030252,1752154724971,3,0.0039,0.003806,71.63,ETH-25JUL25-3500-C,2780.31,buy,1.0,1.0,,,,,,,1752154724.971
1745,ETH-257031197,1752155150582,0,0.004,0.004086,70.79,ETH-25JUL25-3500-C,2794.56,buy,133.0,133.0,,,,,,,1752155150.582
1746,ETH-257031198,1752155150586,1,0.004,0.004086,70.79,ETH-25JUL25-3500-C,2794.56,buy,1.0,1.0,,,,,,,1752155150.586
1747,ETH-257031202,1752155150741,1,0.004,0.004086,70.79,ETH-25JUL25-3500-C,2794.56,buy,2.0,2.0,,,,,,,1752155150.741
1748,ETH-257031203,1752155150749,1,0.004,0.004086,70.79,ETH-25JUL25-3500-C,2794.56,buy,1.0,1.0,,,,,,,1752155150.749
1749,ETH-257031204,1752155150787,1,0.004,0.004086,70.79,ETH-25JUL25-3500-C,2794.56,buy,1.0,1.0,,,,,,,1752155150.787
1750,ETH-257031205,1752155150793,1,0.004,0.004086,70.79,ETH-25JUL25-3500-C,2794.56,buy,1.0,1.0,,,,,,,1752155150.793
1751,ETH-257031206,1752155150801,1,0.004,0.004086,70.79,ETH-25JUL25-3500-C,2794.56,buy,1.0,1.0,,,,,,,1752155150.801
1752,ETH-257031435,1752155225769,2,0.0039,0.00379,71.46,ETH-25JUL25-3500-C,2782.7,buy,1.0,1.0,,,,,,,1752155225.769
1753,ETH-257032332,1752155526250,3,0.0039,0.003765,71.62,ETH-25JUL25-3500-C,2781.05,buy,1.0,1.0,,,,,,,1752155526.25
1754,ETH-257032937,1752155943975,3,0.0039,0.003783,71.63,ETH-25JUL25-3500-C,2781.12,buy,1.0,1.0,,,,,,,1752155943.975
1755,ETH-257033565,1752156175176,3,0.0039,0.003726,71.81,ETH-25JUL25-3500-C,2779.04,buy,21.0,21.0,,,,,,,1752156175.176
1756,ETH-257033933,1752156485740,3,0.0039,0.003814,71.54,ETH-25JUL25-3500-C,2782.34,buy,1.0,1.0,,,,,,,1752156485.74
1757,ETH-257035391,1752157504788,3,0.0039,0.003761,71.75,ETH-25JUL25-3500-C,2780.99,buy,1.0,1.0,,,,,,,1752157504.788
1758,ETH-257038912,1752159028369,2,0.0038,0.003749,71.73,ETH-25JUL25-3500-C,2776.32,buy,19.0,19.0,,,,,,,1752159028.369
1759,ETH-257039080,1752159111150,3,0.0038,0.003754,71.7,ETH-25JUL25-3500-C,2777.31,buy,1.0,1.0,,,,,,,1752159111.15
1760,ETH-257040160,1752160211899,3,0.0038,0.003717,71.97,ETH-25JUL25-3500-C,2775.0,buy,1.0,1.0,,,,,,,1752160211.899
1761,ETH-257040623,1752160544249,2,0.0037,0.003608,72.25,ETH-25JUL25-3500-C,2767.09,buy,1.0,1.0,,,,,,,1752160544.249
1762,ETH-257040847,1752160844264,0,0.0038,0.003729,72.12,ETH-25JUL25-3500-C,2773.66,buy,1.0,1.0,,,,,,,1752160844.264
1763,ETH-257041025,1752161237451,1,0.0038,0.003763,71.97,ETH-25JUL25-3500-C,2775.07,buy,1.0,1.0,,,,,,,1752161237.451
1764,ETH-257041223,1752161470274,1,0.0038,0.003759,71.95,ETH-25JUL25-3500-C,2775.6,buy,20.0,20.0,,,,,,,1752161470.274
1765,ETH-257041562,1752161961287,2,0.0037,0.003614,72.19,ETH-25JUL25-3500-C,2768.66,buy,1.0,1.0,,,,,,,1752161961.287
1766,ETH-257043013,1752163510987,0,0.0038,0.003713,72.32,ETH-25JUL25-3500-C,2772.14,buy,1.0,1.0,,,,,,,1752163510.987
1767,ETH-257043696,1752163977329,0,0.0039,0.003889,71.88,ETH-25JUL25-3500-C,2781.84,buy,1.0,1.0,,,,,,,1752163977.329
1768,ETH-257045017,1752164457785,1,0.0039,0.003852,71.87,ETH-25JUL25-3500-C,2781.97,buy,1.0,1.0,,,,,,,1752164457.785
1769,ETH-257046589,1752164798496,0,0.004,0.004023,70.69,ETH-25JUL25-3500-C,2799.78,buy,12.0,12.0,,,,,,,1752164798.496
1770,ETH-257046607,1752164798854,1,0.004,0.004023,70.69,ETH-25JUL25-3500-C,2799.78,buy,6.0,6.0,,,,,,,1752164798.854
1771,ETH-257046610,1752164799062,1,0.004,0.004023,70.69,ETH-25JUL25-3500-C,2799.78,buy,7.0,7.0,,,,,,,1752164799.062
1772,ETH-257046621,1752164799157,1,0.004,0.004023,70.69,ETH-25JUL25-3500-C,2799.78,buy,215.0,215.0,,,,,,,1752164799.157
1773,ETH-257046628,1752164799187,1,0.004,0.004023,70.69,ETH-25JUL25-3500-C,2799.78,buy,1.0,1.0,,,,,,,1752164799.187
1774,ETH-257046635,1752164799364,1,0.004,0.004034,70.58,ETH-25JUL25-3500-C,2800.96,buy,18.0,18.0,,,,,,,1752164799.364
1775,ETH-257046665,1752164799673,1,0.004,0.004034,70.58,ETH-25JUL25-3500-C,2800.96,buy,5.0,5.0,,,,,,,1752164799.673
1776,ETH-257046669,1752164799845,1,0.004,0.004034,70.58,ETH-25JUL25-3500-C,2800.96,buy,3.0,3.0,,,,,,,1752164799.845
1777,ETH-257046678,1752164800246,1,0.004,0.004034,70.37,ETH-25JUL25-3500-C,2803.32,buy,593.0,593.0,,,,,,,1752164800.246
1778,ETH-257048437,1752165122439,0,0.0046,0.004305,72.62,ETH-25JUL25-3500-C,2803.76,buy,214.0,214.0,,,,,,,1752165122.439
1779,ETH-257048442,1752165126018,0,0.0048,0.004331,73.27,ETH-25JUL25-3500-C,2804.23,buy,36.0,36.0,,,,,,,1752165126.018
1782,ETH-257048445,1752165126018,1,0.0048,0.004331,73.27,ETH-25JUL25-3500-C,2804.23,buy,30.0,30.0,,,,,,,1752165126.018
1781,ETH-257048444,1752165126018,1,0.0048,0.004331,73.27,ETH-25JUL25-3500-C,2804.23,buy,20.0,20.0,,,,,,,1752165126.018
1780,ETH-257048443,1752165126018,1,0.0048,0.004331,73.27,ETH-25JUL25-3500-C,2804.23,buy,130.0,130.0,,,,,,,1752165126.018
1783,ETH-257053910,1752166832855,1,0.0048,0.004817,72.87,ETH-25JUL25-3500-C,2808.15,buy,1.0,1.0,,,,,,,1752166832.855
1784,ETH-257054729,1752167141255,0,0.0049,0.004998,72.56,ETH-25JUL25-3500-C,2814.87,buy,1.0,1.0,,,,,,,1752167141.255
1785,ETH-257054771,1752167161765,0,0.005,0.005033,72.73,ETH-25JUL25-3500-C,2816.67,buy,21.0,21.0,,,,,,,1752167161.765
1786,ETH-257054949,1752167211669,2,0.0047,0.005072,71.57,ETH-25JUL25-3500-C,2818.34,sell,1.0,1.0,,,,,,,1752167211.669
1787,ETH-257060823,1752169595260,0,0.005,0.005087,72.85,ETH-25JUL25-3500-C,2815.86,buy,1.0,1.0,,,,,,,1752169595.26
1788,ETH-257062170,1752170092923,0,0.0055,0.005436,72.93,ETH-25JUL25-3500-C,2833.09,buy,1.0,1.0,,,,,,,1752170092.923
1789,ETH-257063015,1752170392948,1,0.0055,0.005435,73.01,ETH-25JUL25-3500-C,2832.69,buy,1.0,1.0,,,,,,,1752170392.948
1790,ETH-257063594,1752170693006,1,0.0055,0.005444,72.94,ETH-25JUL25-3500-C,2833.3,buy,1.0,1.0,,,,,,,1752170693.006
1791,ETH-257064406,1752170889488,1,0.0055,0.005573,72.41,ETH-25JUL25-3500-C,2839.23,buy,30.0,30.0,,,,,,,1752170889.488
1792,ETH-257065194,1752171139777,2,0.005,0.005148,71.8,ETH-25JUL25-3500-C,2828.27,sell,23.0,23.0,,,,,,,1752171139.777
1794,ETH-257065196,1752171139777,3,0.005,0.005148,71.8,ETH-25JUL25-3500-C,2828.27,sell,44.0,44.0,,,,,,,1752171139.777
1793,ETH-257065195,1752171139777,3,0.005,0.005148,71.8,ETH-25JUL25-3500-C,2828.27,sell,3.0,3.0,,,,,,,1752171139.777
1795,ETH-257066971,1752171913782,3,0.005,0.005029,72.74,ETH-25JUL25-3500-C,2818.3,buy,1.0,1.0,,,,,,,1752171913.782
1796,ETH-257067970,1752172213816,3,0.005,0.00497,73.23,ETH-25JUL25-3500-C,2812.53,buy,1.0,1.0,,,,,,,1752172213.816
1797,ETH-257068380,1752172513864,3,0.005,0.00497,73.24,ETH-25JUL25-3500-C,2812.63,buy,1.0,1.0,,,,,,,1752172513.864
1798,ETH-257069656,1752172801714,2,0.0047,0.004647,73.3,ETH-25JUL25-3500-C,2800.67,buy,30.0,30.0,,,,,,,1752172801.714
1799,ETH-257069675,1752172813878,3,0.0047,0.00463,73.35,ETH-25JUL25-3500-C,2800.12,buy,1.0,1.0,,,,,,,1752172813.878
1800,ETH-257070296,1752173122983,3,0.0047,0.004713,73.03,ETH-25JUL25-3500-C,2803.95,buy,1.0,1.0,,,,,,,1752173122.983
1801,ETH-257070892,1752173423035,3,0.0047,0.004701,73.05,ETH-25JUL25-3500-C,2803.41,buy,1.0,1.0,,,,,,,1752173423.035
1802,ETH-257071177,1752173723063,0,0.0048,0.004872,72.64,ETH-25JUL25-3500-C,2811.88,buy,1.0,1.0,,,,,,,1752173723.063
1803,ETH-257071300,1752173832604,0,0.0049,0.004846,73.02,ETH-25JUL25-3500-C,2811.77,buy,24.0,24.0,,,,,,,1752173832.604
1804,ETH-257071451,1752174023098,1,0.0049,0.004858,72.89,ETH-25JUL25-3500-C,2813.24,buy,1.0,1.0,,,,,,,1752174023.098
1805,ETH-257071930,1752174323138,0,0.005,0.004987,72.86,ETH-25JUL25-3500-C,2817.33,buy,1.0,1.0,,,,,,,1752174323.138
1806,ETH-257072635,1752174836718,1,0.005,0.005092,72.56,ETH-25JUL25-3500-C,2821.42,buy,1.0,1.0,,,,,,,1752174836.718
1807,ETH-257073089,1752175244065,1,0.005,0.005119,72.57,ETH-25JUL25-3500-C,2821.51,buy,1.0,1.0,,,,,,,1752175244.065
1808,ETH-257073340,1752175544085,1,0.005,0.005018,73.01,ETH-25JUL25-3500-C,2816.58,buy,1.0,1.0,,,,,,,1752175544.085
1809,ETH-257073635,1752175844122,1,0.005,0.004972,73.26,ETH-25JUL25-3500-C,2814.21,buy,1.0,1.0,,,,,,,1752175844.122
1810,ETH-257073997,1752176144142,2,0.0049,0.00489,73.2,ETH-25JUL25-3500-C,2810.87,buy,1.0,1.0,,,,,,,1752176144.142
1811,ETH-257074336,1752176258825,2,0.0047,0.004832,72.38,ETH-25JUL25-3500-C,2812.96,sell,20.0,20.0,,,,,,,1752176258.825
1812,ETH-257074543,1752176506133,3,0.0047,0.004757,72.48,ETH-25JUL25-3500-C,2812.37,buy,1.0,1.0,,,,,,,1752176506.133
1813,ETH-257074899,1752176806329,3,0.0047,0.004724,72.42,ETH-25JUL25-3500-C,2813.62,buy,1.0,1.0,,,,,,,1752176806.329
1814,ETH-257075214,1752177106363,3,0.0047,0.004628,72.63,ETH-25JUL25-3500-C,2811.38,buy,1.0,1.0,,,,,,,1752177106.363
1815,ETH-257075493,1752177406395,0,0.0048,0.004752,72.28,ETH-25JUL25-3500-C,2819.09,buy,1.0,1.0,,,,,,,1752177406.395
1816,ETH-257075822,1752177706431,1,0.0048,0.00474,72.29,ETH-25JUL25-3500-C,2819.04,buy,1.0,1.0,,,,,,,1752177706.431
1817,ETH-257076372,1752178006454,0,0.005,0.004942,72.3,ETH-25JUL25-3500-C,2826.27,buy,1.0,1.0,,,,,,,1752178006.454
1818,ETH-257077012,1752178306486,2,0.0049,0.004769,72.63,ETH-25JUL25-3500-C,2819.2,buy,1.0,1.0,,,,,,,1752178306.486
1819,ETH-257077203,1752178606526,3,0.0049,0.004852,72.47,ETH-25JUL25-3500-C,2821.02,buy,1.0,1.0,,,,,,,1752178606.526
1820,ETH-257077406,1752178906564,3,0.0049,0.004828,72.51,ETH-25JUL25-3500-C,2820.34,buy,1.0,1.0,,,,,,,1752178906.564
1821,ETH-257077609,1752179212619,3,0.0049,0.004867,72.37,ETH-25JUL25-3500-C,2821.92,buy,1.0,1.0,,,,,,,1752179212.619
1822,ETH-257084537,1752182593479,0,0.006,0.006003,70.82,ETH-25JUL25-3500-C,2876.44,buy,50.0,50.0,,,,,,,1752182593.479
1823,ETH-257084555,1752182596129,1,0.006,0.006061,70.58,ETH-25JUL25-3500-C,2878.96,buy,8.0,8.0,,,,,,,1752182596.129
1824,ETH-257084556,1752182596663,1,0.006,0.006085,70.51,ETH-25JUL25-3500-C,2879.75,buy,92.0,92.0,,,,,,,1752182596.663
1825,ETH-257097012,1752183582031,0,0.007,0.007288,70.53,ETH-25JUL25-3500-C,2912.93,sell,1.0,1.0,,,,,,,1752183582.031
1826,ETH-257097307,1752183608241,0,0.0075,0.007364,71.69,ETH-25JUL25-3500-C,2914.82,buy,1.0,1.0,,,,,,,1752183608.241
1827,ETH-257097404,1752183610943,1,0.0075,0.007477,71.38,ETH-25JUL25-3500-C,2918.02,sell,21.0,21.0,,,,,,,1752183610.943
1828,ETH-257098650,1752183659655,0,0.008,0.007855,71.69,ETH-25JUL25-3500-C,2927.63,buy,1.0,1.0,,,,,,,1752183659.655
1829,ETH-257100544,1752183733617,2,0.0075,0.008072,69.48,ETH-25JUL25-3500-C,2937.36,sell,18.0,18.0,,,,,,,1752183733.617
1830,ETH-257105977,1752183874166,0,0.0085,0.008306,70.47,ETH-25JUL25-3500-C,2953.14,buy,1.0,1.0,,,,,,,1752183874.166
1831,ETH-257107851,1752183981932,1,0.0085,0.008157,71.28,ETH-25JUL25-3500-C,2945.47,buy,1.0,1.0,,,,,,,1752183981.932
1832,ETH-257107929,1752183987046,1,0.0085,0.008066,71.36,ETH-25JUL25-3500-C,2944.57,buy,16.0,16.0,,,,,,,1752183987.046
1834,ETH-257115548,1752184245980,1,0.0095,0.009196,71.0,ETH-25JUL25-3500-C,2970.2,buy,20.0,20.0,,,,,,,1752184245.98
1833,ETH-257115547,1752184245980,0,0.0095,0.009196,71.0,ETH-25JUL25-3500-C,2970.2,buy,60.0,60.0,,,,,,,1752184245.98
1835,ETH-257118855,1752184397148,2,0.009,0.009157,69.64,ETH-25JUL25-3500-C,2973.73,buy,1.0,1.0,,,,,,,1752184397.148
1836,ETH-257125010,1752184693349,0,0.0095,0.009487,70.13,ETH-25JUL25-3500-C,2979.87,buy,1.0,1.0,,,,,,,1752184693.349
1837,ETH-257125676,1752184740405,1,0.0095,0.009548,70.31,ETH-25JUL25-3500-C,2978.52,buy,1.0,1.0,,,,,,,1752184740.405
1838,ETH-257126261,1752184771669,1,0.0095,0.009311,71.13,ETH-25JUL25-3500-C,2970.84,buy,1.0,1.0,,,,,,,1752184771.669
1839,ETH-257126463,1752184789931,1,0.0095,0.009246,71.24,ETH-25JUL25-3500-C,2970.1,buy,1.0,1.0,,,,,,,1752184789.931
1840,ETH-257127694,1752184832209,2,0.009,0.008976,70.91,ETH-25JUL25-3500-C,2962.57,buy,1.0,1.0,,,,,,,1752184832.209
1841,ETH-257133108,1752185126636,3,0.009,0.008792,71.5,ETH-25JUL25-3500-C,2957.06,buy,1.0,1.0,,,,,,,1752185126.636
1842,ETH-257136026,1752185489174,3,0.009,0.009041,71.02,ETH-25JUL25-3500-C,2960.76,sell,2.0,2.0,,,,,,,1752185489.174
1843,ETH-257138932,1752186052334,0,0.0095,0.009666,70.42,ETH-25JUL25-3500-C,2978.36,buy,2.0,2.0,,,,,,,1752186052.334
1844,ETH-257140269,1752186250212,2,0.0085,0.008914,69.8,ETH-25JUL25-3500-C,2961.32,sell,100.0,100.0,,,,,,,1752186250.212
1847,ETH-257142487,1752186793044,1,0.009,0.008662,71.29,ETH-25JUL25-3500-C,2958.09,buy,7.0,7.0,,,,,,,1752186793.044
1845,ETH-257142485,1752186793044,0,0.009,0.008662,71.29,ETH-25JUL25-3500-C,2958.09,buy,1.0,1.0,,,,,,,1752186793.044
1846,ETH-257142486,1752186793044,1,0.009,0.008662,71.29,ETH-25JUL25-3500-C,2958.09,buy,2.0,2.0,,,,,,,1752186793.044
1848,ETH-257143427,1752187052355,1,0.009,0.008788,70.65,ETH-25JUL25-3500-C,2964.77,buy,5.0,5.0,,,,,,,1752187052.355
1849,ETH-257150374,1752190121183,2,0.008,0.00835,69.96,ETH-25JUL25-3500-C,2948.58,sell,1.0,1.0,,,,,,,1752190121.183
1850,ETH-257151546,1752190459292,2,0.0075,0.008116,69.26,ETH-25JUL25-3500-C,2941.96,sell,9.0,9.0,,,,,,,1752190459.292
1851,ETH-257152516,1752191066783,0,0.008,0.00804,70.26,ETH-25JUL25-3500-C,2944.76,buy,30.0,30.0,,,,,,,1752191066.783
1852,ETH-257152695,1752191181882,1,0.008,0.007924,70.52,ETH-25JUL25-3500-C,2942.38,buy,1.0,1.0,,,,,,,1752191181.882
1853,ETH-257153443,1752191615930,0,0.0085,0.008477,70.4,ETH-25JUL25-3500-C,2955.93,buy,1.0,1.0,,,,,,,1752191615.93
1854,ETH-257155045,1752192676461,1,0.0085,0.008472,70.87,ETH-25JUL25-3500-C,2951.91,buy,1.0,1.0,,,,,,,1752192676.461
1855,ETH-257158100,1752193450995,2,0.0075,0.00755,71.23,ETH-25JUL25-3500-C,2922.32,buy,1.0,1.0,,,,,,,1752193450.995
1856,ETH-257159177,1752193817385,3,0.0075,0.007542,71.21,ETH-25JUL25-3500-C,2922.17,buy,1.0,1.0,,,,,,,1752193817.385
1857,ETH-257159541,1752193929832,0,0.008,0.007761,71.8,ETH-25JUL25-3500-C,2929.44,buy,30.0,30.0,,,,,,,1752193929.832
1858,ETH-257159655,1752194032780,2,0.0075,0.007745,70.61,ETH-25JUL25-3500-C,2928.91,sell,1.0,1.0,,,,,,,1752194032.78
1859,ETH-257159703,1752194042417,0,0.008,0.007771,71.74,ETH-25JUL25-3500-C,2930.22,buy,29.0,29.0,,,,,,,1752194042.417
1860,ETH-257159705,1752194047574,2,0.0075,0.007788,70.53,ETH-25JUL25-3500-C,2929.67,sell,1.0,1.0,,,,,,,1752194047.574
1861,ETH-257159709,1752194054979,0,0.008,0.007777,71.77,ETH-25JUL25-3500-C,2929.95,buy,2.0,2.0,,,,,,,1752194054.979
1862,ETH-257159718,1752194064859,1,0.008,0.00784,71.65,ETH-25JUL25-3500-C,2931.16,buy,1.0,1.0,,,,,,,1752194064.859
1863,ETH-257159733,1752194087266,1,0.008,0.007845,71.64,ETH-25JUL25-3500-C,2931.2,buy,3.0,3.0,,,,,,,1752194087.266
1864,ETH-257159739,1752194097293,1,0.008,0.007787,71.79,ETH-25JUL25-3500-C,2929.69,buy,1.0,1.0,,,,,,,1752194097.293
1865,ETH-257159962,1752194261243,1,0.008,0.007833,71.74,ETH-25JUL25-3500-C,2930.42,buy,1.0,1.0,,,,,,,1752194261.243
1866,ETH-257160017,1752194287785,1,0.008,0.007887,71.55,ETH-25JUL25-3500-C,2932.29,buy,18.0,18.0,,,,,,,1752194287.785
1867,ETH-257160587,1752194627344,2,0.0075,0.007623,70.76,ETH-25JUL25-3500-C,2927.82,buy,1.0,1.0,,,,,,,1752194627.344
1868,ETH-257161348,1752195176296,3,0.0075,0.007577,70.44,ETH-25JUL25-3500-C,2931.59,buy,18.0,18.0,,,,,,,1752195176.296
1869,ETH-257161360,1752195189368,3,0.0075,0.007606,70.33,ETH-25JUL25-3500-C,2932.66,buy,1.0,1.0,,,,,,,1752195189.368
1870,ETH-257161606,1752195368158,3,0.0075,0.007538,70.4,ETH-25JUL25-3500-C,2931.71,buy,1.0,1.0,,,,,,,1752195368.158
1871,ETH-257161948,1752195415410,0,0.008,0.007749,71.07,ETH-25JUL25-3500-C,2937.56,buy,1.0,1.0,,,,,,,1752195415.41
1872,ETH-257162016,1752195420911,1,0.008,0.007968,70.58,ETH-25JUL25-3500-C,2942.39,buy,1.0,1.0,,,,,,,1752195420.911
1873,ETH-257163175,1752196055368,2,0.0075,0.007732,69.85,ETH-25JUL25-3500-C,2937.98,buy,1.0,1.0,,,,,,,1752196055.368
1874,ETH-257163400,1752196355395,3,0.0075,0.007525,69.96,ETH-25JUL25-3500-C,2936.92,buy,1.0,1.0,,,,,,,1752196355.395
1875,ETH-257164050,1752196920597,3,0.0075,0.007841,68.96,ETH-25JUL25-3500-C,2947.35,sell,5.0,5.0,,,,,,,1752196920.597
1876,ETH-257164165,1752197078822,0,0.008,0.007821,70.24,ETH-25JUL25-3500-C,2947.29,buy,1.0,1.0,,,,,,,1752197078.822
1877,ETH-257164667,1752197223527,1,0.008,0.007921,69.93,ETH-25JUL25-3500-C,2950.82,buy,29.0,29.0,,,,,,,1752197223.527
1878,ETH-257164676,1752197228672,1,0.008,0.007866,70.09,ETH-25JUL25-3500-C,2949.28,buy,4.0,4.0,,,,,,,1752197228.672
1879,ETH-257165996,1752198364970,1,0.008,0.007804,70.19,ETH-25JUL25-3500-C,2948.19,buy,1.0,1.0,,,,,,,1752198364.97
1880,ETH-257166400,1752198664983,1,0.008,0.007974,69.85,ETH-25JUL25-3500-C,2951.28,buy,1.0,1.0,,,,,,,1752198664.983
1881,ETH-257166773,1752198965003,1,0.008,0.007955,69.96,ETH-25JUL25-3500-C,2950.32,buy,1.0,1.0,,,,,,,1752198965.003
1882,ETH-257170494,1752200307936,0,0.0085,0.008595,69.83,ETH-25JUL25-3500-C,2963.69,buy,1.0,1.0,,,,,,,1752200307.936
1883,ETH-257170936,1752200519053,1,0.0085,0.008492,70.03,ETH-25JUL25-3500-C,2962.43,buy,1.0,1.0,,,,,,,1752200519.053
1884,ETH-257171260,1752200574579,1,0.0085,0.008415,70.21,ETH-25JUL25-3500-C,2960.44,buy,1.0,1.0,,,,,,,1752200574.579
1885,ETH-257171288,1752200599025,1,0.0085,0.008443,70.13,ETH-25JUL25-3500-C,2961.14,buy,1.0,1.0,,,,,,,1752200599.025
1886,ETH-257171289,1752200607973,1,0.0085,0.008439,70.15,ETH-25JUL25-3500-C,2960.97,buy,1.0,1.0,,,,,,,1752200607.973
1887,ETH-257171296,1752200619903,1,0.0085,0.008444,70.14,ETH-25JUL25-3500-C,2961.12,buy,5.0,5.0,,,,,,,1752200619.903
1888,ETH-257173199,1752201534760,1,0.0085,0.0086,69.62,ETH-25JUL25-3500-C,2966.75,buy,1.0,1.0,,,,,,,1752201534.76
1889,ETH-257173838,1752201834780,1,0.0085,0.008451,70.0,ETH-25JUL25-3500-C,2963.17,buy,1.0,1.0,,,,,,,1752201834.78
1890,ETH-257173856,1752201841414,2,0.008,0.008419,68.86,ETH-25JUL25-3500-C,2962.5,sell,20.0,20.0,,,,,,,1752201841.414
1891,ETH-257173857,1752201841426,0,0.0085,0.008419,70.07,ETH-25JUL25-3500-C,2962.5,buy,1.0,1.0,,,,,,,1752201841.426
1892,ETH-257173904,1752201892337,1,0.0085,0.008429,70.06,ETH-25JUL25-3500-C,2962.62,buy,6.0,6.0,,,,,,,1752201892.337
1893,ETH-257174183,1752202048390,1,0.0085,0.008435,70.13,ETH-25JUL25-3500-C,2961.86,buy,1.0,1.0,,,,,,,1752202048.39
1894,ETH-257174468,1752202245873,1,0.0085,0.008541,69.74,ETH-25JUL25-3500-C,2965.58,buy,1.0,1.0,,,,,,,1752202245.873
1895,ETH-257175339,1752202545927,1,0.0085,0.008405,69.98,ETH-25JUL25-3500-C,2963.34,buy,1.0,1.0,,,,,,,1752202545.927
1896,ETH-257175782,1752202851968,1,0.0085,0.00847,69.84,ETH-25JUL25-3500-C,2964.9,buy,1.0,1.0,,,,,,,1752202851.968
1897,ETH-257176718,1752203228982,1,0.0085,0.008479,69.91,ETH-25JUL25-3500-C,2964.41,buy,1.0,1.0,,,,,,,1752203228.982
1898,ETH-257179480,1752205118955,1,0.0085,0.00846,70.05,ETH-25JUL25-3500-C,2963.33,buy,1.0,1.0,,,,,,,1752205118.955
1899,ETH-257182105,1752206999447,1,0.0085,0.008455,69.81,ETH-25JUL25-3500-C,2965.96,buy,1.0,1.0,,,,,,,1752206999.447
1900,ETH-257182345,1752207299537,1,0.0085,0.008428,69.93,ETH-25JUL25-3500-C,2964.34,buy,1.0,1.0,,,,,,,1752207299.537
1901,ETH-257182590,1752207602394,1,0.0085,0.008506,69.78,ETH-25JUL25-3500-C,2965.94,buy,1.0,1.0,,,,,,,1752207602.394
1902,ETH-257182944,1752207930351,1,0.0085,0.008566,69.67,ETH-25JUL25-3500-C,2967.23,buy,1.0,1.0,,,,,,,1752207930.351
1903,ETH-257183337,1752208230414,1,0.0085,0.008428,70.01,ETH-25JUL25-3500-C,2964.09,buy,1.0,1.0,,,,,,,1752208230.414
1904,ETH-257183399,1752208289435,1,0.0085,0.008379,70.12,ETH-25JUL25-3500-C,2962.95,buy,29.0,29.0,,,,,,,1752208289.435
1905,ETH-257183494,1752208328368,1,0.0085,0.008384,70.13,ETH-25JUL25-3500-C,2962.65,buy,22.0,22.0,,,,,,,1752208328.368
1906,ETH-257184590,1752208447115,2,0.008,0.008076,69.69,ETH-25JUL25-3500-C,2954.44,sell,5.0,5.0,,,,,,,1752208447.115
1907,ETH-257184718,1752208477294,3,0.008,0.008125,69.55,ETH-25JUL25-3500-C,2955.79,sell,1.0,1.0,,,,,,,1752208477.294
1908,ETH-257186036,1752209296805,0,0.0085,0.008569,69.76,ETH-25JUL25-3500-C,2965.63,buy,1.0,1.0,,,,,,,1752209296.805
1910,ETH-257188156,1752210428730,1,0.009,0.009011,69.55,ETH-25JUL25-3500-C,2980.22,buy,1.0,1.0,,,,,,,1752210428.73
1909,ETH-257188155,1752210428730,0,0.009,0.009011,69.55,ETH-25JUL25-3500-C,2980.22,buy,5.0,5.0,,,,,,,1752210428.73
1911,ETH-257189391,1752210564815,0,0.0095,0.009528,69.46,ETH-25JUL25-3500-C,2992.13,buy,1.0,1.0,,,,,,,1752210564.815
1912,ETH-257189935,1752210617998,1,0.0095,0.009492,69.55,ETH-25JUL25-3500-C,2991.75,buy,1.0,1.0,,,,,,,1752210617.998
1913,ETH-257189987,1752210619771,1,0.0095,0.009467,69.71,ETH-25JUL25-3500-C,2990.28,buy,19.0,19.0,,,,,,,1752210619.771
1914,ETH-257192216,1752211361086,1,0.0095,0.009482,69.59,ETH-25JUL25-3500-C,2991.62,buy,1.0,1.0,,,,,,,1752211361.086
1915,ETH-257195143,1752211884901,0,0.01,0.009985,69.65,ETH-25JUL25-3500-C,3001.82,buy,1.0,1.0,,,,,,,1752211884.901
1916,ETH-257196766,1752212042326,0,0.0105,0.010427,69.82,ETH-25JUL25-3500-C,3010.42,buy,2.0,2.0,,,,,,,1752212042.326
1917,ETH-257198422,1752212154040,0,0.011,0.010528,70.92,ETH-25JUL25-3500-C,3010.21,buy,100.0,100.0,,,,,,,1752212154.04
1918,ETH-257198654,1752212200639,2,0.0105,0.010543,69.83,ETH-25JUL25-3500-C,3010.36,buy,2.0,2.0,,,,,,,1752212200.639
1919,ETH-257198657,1752212200803,3,0.0105,0.010538,69.85,ETH-25JUL25-3500-C,3010.14,buy,1.0,1.0,,,,,,,1752212200.803
1920,ETH-257199551,1752212505866,0,0.011,0.010671,71.41,ETH-25JUL25-3500-C,3005.46,buy,1.0,1.0,,,,,,,1752212505.866
1921,ETH-257199612,1752212515708,1,0.011,0.010591,71.55,ETH-25JUL25-3500-C,3004.22,buy,6.0,6.0,,,,,,,1752212515.708
1922,ETH-257200034,1752212697285,1,0.011,0.011033,70.8,ETH-25JUL25-3500-C,3011.19,buy,17.0,17.0,,,,,,,1752212697.285
1923,ETH-257201025,1752212812886,1,0.011,0.011381,69.98,ETH-25JUL25-3500-C,3019.22,sell,1.0,1.0,,,,,,,1752212812.886
1924,ETH-257203751,1752213070521,0,0.0115,0.011796,70.33,ETH-25JUL25-3500-C,3025.66,sell,2.0,2.0,,,,,,,1752213070.521
1925,ETH-257206488,1752213634851,2,0.0105,0.010909,70.34,ETH-25JUL25-3500-C,3005.58,sell,1.0,1.0,,,,,,,1752213634.851
1926,ETH-257208495,1752214235854,0,0.011,0.011274,70.98,ETH-25JUL25-3500-C,3010.1,sell,1.0,1.0,,,,,,,1752214235.854
1927,ETH-257209839,1752214801291,0,0.0115,0.011764,71.22,ETH-25JUL25-3500-C,3018.19,sell,1.0,1.0,,,,,,,1752214801.291
1928,ETH-257210264,1752214987883,0,0.012,0.011972,71.73,ETH-25JUL25-3500-C,3022.73,buy,3.0,3.0,,,,,,,1752214987.883
1929,ETH-257210265,1752214987883,1,0.012,0.011972,71.73,ETH-25JUL25-3500-C,3022.73,buy,2.0,2.0,,,,,,,1752214987.883
1930,ETH-257210402,1752215133919,1,0.012,0.011991,71.96,ETH-25JUL25-3500-C,3021.15,sell,20.0,20.0,,,,,,,1752215133.919
1931,ETH-257211123,1752215526813,2,0.0115,0.011751,71.69,ETH-25JUL25-3500-C,3014.03,sell,60.0,60.0,,,,,,,1752215526.813
1932,ETH-257211124,1752215526813,3,0.0115,0.011751,71.69,ETH-25JUL25-3500-C,3014.03,sell,20.0,20.0,,,,,,,1752215526.813
1933,ETH-257211304,1752215592557,0,0.012,0.011993,72.29,ETH-25JUL25-3500-C,3017.45,sell,2.0,2.0,,,,,,,1752215592.557
1934,ETH-257211646,1752215720927,1,0.012,0.011775,72.7,ETH-25JUL25-3500-C,3013.76,buy,2.0,2.0,,,,,,,1752215720.927
1935,ETH-257211924,1752215818645,1,0.012,0.011605,72.99,ETH-25JUL25-3500-C,3011.27,buy,1.0,1.0,,,,,,,1752215818.645
1936,ETH-257213104,1752216458148,2,0.0115,0.011323,72.98,ETH-25JUL25-3500-C,3001.67,sell,1.0,1.0,,,,,,,1752216458.148
1937,ETH-257220748,1752219015771,3,0.0115,0.011596,73.07,ETH-25JUL25-3500-C,3001.03,sell,20.0,20.0,,,,,,,1752219015.771
1938,ETH-257226491,1752220162062,2,0.011,0.011041,72.88,ETH-25JUL25-3500-C,2993.37,sell,6.0,6.0,,,,,,,1752220162.062
1939,ETH-257227846,1752220396017,3,0.011,0.010912,73.12,ETH-25JUL25-3500-C,2990.81,buy,250.0,250.0,2.0,BLOCK-209956,ETH-CDIAG-25JUL25_18JUL25-3500_3300,,8384.0,,1752220396.017
1940,ETH-257228334,1752220494718,0,0.0111,0.010925,73.46,ETH-25JUL25-3500-C,2989.76,buy,250.0,250.0,2.0,BLOCK-209958,ETH-CDIAG-25JUL25_18JUL25-3500_3300,,8385.0,,1752220494.718
1941,ETH-257230536,1752220688718,2,0.0105,0.010558,73.45,ETH-25JUL25-3500-C,2977.32,buy,1.0,1.0,,,,,,,1752220688.718
1942,ETH-257231684,1752220787536,2,0.01,0.010198,73.03,ETH-25JUL25-3500-C,2970.62,sell,5.0,5.0,,,,,,,1752220787.536
1943,ETH-257233426,1752221023763,0,0.0105,0.010462,73.57,ETH-25JUL25-3500-C,2976.55,buy,250.0,250.0,2.0,BLOCK-209973,ETH-CDIAG-25JUL25_18JUL25-3500_3300,,8387.0,,1752221023.763
1944,ETH-257236113,1752221706779,2,0.01,0.010395,72.26,ETH-25JUL25-3500-C,2978.49,sell,8.0,8.0,,,,,,,1752221706.779
1945,ETH-257238059,1752222561111,3,0.01,0.010436,71.73,ETH-25JUL25-3500-C,2984.36,sell,5.0,5.0,,,,,,,1752222561.111
1946,ETH-257242813,1752224007703,0,0.011,0.011127,72.15,ETH-25JUL25-3500-C,3001.4,sell,2.0,2.0,,,,,,,1752224007.703
1947,ETH-257242814,1752224007703,2,0.0105,0.011127,71.08,ETH-25JUL25-3500-C,3001.4,sell,5.0,5.0,,,,,,,1752224007.703
1949,ETH-257244775,1752225282766,1,0.011,0.011312,71.71,ETH-25JUL25-3500-C,3006.09,sell,5.0,5.0,,,,,,,1752225282.766
1948,ETH-257244774,1752225282766,0,0.011,0.011312,71.71,ETH-25JUL25-3500-C,3006.09,sell,5.0,5.0,,,,,,,1752225282.766
1950,ETH-257244892,1752225342827,0,0.0115,0.011447,72.45,ETH-25JUL25-3500-C,3008.69,buy,1.0,1.0,,,,,,,1752225342.827
1951,ETH-257244896,1752225342914,1,0.0115,0.011447,72.45,ETH-25JUL25-3500-C,3008.69,buy,1.0,1.0,,,,,,,1752225342.914
1952,ETH-257244899,1752225343696,1,0.0115,0.011447,72.42,ETH-25JUL25-3500-C,3009.03,buy,8.0,8.0,,,,,,,1752225343.696
1953,ETH-257245179,1752225445185,1,0.0115,0.011783,71.79,ETH-25JUL25-3500-C,3015.09,sell,1.0,1.0,,,,,,,1752225445.185
1954,ETH-257246292,1752226134360,0,0.012,0.011964,72.45,ETH-25JUL25-3500-C,3019.05,buy,1.0,1.0,,,,,,,1752226134.36
1955,ETH-257246757,1752226408140,1,0.012,0.012064,72.42,ETH-25JUL25-3500-C,3019.26,buy,3.0,3.0,,,,,,,1752226408.14
1956,ETH-257250875,1752227268835,0,0.0123,0.012556,72.36,ETH-25JUL25-3500-C,3025.5,sell,8.0,8.0,,,ETH-CLAD-25JUL25-3300_3400_3500,ETH-257250874,,,1752227268.835
1957,ETH-257255060,1752228528688,2,0.012,0.012025,73.16,ETH-25JUL25-3500-C,3011.97,buy,1.0,1.0,,,,,,,1752228528.688
1958,ETH-257258702,1752229945824,2,0.0115,0.011716,72.96,ETH-25JUL25-3500-C,3004.55,sell,10.0,10.0,,,,,,,1752229945.824
1959,ETH-257271460,1752237926418,2,0.0105,0.010413,73.9,ETH-25JUL25-3500-C,2978.23,buy,1.0,1.0,,,,,,,1752237926.418
1960,ETH-257292186,1752246478556,2,0.01,0.009872,73.1,ETH-25JUL25-3500-C,2977.63,sell,3.0,3.0,,,,,,,1752246478.556
1961,ETH-257305825,1752250533517,2,0.0085,0.008698,71.55,ETH-25JUL25-3500-C,2958.97,buy,1.0,1.0,,,,,,,1752250533.517
1962,ETH-257305927,1752250588391,3,0.0085,0.008671,71.71,ETH-25JUL25-3500-C,2957.75,buy,1.0,1.0,,,,,,,1752250588.391
1963,ETH-257306613,1752250888538,3,0.0085,0.008458,72.4,ETH-25JUL25-3500-C,2951.14,buy,1.0,1.0,,,,,,,1752250888.538
1964,ETH-257307772,1752251405633,0,0.009,0.008884,71.83,ETH-25JUL25-3500-C,2968.77,buy,20.0,20.0,,,,,,,1752251405.633
1965,ETH-257309476,1752252058711,1,0.009,0.009089,71.74,ETH-25JUL25-3500-C,2970.11,buy,1.0,1.0,,,,,,,1752252058.711
1966,ETH-257309478,1752252061033,1,0.009,0.00908,71.75,ETH-25JUL25-3500-C,2970.09,buy,1.0,1.0,,,,,,,1752252061.033
1967,ETH-257309481,1752252069476,1,0.009,0.009114,71.68,ETH-25JUL25-3500-C,2970.72,sell,1.0,1.0,,,,,,,1752252069.476
1968,ETH-257309482,1752252071615,1,0.009,0.009113,71.65,ETH-25JUL25-3500-C,2970.97,sell,1.0,1.0,,,,,,,1752252071.615
1969,ETH-257311584,1752253624822,0,0.0095,0.009529,71.97,ETH-25JUL25-3500-C,2979.24,buy,1.0,1.0,,,,,,,1752253624.822
1970,ETH-257313115,1752254397370,0,0.01,0.010023,72.33,ETH-25JUL25-3500-C,2986.86,buy,1.0,1.0,,,,,,,1752254397.37
1971,ETH-257315049,1752255539725,2,0.009,0.009665,70.91,ETH-25JUL25-3500-C,2979.3,sell,2.0,2.0,,,,,,,1752255539.725
1972,ETH-257317686,1752258456630,0,0.01,0.010063,72.3,ETH-25JUL25-3500-C,2989.38,buy,1.0,1.0,,,,,,,1752258456.63
1973,ETH-257321108,1752261812105,0,0.0105,0.010495,71.62,ETH-25JUL25-3500-C,3007.12,buy,1.0,1.0,,,,,,,1752261812.105
1974,ETH-257325671,1752265149040,2,0.0104,0.010453,71.68,ETH-25JUL25-3500-C,3005.3,sell,10.0,10.0,,,ETH-ICOND-25JUL25-2400_2600_3500_4000,ETH-257325669,,,1752265149.04
1975,ETH-257327990,1752266437822,2,0.0096,0.009672,71.69,ETH-25JUL25-3500-C,2988.1,sell,10.0,10.0,,,ETH-ICOND-25JUL25-2400_2600_3500_4000,ETH-257327987,,,1752266437.822
1976,ETH-257329507,1752267933141,2,0.009,0.009392,71.0,ETH-25JUL25-3500-C,2982.45,sell,1.0,1.0,,,,,,,1752267933.141
1977,ETH-257333670,1752271283666,2,0.0085,0.008776,71.14,ETH-25JUL25-3500-C,2969.93,sell,1.0,1.0,,,,,,,1752271283.666
1978,ETH-257336906,1752272838375,2,0.0075,0.007502,72.92,ETH-25JUL25-3500-C,2929.25,sell,8.0,8.0,,,,,,,1752272838.375
1979,ETH-257336907,1752272838427,3,0.0075,0.007502,72.92,ETH-25JUL25-3500-C,2929.25,sell,6.0,6.0,,,,,,,1752272838.427
1980,ETH-257336935,1752272840868,3,0.0075,0.007485,73.0,ETH-25JUL25-3500-C,2928.51,sell,2.0,2.0,,,,,,,1752272840.868
1981,ETH-257336936,1752272840923,3,0.0075,0.007485,73.0,ETH-25JUL25-3500-C,2928.51,sell,3.0,3.0,,,,,,,1752272840.923
1982,ETH-257336943,1752272841109,3,0.0075,0.007475,73.05,ETH-25JUL25-3500-C,2927.98,sell,1.0,1.0,,,,,,,1752272841.109
1983,ETH-257337464,1752272903399,0,0.008,0.007381,74.58,ETH-25JUL25-3500-C,2926.27,buy,25.0,25.0,,,,,,,1752272903.399
1984,ETH-257338892,1752273103135,2,0.0075,0.007463,72.81,ETH-25JUL25-3500-C,2930.62,sell,7.0,7.0,,,,,,,1752273103.135
1985,ETH-257341226,1752273488042,0,0.008,0.008016,73.0,ETH-25JUL25-3500-C,2942.16,sell,6.0,6.0,,,,,,,1752273488.042
1986,ETH-257341241,1752273488237,1,0.008,0.008016,73.0,ETH-25JUL25-3500-C,2942.16,sell,5.0,5.0,,,,,,,1752273488.237
1987,ETH-257344383,1752274852048,1,0.008,0.008524,72.32,ETH-25JUL25-3500-C,2950.55,sell,10.0,10.0,,,,,,,1752274852.048
1988,ETH-257344741,1752275318710,0,0.0085,0.00888,72.68,ETH-25JUL25-3500-C,2959.5,sell,8.0,8.0,,,,,,,1752275318.71
1989,ETH-257346017,1752276835646,1,0.0085,0.008706,73.28,ETH-25JUL25-3500-C,2954.2,sell,10.0,10.0,,,,,,,1752276835.646
1990,ETH-257352363,1752286998846,1,0.0085,0.008681,72.1,ETH-25JUL25-3500-C,2967.66,sell,1.0,1.0,,,,,,,1752286998.846
1994,ETH-257354270,1752292589434,3,0.0075,0.008013,70.24,ETH-25JUL25-3500-C,2963.25,sell,289.0,289.0,,,,,,,1752292589.434
1999,ETH-257354275,1752292589434,3,0.007,0.008013,68.91,ETH-25JUL25-3500-C,2963.25,sell,40.0,40.0,,,,,,,1752292589.434
1997,ETH-257354273,1752292589434,3,0.007,0.008013,68.91,ETH-25JUL25-3500-C,2963.25,sell,200.0,200.0,,,,,,,1752292589.434
1992,ETH-257354268,1752292589434,3,0.0075,0.008013,70.24,ETH-25JUL25-3500-C,2963.25,sell,2.0,2.0,,,,,,,1752292589.434
2001,ETH-257354277,1752292589434,3,0.007,0.008013,68.91,ETH-25JUL25-3500-C,2963.25,sell,200.0,200.0,,,,,,,1752292589.434
1991,ETH-257354267,1752292589434,2,0.0075,0.008013,70.24,ETH-25JUL25-3500-C,2963.25,sell,198.0,198.0,,,,,,,1752292589.434
2000,ETH-257354276,1752292589434,3,0.007,0.008013,68.91,ETH-25JUL25-3500-C,2963.25,sell,72.0,72.0,,,,,,,1752292589.434
1993,ETH-257354269,1752292589434,3,0.0075,0.008013,70.24,ETH-25JUL25-3500-C,2963.25,sell,20.0,20.0,,,,,,,1752292589.434
1996,ETH-257354272,1752292589434,3,0.007,0.008013,68.91,ETH-25JUL25-3500-C,2963.25,sell,541.0,541.0,,,,,,,1752292589.434
1998,ETH-257354274,1752292589434,3,0.007,0.008013,68.91,ETH-25JUL25-3500-C,2963.25,sell,286.0,286.0,,,,,,,1752292589.434
1995,ETH-257354271,1752292589434,2,0.007,0.008013,68.91,ETH-25JUL25-3500-C,2963.25,sell,759.0,759.0,,,,,,,1752292589.434
2002,ETH-257354278,1752292589437,3,0.007,0.008013,68.91,ETH-25JUL25-3500-C,2963.25,buy,225.0,225.0,,,,,,,1752292589.437
2003,ETH-257354279,1752292589438,3,0.007,0.008013,68.91,ETH-25JUL25-3500-C,2963.25,buy,32.0,32.0,,,,,,,1752292589.438
2004,ETH-257354280,1752292589438,3,0.007,0.008013,68.91,ETH-25JUL25-3500-C,2963.25,buy,500.0,500.0,,,,,,,1752292589.438
2005,ETH-257354281,1752292589439,3,0.007,0.008013,68.91,ETH-25JUL25-3500-C,2963.25,buy,20.0,20.0,,,,,,,1752292589.439
2006,ETH-257354282,1752292589440,3,0.007,0.008013,68.91,ETH-25JUL25-3500-C,2963.25,buy,225.0,225.0,,,,,,,1752292589.44
2007,ETH-257354283,1752292589442,3,0.007,0.008013,68.91,ETH-25JUL25-3500-C,2963.25,buy,10.0,10.0,,,,,,,1752292589.442
2008,ETH-257354284,1752292589443,3,0.007,0.008013,68.91,ETH-25JUL25-3500-C,2963.25,buy,72.0,72.0,,,,,,,1752292589.443
2009,ETH-257354285,1752292589444,3,0.007,0.008013,68.91,ETH-25JUL25-3500-C,2963.25,buy,2309.0,2309.0,,,,,,,1752292589.444
2010,ETH-257354682,1752292691738,2,0.006,0.007033,66.17,ETH-25JUL25-3500-C,2963.82,sell,2.0,2.0,,,,,,,1752292691.738
2011,ETH-257354847,1752292699365,3,0.006,0.006846,66.14,ETH-25JUL25-3500-C,2964.1,sell,1.0,1.0,,,,,,,1752292699.365
2012,ETH-257354848,1752292699377,3,0.006,0.006846,66.14,ETH-25JUL25-3500-C,2964.1,sell,197.0,197.0,,,,,,,1752292699.377
2013,ETH-257360957,1752299769726,3,0.006,0.005924,67.06,ETH-25JUL25-3500-C,2956.68,buy,1.0,1.0,,,,,,,1752299769.726
2014,ETH-257366580,1752307086467,0,0.0065,0.006187,68.06,ETH-25JUL25-3500-C,2964.58,buy,1.0,1.0,,,,,,,1752307086.467
2015,ETH-257366583,1752307090620,1,0.0065,0.006187,68.06,ETH-25JUL25-3500-C,2964.58,buy,1.0,1.0,,,,,,,1752307090.62
2016,ETH-257366593,1752307104795,1,0.0065,0.006191,68.06,ETH-25JUL25-3500-C,2964.64,buy,1.0,1.0,,,,,,,1752307104.795
2017,ETH-257366654,1752307154477,1,0.0065,0.006202,68.06,ETH-25JUL25-3500-C,2964.59,buy,1.0,1.0,,,,,,,1752307154.477
2018,ETH-257366675,1752307160716,1,0.0065,0.006198,68.08,ETH-25JUL25-3500-C,2964.41,buy,1.0,1.0,,,,,,,1752307160.716
2019,ETH-257366676,1752307163961,1,0.0065,0.006196,68.08,ETH-25JUL25-3500-C,2964.37,buy,1.0,1.0,,,,,,,1752307163.961
2020,ETH-257366678,1752307175279,1,0.0065,0.0062,68.07,ETH-25JUL25-3500-C,2964.52,buy,1.0,1.0,,,,,,,1752307175.279
2021,ETH-257366789,1752307236140,1,0.0065,0.006234,67.97,ETH-25JUL25-3500-C,2965.2,buy,1.0,1.0,,,,,,,1752307236.14
2022,ETH-257366857,1752307248782,1,0.0065,0.006232,67.99,ETH-25JUL25-3500-C,2965.18,buy,1.0,1.0,,,,,,,1752307248.782
2023,ETH-257366928,1752307269881,1,0.0065,0.006261,67.88,ETH-25JUL25-3500-C,2966.33,buy,1.0,1.0,,,,,,,1752307269.881
2024,ETH-257368248,1752308112085,2,0.006,0.006175,66.42,ETH-25JUL25-3500-C,2966.48,sell,30.0,30.0,,,,,,,1752308112.085
2025,ETH-257368262,1752308124925,3,0.006,0.006225,66.31,ETH-25JUL25-3500-C,2967.53,sell,30.0,30.0,,,,,,,1752308124.925
2026,ETH-257368263,1752308124925,3,0.006,0.006225,66.31,ETH-25JUL25-3500-C,2967.53,sell,20.0,20.0,,,,,,,1752308124.925
2027,ETH-257370196,1752309898527,3,0.006,0.005812,66.38,ETH-25JUL25-3500-C,2966.51,buy,300.0,300.0,,,,,,,1752309898.527
2028,ETH-257370197,1752309900178,3,0.006,0.005808,66.39,ETH-25JUL25-3500-C,2966.45,buy,1.0,1.0,,,,,,,1752309900.178
2029,ETH-257370198,1752309900178,3,0.006,0.005808,66.39,ETH-25JUL25-3500-C,2966.45,buy,200.0,200.0,,,,,,,1752309900.178
2032,ETH-257373058,1752311390878,1,0.0065,0.00603,67.88,ETH-25JUL25-3500-C,2966.87,buy,30.0,30.0,,,,,,,1752311390.878
2033,ETH-257373059,1752311390878,1,0.0065,0.00603,67.88,ETH-25JUL25-3500-C,2966.87,buy,2.0,2.0,,,,,,,1752311390.878
2031,ETH-257373057,1752311390878,1,0.0065,0.00603,67.88,ETH-25JUL25-3500-C,2966.87,buy,98.0,98.0,,,,,,,1752311390.878
2030,ETH-257373056,1752311390878,0,0.0065,0.00603,67.88,ETH-25JUL25-3500-C,2966.87,buy,557.0,557.0,,,,,,,1752311390.878
2034,ETH-257373721,1752312289702,2,0.006,0.006385,66.09,ETH-25JUL25-3500-C,2970.71,sell,1.0,1.0,,,,,,,1752312289.702
2036,ETH-257373872,1752312459799,3,0.006,0.006384,66.15,ETH-25JUL25-3500-C,2970.4,sell,2.0,2.0,,,,,,,1752312459.799
2035,ETH-257373871,1752312459799,3,0.006,0.006384,66.15,ETH-25JUL25-3500-C,2970.4,sell,1.0,1.0,,,,,,,1752312459.799
2037,ETH-257375030,1752313447489,0,0.007,0.006834,68.32,ETH-25JUL25-3500-C,2975.87,buy,1.0,1.0,,,,,,,1752313447.489
2038,ETH-257375893,1752313950419,0,0.0075,0.007068,69.55,ETH-25JUL25-3500-C,2975.42,buy,1.0,1.0,,,,,,,1752313950.419
2039,ETH-257376947,1752314746365,1,0.0075,0.007267,69.81,ETH-25JUL25-3500-C,2971.79,buy,1.0,1.0,,,,,,,1752314746.365
2040,ETH-257377212,1752315046457,1,0.0075,0.007508,69.81,ETH-25JUL25-3500-C,2971.9,buy,1.0,1.0,,,,,,,1752315046.457
2041,ETH-257378332,1752316069941,1,0.0075,0.007718,69.39,ETH-25JUL25-3500-C,2976.49,sell,2.0,2.0,,,,,,,1752316069.941
2043,ETH-257378875,1752316864072,1,0.008,0.007843,70.29,ETH-25JUL25-3500-C,2979.9,buy,139.0,139.0,,,,,,,1752316864.072
2042,ETH-257378874,1752316864072,0,0.008,0.007843,70.29,ETH-25JUL25-3500-C,2979.9,buy,1.0,1.0,,,,,,,1752316864.072
2044,ETH-257378876,1752316864076,1,0.008,0.007843,70.29,ETH-25JUL25-3500-C,2979.9,buy,1.0,1.0,,,,,,,1752316864.076
2045,ETH-257378877,1752316864093,1,0.008,0.007843,70.29,ETH-25JUL25-3500-C,2979.9,buy,1.0,1.0,,,,,,,1752316864.093
2046,ETH-257378918,1752316957647,1,0.008,0.007938,70.29,ETH-25JUL25-3500-C,2979.92,buy,135.0,135.0,,,,,,,1752316957.647
2047,ETH-257378920,1752316957678,1,0.008,0.007938,70.29,ETH-25JUL25-3500-C,2979.92,buy,10.0,10.0,,,,,,,1752316957.678
2048,ETH-257379144,1752317163020,1,0.008,0.007981,70.33,ETH-25JUL25-3500-C,2979.87,sell,1.0,1.0,,,,,,,1752317163.02
2049,ETH-257380834,1752320158146,1,0.008,0.00822,71.01,ETH-25JUL25-3500-C,2973.52,sell,20.0,20.0,,,,,,,1752320158.146
2050,ETH-257381522,1752320540170,1,0.008,0.008142,71.12,ETH-25JUL25-3500-C,2972.55,sell,39.0,39.0,,,,,,,1752320540.17
2051,ETH-257383069,1752322102279,2,0.0075,0.007564,71.19,ETH-25JUL25-3500-C,2960.16,sell,30.0,30.0,,,,,,,1752322102.279
2052,ETH-257390129,1752326060586,3,0.0075,0.007323,73.13,ETH-25JUL25-3500-C,2941.57,buy,1.0,1.0,,,,,,,1752326060.586
2053,ETH-257391853,1752327353878,3,0.0075,0.007542,73.94,ETH-25JUL25-3500-C,2934.29,sell,20.0,20.0,,,,,,,1752327353.878
2054,ETH-257393908,1752328685914,3,0.0075,0.007525,73.54,ETH-25JUL25-3500-C,2938.81,buy,1.0,1.0,,,,,,,1752328685.914
2055,ETH-257393955,1752328755766,3,0.0075,0.007502,73.57,ETH-25JUL25-3500-C,2938.59,buy,1.0,1.0,,,,,,,1752328755.766
2056,ETH-257393960,1752328764927,3,0.0075,0.007504,73.56,ETH-25JUL25-3500-C,2938.7,buy,1.0,1.0,,,,,,,1752328764.927
2057,ETH-257394034,1752328828671,3,0.0075,0.0075,73.44,ETH-25JUL25-3500-C,2939.77,buy,1.0,1.0,,,,,,,1752328828.671
2058,ETH-257394074,1752328896395,3,0.0075,0.007452,73.54,ETH-25JUL25-3500-C,2938.95,buy,1.0,1.0,,,,,,,1752328896.395
2059,ETH-257394758,1752329435712,3,0.0075,0.007451,72.85,ETH-25JUL25-3500-C,2945.53,buy,1.0,1.0,,,,,,,1752329435.712
2060,ETH-257395538,1752330100952,3,0.0075,0.007542,72.8,ETH-25JUL25-3500-C,2946.15,buy,1.0,1.0,,,,,,,1752330100.952
2061,ETH-257401232,1752334477456,2,0.007,0.007092,74.46,ETH-25JUL25-3500-C,2917.61,sell,20.0,20.0,,,,,,,1752334477.456
2062,ETH-257401436,1752334478876,3,0.007,0.00704,74.71,ETH-25JUL25-3500-C,2915.26,buy,1.0,1.0,,,,,,,1752334478.876
2063,ETH-257408698,1752337739276,0,0.0075,0.007503,74.95,ETH-25JUL25-3500-C,2927.61,sell,20.0,20.0,,,,,,,1752337739.276
2070,ETH-257408807,1752337925113,1,0.008,0.007543,76.01,ETH-25JUL25-3500-C,2930.05,buy,6.0,6.0,,,,,,,1752337925.113
2067,ETH-257408804,1752337925113,1,0.008,0.007543,76.01,ETH-25JUL25-3500-C,2930.05,buy,20.0,20.0,,,,,,,1752337925.113
2069,ETH-257408806,1752337925113,1,0.008,0.007543,76.01,ETH-25JUL25-3500-C,2930.05,buy,21.0,21.0,,,,,,,1752337925.113
2066,ETH-257408803,1752337925113,1,0.008,0.007543,76.01,ETH-25JUL25-3500-C,2930.05,buy,4.0,4.0,,,,,,,1752337925.113
2064,ETH-257408801,1752337925113,0,0.008,0.007543,76.01,ETH-25JUL25-3500-C,2930.05,buy,553.0,553.0,,,,,,,1752337925.113
2065,ETH-257408802,1752337925113,1,0.008,0.007543,76.01,ETH-25JUL25-3500-C,2930.05,buy,90.0,90.0,,,,,,,1752337925.113
2071,ETH-257408808,1752337925113,1,0.008,0.007543,76.01,ETH-25JUL25-3500-C,2930.05,buy,5.0,5.0,,,,,,,1752337925.113
2068,ETH-257408805,1752337925113,1,0.008,0.007543,76.01,ETH-25JUL25-3500-C,2930.05,buy,301.0,301.0,,,,,,,1752337925.113
2072,ETH-257409939,1752339293010,2,0.0075,0.007625,75.29,ETH-25JUL25-3500-C,2924.81,sell,20.0,20.0,,,,,,,1752339293.01
2073,ETH-257413543,1752344166279,0,0.0081,0.008168,75.39,ETH-25JUL25-3500-C,2941.04,sell,20.0,20.0,,,ETH-ICOND-25JUL25-2400_2600_3500_4000,ETH-257413539,,,1752344166.279
2074,ETH-257417156,1752353731091,2,0.0075,0.007567,76.46,ETH-25JUL25-3500-C,2919.91,sell,20.0,20.0,,,,,,,1752353731.091
2075,ETH-257417191,1752353733704,3,0.0075,0.007544,76.56,ETH-25JUL25-3500-C,2919.03,buy,1.0,1.0,,,,,,,1752353733.704
2076,ETH-257434921,1752391611520,2,0.007,0.007691,71.91,ETH-25JUL25-3500-C,2961.64,sell,5.0,5.0,,,,,,,1752391611.52
2077,ETH-257437952,1752397515095,3,0.007,0.007099,72.72,ETH-25JUL25-3500-C,2957.14,sell,2.0,2.0,,,,,,,1752397515.095
2078,ETH-257437953,1752397515097,3,0.007,0.007099,72.72,ETH-25JUL25-3500-C,2957.14,buy,23.0,23.0,,,,,,,1752397515.097
2079,ETH-257443410,1752409048787,0,0.008,0.00745,75.11,ETH-25JUL25-3500-C,2963.7,buy,1.0,1.0,,,,,,,1752409048.787
2080,ETH-257443411,1752409052021,1,0.008,0.00745,75.11,ETH-25JUL25-3500-C,2963.7,buy,9.0,9.0,,,,,,,1752409052.021
2081,ETH-257443537,1752409449381,1,0.008,0.007583,74.81,ETH-25JUL25-3500-C,2966.58,buy,80.0,80.0,,,,,,,1752409449.381
2082,ETH-257443538,1752409449381,1,0.008,0.007583,74.81,ETH-25JUL25-3500-C,2966.58,buy,120.0,120.0,,,,,,,1752409449.381
2083,ETH-257449395,1752414745891,0,0.01,0.009487,77.22,ETH-25JUL25-3500-C,2992.56,buy,2.0,2.0,,,,,,,1752414745.891
2085,ETH-257449397,1752414745891,1,0.01,0.009487,77.22,ETH-25JUL25-3500-C,2992.56,buy,77.0,77.0,,,,,,,1752414745.891
2084,ETH-257449396,1752414745891,1,0.01,0.009487,77.22,ETH-25JUL25-3500-C,2992.56,buy,1.0,1.0,,,,,,,1752414745.891
2086,ETH-257451949,1752416345012,0,0.011,0.010021,78.54,ETH-25JUL25-3500-C,3001.67,buy,10.0,10.0,,,,,,,1752416345.012
2087,ETH-257457112,1752418536059,2,0.009,0.009273,75.61,ETH-25JUL25-3500-C,2986.47,sell,1.0,1.0,,,,,,,1752418536.059
2088,ETH-257457113,1752418536059,3,0.009,0.009273,75.61,ETH-25JUL25-3500-C,2986.47,sell,2.0,2.0,,,,,,,1752418536.059
2089,ETH-257457278,1752418721617,3,0.009,0.009334,75.38,ETH-25JUL25-3500-C,2988.83,sell,1.0,1.0,,,,,,,1752418721.617
2090,ETH-257457569,1752419112486,3,0.009,0.009267,75.4,ETH-25JUL25-3500-C,2988.93,sell,1.0,1.0,,,,,,,1752419112.486
2091,ETH-257457594,1752419121420,3,0.009,0.00917,75.61,ETH-25JUL25-3500-C,2987.0,buy,1.0,1.0,,,,,,,1752419121.42
2092,ETH-257457838,1752419377264,0,0.0095,0.009717,75.44,ETH-25JUL25-3500-C,2998.9,buy,3.0,3.0,,,,,,,1752419377.264
2093,ETH-257458069,1752419679246,1,0.0095,0.009707,75.3,ETH-25JUL25-3500-C,3000.8,buy,1.0,1.0,,,,,,,1752419679.246
2094,ETH-257459960,1752421646871,1,0.0095,0.009126,76.31,ETH-25JUL25-3500-C,2992.15,buy,20.0,20.0,,,,,,,1752421646.871
2095,ETH-257459961,1752421646871,1,0.0095,0.009126,76.31,ETH-25JUL25-3500-C,2992.15,buy,1.0,1.0,,,,,,,1752421646.871
2097,ETH-257459963,1752421646873,1,0.0095,0.009126,76.31,ETH-25JUL25-3500-C,2992.15,sell,20.0,20.0,,,,,,,1752421646.873
2096,ETH-257459962,1752421646873,1,0.0095,0.009126,76.31,ETH-25JUL25-3500-C,2992.15,sell,36.0,36.0,,,,,,,1752421646.873
2098,ETH-257459964,1752421646873,1,0.0095,0.009126,76.31,ETH-25JUL25-3500-C,2992.15,sell,11.0,11.0,,,,,,,1752421646.873
2099,ETH-257476041,1752431495371,1,0.0095,0.009301,76.09,ETH-25JUL25-3500-C,2998.73,buy,20.0,20.0,,,,,,,1752431495.371
2100,ETH-257479435,1752434799582,2,0.0091,0.009254,74.81,ETH-25JUL25-3500-C,3002.13,sell,5.0,5.0,,,ETH-ICOND-25JUL25-2500_2600_3500_4000,ETH-257479432,,,1752434799.582
2101,ETH-257480497,1752434956638,2,0.009,0.009237,74.41,ETH-25JUL25-3500-C,3003.69,sell,1.0,1.0,,,,,,,1752434956.638
2102,ETH-257483892,1752436636980,2,0.0085,0.008478,74.16,ETH-25JUL25-3500-C,2995.92,sell,2.0,2.0,,,,,,,1752436636.98
2103,ETH-257483893,1752436636981,3,0.0085,0.008478,74.16,ETH-25JUL25-3500-C,2995.92,buy,28.0,28.0,,,,,,,1752436636.981
2104,ETH-257485736,1752437972068,2,0.008,0.008559,73.07,ETH-25JUL25-3500-C,2993.88,sell,1.0,1.0,,,,,,,1752437972.068
2105,ETH-257488459,1752439593554,2,0.007,0.007197,70.65,ETH-25JUL25-3500-C,2991.06,buy,115.0,115.0,,,,,,,1752439593.554
2106,ETH-257488885,1752439697777,3,0.007,0.00702,70.85,ETH-25JUL25-3500-C,2989.84,buy,1.0,1.0,,,,,,,1752439697.777
2107,ETH-257488936,1752439719723,2,0.0065,0.006982,69.51,ETH-25JUL25-3500-C,2988.95,sell,1.0,1.0,,,,,,,1752439719.723
2108,ETH-257491081,1752440429064,3,0.0065,0.006351,69.17,ETH-25JUL25-3500-C,2992.3,buy,50.0,50.0,,,,,,,1752440429.064
2109,ETH-257491210,1752440575762,3,0.0065,0.006234,69.5,ETH-25JUL25-3500-C,2989.2,buy,5.0,5.0,,,,,,,1752440575.762
2110,ETH-257492814,1752442651791,2,0.006,0.006049,69.31,ETH-25JUL25-3500-C,2977.01,sell,182.0,182.0,,,,,,,1752442651.791
2111,ETH-257499013,1752444299206,2,0.005,0.005387,68.16,ETH-25JUL25-3500-C,2957.6,sell,1.0,1.0,,,,,,,1752444299.206
2112,ETH-257504249,1752448268716,0,0.0055,0.005302,70.03,ETH-25JUL25-3500-C,2957.23,buy,560.0,560.0,,,,,,,1752448268.716
2113,ETH-257504250,1752448268716,1,0.0055,0.005302,70.03,ETH-25JUL25-3500-C,2957.23,buy,1.0,1.0,,,,,,,1752448268.716
2119,ETH-257505247,1752450282100,1,0.006,0.005632,70.76,ETH-25JUL25-3500-C,2965.84,buy,19.0,19.0,,,,,,,1752450282.1
2117,ETH-257505245,1752450282100,1,0.006,0.005632,70.76,ETH-25JUL25-3500-C,2965.84,buy,1.0,1.0,,,,,,,1752450282.1
2118,ETH-257505246,1752450282100,1,0.006,0.005632,70.76,ETH-25JUL25-3500-C,2965.84,buy,2.0,2.0,,,,,,,1752450282.1
2116,ETH-257505244,1752450282100,1,0.006,0.005632,70.76,ETH-25JUL25-3500-C,2965.84,buy,350.0,350.0,,,,,,,1752450282.1
2114,ETH-257505242,1752450282100,0,0.006,0.005632,70.76,ETH-25JUL25-3500-C,2965.84,buy,30.0,30.0,,,,,,,1752450282.1
2115,ETH-257505243,1752450282100,1,0.006,0.005632,70.76,ETH-25JUL25-3500-C,2965.84,buy,556.0,556.0,,,,,,,1752450282.1
2120,ETH-257515577,1752459986559,0,0.007,0.006913,70.3,ETH-25JUL25-3500-C,3000.7,buy,2.0,2.0,,,,,,,1752459986.559
2121,ETH-257516764,1752460312908,1,0.007,0.006914,70.54,ETH-25JUL25-3500-C,2999.04,buy,24.0,24.0,,,,,,,1752460312.908
2122,ETH-257517271,1752460578752,1,0.007,0.006739,71.15,ETH-25JUL25-3500-C,2993.6,buy,1.0,1.0,,,,,,,1752460578.752
2123,ETH-257518221,1752460786339,0,0.0075,0.007097,71.62,ETH-25JUL25-3500-C,3001.89,buy,1.0,1.0,,,,,,,1752460786.339
2124,ETH-257518799,1752461250040,1,0.0075,0.007445,70.58,ETH-25JUL25-3500-C,3011.46,buy,50.0,50.0,,,,,,,1752461250.04
2126,ETH-257521696,1752462707631,1,0.0075,0.007305,71.26,ETH-25JUL25-3500-C,3005.64,buy,543.0,543.0,,,,,,,1752462707.631
2128,ETH-257521698,1752462707631,1,0.0075,0.007305,71.26,ETH-25JUL25-3500-C,3005.64,buy,150.0,150.0,,,,,,,1752462707.631
2125,ETH-257521695,1752462707631,1,0.0075,0.007305,71.26,ETH-25JUL25-3500-C,3005.64,buy,1.0,1.0,,,,,,,1752462707.631
2127,ETH-257521697,1752462707631,1,0.0075,0.007305,71.26,ETH-25JUL25-3500-C,3005.64,buy,76.0,76.0,,,,,,,1752462707.631
2129,ETH-257521699,1752462707634,1,0.0075,0.007305,71.26,ETH-25JUL25-3500-C,3005.64,sell,230.0,230.0,,,,,,,1752462707.634
2130,ETH-257522027,1752462943248,1,0.0075,0.007397,71.15,ETH-25JUL25-3500-C,3006.79,buy,150.0,150.0,,,,,,,1752462943.248
2131,ETH-257523557,1752463813810,0,0.008,0.007921,71.22,ETH-25JUL25-3500-C,3018.47,buy,1.0,1.0,,,,,,,1752463813.81
2132,ETH-257524342,1752464053108,1,0.008,0.007884,71.43,ETH-25JUL25-3500-C,3016.7,sell,5.0,5.0,,,,,,,1752464053.108
2133,ETH-257524676,1752464134129,1,0.008,0.008017,71.03,ETH-25JUL25-3500-C,3019.49,buy,1.0,1.0,,,,,,,1752464134.129
2134,ETH-257530940,1752465274328,0,0.009,0.009108,71.03,ETH-25JUL25-3500-C,3042.47,buy,1.0,1.0,,,,,,,1752465274.328
2136,ETH-257533830,1752466718451,1,0.0095,0.009184,72.17,ETH-25JUL25-3500-C,3044.56,buy,2.0,2.0,,,,,,,1752466718.451
2135,ETH-257533829,1752466718451,0,0.0095,0.009184,72.17,ETH-25JUL25-3500-C,3044.56,buy,55.0,55.0,,,,,,,1752466718.451
2137,ETH-257535319,1752467642653,0,0.01,0.009776,72.82,ETH-25JUL25-3500-C,3048.97,buy,1.0,1.0,,,,,,,1752467642.653
2138,ETH-257535882,1752467830615,1,0.01,0.00978,72.8,ETH-25JUL25-3500-C,3049.58,sell,1.0,1.0,,,,,,,1752467830.615
2139,ETH-257536227,1752468205271,1,0.01,0.009824,72.66,ETH-25JUL25-3500-C,3050.57,buy,1.0,1.0,,,,,,,1752468205.271
2140,ETH-257536252,1752468216190,1,0.01,0.009841,72.65,ETH-25JUL25-3500-C,3050.73,sell,1.0,1.0,,,,,,,1752468216.19
2141,ETH-257536294,1752468236509,1,0.01,0.009955,72.56,ETH-25JUL25-3500-C,3051.52,sell,46.0,46.0,,,,,,,1752468236.509
2142,ETH-257537237,1752469083278,1,0.01,0.00992,72.59,ETH-25JUL25-3500-C,3051.92,buy,10.0,10.0,,,,,,,1752469083.278
2143,ETH-257537440,1752469234962,2,0.0095,0.00996,71.31,ETH-25JUL25-3500-C,3052.97,sell,1.0,1.0,,,,,,,1752469234.962
2144,ETH-257538107,1752469276519,3,0.0095,0.009527,72.3,ETH-25JUL25-3500-C,3044.28,sell,1.0,1.0,,,,,,,1752469276.519
2145,ETH-257539791,1752469835981,3,0.0095,0.00969,72.03,ETH-25JUL25-3500-C,3046.72,sell,1.0,1.0,,,,,,,1752469835.981
2146,ETH-257545408,1752471542582,2,0.009,0.00917,70.99,ETH-25JUL25-3500-C,3045.62,sell,1.0,1.0,,,,,,,1752471542.582
2147,ETH-257545470,1752471575859,3,0.009,0.009147,71.05,ETH-25JUL25-3500-C,3045.13,sell,21.0,21.0,,,,,,,1752471575.859
2148,ETH-257545471,1752471575868,3,0.009,0.009147,71.05,ETH-25JUL25-3500-C,3045.13,sell,21.0,21.0,,,,,,,1752471575.868
2149,ETH-257545984,1752471709814,3,0.009,0.008906,71.16,ETH-25JUL25-3500-C,3044.55,buy,1.0,1.0,,,,,,,1752471709.814
2150,ETH-257545985,1752471709814,3,0.009,0.008906,71.16,ETH-25JUL25-3500-C,3044.55,buy,99.0,99.0,,,,,,,1752471709.814
2151,ETH-257547077,1752471933210,2,0.0085,0.008269,71.02,ETH-25JUL25-3500-C,3034.81,buy,1.0,1.0,,,,,,,1752471933.21
2152,ETH-257548706,1752472359506,2,0.008,0.007886,70.84,ETH-25JUL25-3500-C,3024.71,buy,1.0,1.0,,,,,,,1752472359.506
2153,ETH-257550004,1752472551538,0,0.0085,0.008307,70.73,ETH-25JUL25-3500-C,3037.2,buy,50.0,50.0,,,,,,,1752472551.538
2154,ETH-257550240,1752472720162,0,0.009,0.008507,71.65,ETH-25JUL25-3500-C,3040.57,buy,2.0,2.0,,,,,,,1752472720.162
2155,ETH-257552193,1752473844333,2,0.0085,0.008157,71.37,ETH-25JUL25-3500-C,3031.73,buy,4.0,4.0,,,,,,,1752473844.333
2156,ETH-257555360,1752475823768,2,0.0082,0.008354,70.83,ETH-25JUL25-3500-C,3030.17,sell,125.0,125.0,2.0,BLOCK-210413,ETH-CS-25JUL25-3200_3500,,,,1752475823.768
2157,ETH-257557726,1752478671024,0,0.0089,0.008935,71.78,ETH-25JUL25-3500-C,3038.44,sell,125.0,125.0,2.0,BLOCK-210433,ETH-CS-25JUL25-3200_3500,,,,1752478671.024
2158,ETH-257559579,1752479525199,0,0.0092,0.009269,71.69,ETH-25JUL25-3500-C,3045.52,sell,250.0,250.0,2.0,BLOCK-210440,ETH-CS-25JUL25-3200_3500,,,,1752479525.199
2159,ETH-257560448,1752480083045,2,0.0085,0.009062,70.32,ETH-25JUL25-3500-C,3043.27,sell,1.0,1.0,,,,,,,1752480083.045
2160,ETH-257561084,1752480499518,2,0.0081,0.008605,70.4,ETH-25JUL25-3500-C,3033.25,sell,250.0,250.0,2.0,BLOCK-210451,ETH-CS-25JUL25-3200_3500,,,,1752480499.518
2161,ETH-257562191,1752481318941,0,0.0086,0.008363,72.57,ETH-25JUL25-3500-C,3026.1,sell,1000.0,1000.0,2.0,BLOCK-210461,ETH-CSR12-25JUL25-3300_3500,,8701.0,,1752481318.941
2162,ETH-257564705,1752484728111,0,0.0091,0.008577,72.13,ETH-25JUL25-3500-C,3041.47,buy,3000.0,3000.0,3.0,BLOCK-210469,,,,,1752484728.111
2163,ETH-257566116,1752486183381,2,0.009,0.009004,70.66,ETH-25JUL25-3500-C,3053.31,buy,25.0,25.0,,,,,,,1752486183.381
2164,ETH-257577487,1752489556998,0,0.01,0.009898,71.21,ETH-25JUL25-3500-C,3069.72,buy,19.0,19.0,,,,,,,1752489556.998
2165,ETH-257577520,1752489566202,1,0.01,0.009985,71.05,ETH-25JUL25-3500-C,3071.11,buy,1.0,1.0,,,,,,,1752489566.202
2166,ETH-257580298,1752491179978,0,0.0105,0.010453,72.1,ETH-25JUL25-3500-C,3072.39,buy,1.0,1.0,,,,,,,1752491179.978
2167,ETH-257582097,1752491444211,0,0.011,0.010847,72.35,ETH-25JUL25-3500-C,3079.82,buy,3.0,3.0,,,,,,,1752491444.211
2168,ETH-257583604,1752491832189,2,0.0105,0.010576,72.31,ETH-25JUL25-3500-C,3071.68,buy,3.0,3.0,,,,,,,1752491832.189
2169,ETH-257586701,1752492805113,2,0.01,0.010188,72.21,ETH-25JUL25-3500-C,3063.19,buy,1.0,1.0,,,,,,,1752492805.113
