trade_seq,trade_id,timestamp,tick_direction,price,mark_price,iv,instrument_name,index_price,direction,contracts,amount,block_trade_leg_count,block_trade_id,combo_id,block_rfq_id,liquidation,combo_trade_id,unix_sec
924,ETH-256161402,1751303631844,0,0.016,0.015924,63.22,ETH-25JUL25-2900-C,2475.02,buy,1.0,1.0,,,,,,,1751303631.844
925,ETH-256161794,1751303652986,0,0.0165,0.016534,63.07,ETH-25JUL25-2900-C,2483.36,buy,1.0,1.0,,,,,,,1751303652.986
926,ETH-256169787,1751309997469,1,0.0165,0.016495,62.88,ETH-25JUL25-2900-C,2486.67,buy,10.0,10.0,,,,,,,1751309997.469
927,ETH-256175346,1751313788326,0,0.0175,0.017881,62.09,ETH-25JUL25-2900-C,2508.8,sell,1.0,1.0,,,,,,,1751313788.326
928,ETH-256177303,1751315122408,0,0.0185,0.018446,62.49,ETH-25JUL25-2900-C,2517.57,buy,1.0,1.0,,,,,,,1751315122.408
929,ETH-256180579,1751318940196,2,0.017,0.016848,62.55,ETH-25JUL25-2900-C,2497.21,buy,1.0,1.0,,,,,,,1751318940.196
930,ETH-256181158,1751319391948,3,0.017,0.016975,62.45,ETH-25JUL25-2900-C,2497.98,buy,1.0,1.0,,,,,,,1751319391.948
931,ETH-256182604,1751320895635,2,0.0165,0.016451,62.56,ETH-25JUL25-2900-C,2490.57,buy,1.0,1.0,,,,,,,1751320895.635
932,ETH-256186577,1751326236024,2,0.016,0.016003,61.89,ETH-25JUL25-2900-C,2491.07,buy,1.0,1.0,,,,,,,1751326236.024
933,ETH-256186874,1751326523142,2,0.0155,0.015787,61.49,ETH-25JUL25-2900-C,2487.97,sell,2.0,2.0,,,,,,,1751326523.142
934,ETH-256190063,1751330794174,0,0.016,0.015768,61.9,ETH-25JUL25-2900-C,2491.87,buy,1.0,1.0,,,,,,,1751330794.174
935,ETH-256190228,1751331085373,2,0.0155,0.015773,61.09,ETH-25JUL25-2900-C,2493.01,buy,1.0,1.0,,,,,,,1751331085.373
936,ETH-256191137,1751332906287,3,0.0155,0.015722,60.8,ETH-25JUL25-2900-C,2496.35,sell,12.0,12.0,,,,,,,1751332906.287
937,ETH-256191370,1751333550818,3,0.0155,0.015431,61.14,ETH-25JUL25-2900-C,2492.89,buy,5.0,5.0,,,,,,,1751333550.818
938,ETH-256191374,1751333552908,3,0.0155,0.015441,61.13,ETH-25JUL25-2900-C,2493.06,buy,5.0,5.0,,,,,,,1751333552.908
939,ETH-256191381,1751333554428,3,0.0155,0.01545,61.12,ETH-25JUL25-2900-C,2493.13,buy,5.0,5.0,,,,,,,1751333554.428
940,ETH-256191382,1751333555768,3,0.0155,0.015453,61.1,ETH-25JUL25-2900-C,2493.3,buy,5.0,5.0,,,,,,,1751333555.768
941,ETH-256191383,1751333563725,3,0.0155,0.015469,61.1,ETH-25JUL25-2900-C,2493.34,buy,5.0,5.0,,,,,,,1751333563.725
942,ETH-256191384,1751333565065,3,0.0155,0.015468,61.1,ETH-25JUL25-2900-C,2493.32,buy,5.0,5.0,,,,,,,1751333565.065
943,ETH-256192128,1751335003488,2,0.015,0.015244,60.78,ETH-25JUL25-2900-C,2489.72,sell,60.0,60.0,,,,,,,1751335003.488
944,ETH-256192129,1751335003488,3,0.015,0.015244,60.78,ETH-25JUL25-2900-C,2489.72,sell,1.0,1.0,,,,,,,1751335003.488
945,ETH-256192130,1751335003488,3,0.015,0.015244,60.78,ETH-25JUL25-2900-C,2489.72,sell,3.0,3.0,,,,,,,1751335003.488
946,ETH-256200423,1751347321586,2,0.013,0.012833,61.14,ETH-25JUL25-2900-C,2456.39,buy,1.0,1.0,,,,,,,1751347321.586
947,ETH-256200713,1751347766016,3,0.013,0.012946,61.05,ETH-25JUL25-2900-C,2456.94,buy,1.0,1.0,,,,,,,1751347766.016
948,ETH-256201124,1751348072019,3,0.013,0.012907,61.15,ETH-25JUL25-2900-C,2456.64,buy,1.0,1.0,,,,,,,1751348072.019
949,ETH-256201568,1751348438854,3,0.013,0.012913,61.18,ETH-25JUL25-2900-C,2456.15,buy,1.0,1.0,,,,,,,1751348438.854
950,ETH-256203021,1751349806949,3,0.013,0.013052,60.87,ETH-25JUL25-2900-C,2459.47,buy,1.0,1.0,,,,,,,1751349806.949
951,ETH-256203343,1751350829649,3,0.013,0.013077,60.78,ETH-25JUL25-2900-C,2460.48,sell,200.0,200.0,,,,,,,1751350829.649
952,ETH-256203628,1751351261871,3,0.013,0.012986,60.91,ETH-25JUL25-2900-C,2459.4,buy,1.0,1.0,,,,,,,1751351261.871
953,ETH-256203758,1751351561892,3,0.013,0.013004,60.87,ETH-25JUL25-2900-C,2459.77,buy,1.0,1.0,,,,,,,1751351561.892
954,ETH-256203875,1751351934128,2,0.0125,0.013007,60.03,ETH-25JUL25-2900-C,2460.59,sell,1.0,1.0,,,,,,,1751351934.128
955,ETH-256204508,1751353680469,0,0.013,0.013078,60.68,ETH-25JUL25-2900-C,2462.49,buy,3.0,3.0,,,,,,,1751353680.469
956,ETH-256206516,1751354993790,1,0.013,0.013093,60.7,ETH-25JUL25-2900-C,2462.53,buy,1.0,1.0,,,,,,,1751354993.79
957,ETH-256207692,1751355754031,1,0.013,0.013019,60.64,ETH-25JUL25-2900-C,2463.93,buy,1.0,1.0,,,,,,,1751355754.031
958,ETH-256208598,1751356792969,1,0.013,0.013025,60.53,ETH-25JUL25-2900-C,2465.58,sell,1.0,1.0,,,,,,,1751356792.969
959,ETH-256208933,1751356998032,1,0.013,0.012917,60.78,ETH-25JUL25-2900-C,2462.92,buy,1.0,1.0,,,,,,,1751356998.032
960,ETH-256210151,1751358175420,1,0.013,0.012623,61.12,ETH-25JUL25-2900-C,2459.69,buy,4.0,4.0,,,,,,,1751358175.42
961,ETH-256210885,1751358863231,2,0.0125,0.012541,60.5,ETH-25JUL25-2900-C,2458.35,buy,1.0,1.0,,,,,,,1751358863.231
962,ETH-256212074,1751360291028,3,0.0125,0.012126,60.96,ETH-25JUL25-2900-C,2453.01,buy,1.0,1.0,,,,,,,1751360291.028
963,ETH-256212097,1751360305144,3,0.0125,0.012145,60.92,ETH-25JUL25-2900-C,2453.39,buy,1.0,1.0,,,,,,,1751360305.144
964,ETH-256212104,1751360311359,3,0.0125,0.01216,60.9,ETH-25JUL25-2900-C,2453.59,buy,1.0,1.0,,,,,,,1751360311.359
965,ETH-256212114,1751360377641,3,0.0125,0.012167,60.88,ETH-25JUL25-2900-C,2453.76,buy,1.0,1.0,,,,,,,1751360377.641
966,ETH-256214061,1751363584880,2,0.0115,0.012054,59.14,ETH-25JUL25-2900-C,2455.54,sell,4.0,4.0,,,,,,,1751363584.88
967,ETH-256214209,1751363833667,0,0.0125,0.012212,60.46,ETH-25JUL25-2900-C,2458.41,buy,1.0,1.0,,,,,,,1751363833.667
968,ETH-256214666,1751364211721,1,0.0125,0.012291,60.31,ETH-25JUL25-2900-C,2460.21,buy,1.0,1.0,,,,,,,1751364211.721
969,ETH-256214668,1751364218388,1,0.0125,0.012297,60.31,ETH-25JUL25-2900-C,2460.25,buy,1.0,1.0,,,,,,,1751364218.388
970,ETH-256215289,1751365486740,2,0.012,0.01208,59.55,ETH-25JUL25-2900-C,2460.11,buy,1.0,1.0,,,,,,,1751365486.74
971,ETH-256215678,1751365924919,2,0.0115,0.011837,59.2,ETH-25JUL25-2900-C,2455.44,sell,1.0,1.0,,,,,,,1751365924.919
972,ETH-256219865,1751371041754,3,0.0115,0.011248,59.88,ETH-25JUL25-2900-C,2449.3,buy,1.0,1.0,,,,,,,1751371041.754
973,ETH-256219867,1751371046804,3,0.0115,0.011236,59.91,ETH-25JUL25-2900-C,2449.0,buy,1.0,1.0,,,,,,,1751371046.804
974,ETH-256219873,1751371054913,3,0.0115,0.011239,59.9,ETH-25JUL25-2900-C,2449.15,buy,1.0,1.0,,,,,,,1751371054.913
975,ETH-256219912,1751371117807,3,0.0115,0.011189,59.96,ETH-25JUL25-2900-C,2448.63,buy,1.0,1.0,,,,,,,1751371117.807
976,ETH-256219935,1751371162112,3,0.0115,0.011221,59.96,ETH-25JUL25-2900-C,2448.59,buy,1.0,1.0,,,,,,,1751371162.112
977,ETH-256219953,1751371175385,3,0.0115,0.011275,59.9,ETH-25JUL25-2900-C,2449.22,buy,1.0,1.0,,,,,,,1751371175.385
978,ETH-256219979,1751371206617,3,0.0115,0.011285,59.91,ETH-25JUL25-2900-C,2449.1,sell,1.0,1.0,,,,,,,1751371206.617
979,ETH-256219987,1751371216968,3,0.0115,0.011274,59.92,ETH-25JUL25-2900-C,2449.06,sell,1.0,1.0,,,,,,,1751371216.968
980,ETH-256220001,1751371228711,3,0.0115,0.011324,59.84,ETH-25JUL25-2900-C,2449.83,sell,1.0,1.0,,,,,,,1751371228.711
981,ETH-256220009,1751371241537,3,0.0115,0.011301,59.86,ETH-25JUL25-2900-C,2449.64,sell,1.0,1.0,,,,,,,1751371241.537
982,ETH-256220021,1751371267818,3,0.0115,0.01132,59.85,ETH-25JUL25-2900-C,2449.65,sell,1.0,1.0,,,,,,,1751371267.818
983,ETH-256220053,1751371297881,3,0.0115,0.011346,59.81,ETH-25JUL25-2900-C,2450.06,sell,1.0,1.0,,,,,,,1751371297.881
984,ETH-256220056,1751371308628,3,0.0115,0.01134,59.83,ETH-25JUL25-2900-C,2449.93,sell,1.0,1.0,,,,,,,1751371308.628
985,ETH-256220066,1751371323538,3,0.0115,0.011332,59.84,ETH-25JUL25-2900-C,2449.81,sell,1.0,1.0,,,,,,,1751371323.538
986,ETH-256220070,1751371332959,3,0.0115,0.011337,59.84,ETH-25JUL25-2900-C,2449.81,sell,1.0,1.0,,,,,,,1751371332.959
987,ETH-256220089,1751371363251,3,0.0115,0.011365,59.82,ETH-25JUL25-2900-C,2450.03,buy,1.0,1.0,,,,,,,1751371363.251
988,ETH-256220111,1751371386611,3,0.0115,0.011378,59.79,ETH-25JUL25-2900-C,2450.32,sell,1.0,1.0,,,,,,,1751371386.611
989,ETH-256220121,1751371406159,3,0.0115,0.011397,59.77,ETH-25JUL25-2900-C,2450.51,sell,1.0,1.0,,,,,,,1751371406.159
990,ETH-256221236,1751372625447,2,0.011,0.010904,59.64,ETH-25JUL25-2900-C,2443.3,sell,1.0,1.0,,,,,,,1751372625.447
991,ETH-256222450,1751373715507,2,0.0105,0.010833,58.9,ETH-25JUL25-2900-C,2442.55,sell,10.0,10.0,,,,,,,1751373715.507
992,ETH-256223508,1751374437133,3,0.0105,0.010481,59.37,ETH-25JUL25-2900-C,2437.67,sell,1.0,1.0,,,,,,,1751374437.133
993,ETH-256225277,1751376538005,0,0.011,0.011041,59.69,ETH-25JUL25-2900-C,2443.29,buy,1.0,1.0,,,,,,,1751376538.005
994,ETH-256227306,1751377594148,2,0.01,0.010491,58.72,ETH-25JUL25-2900-C,2435.76,sell,1.0,1.0,,,,,,,1751377594.148
995,ETH-256227413,1751377677852,0,0.011,0.010688,60.09,ETH-25JUL25-2900-C,2439.29,buy,60.0,60.0,,,,,,,1751377677.852
996,ETH-256227414,1751377677852,1,0.011,0.010688,60.09,ETH-25JUL25-2900-C,2439.29,buy,1.0,1.0,,,,,,,1751377677.852
997,ETH-256228160,1751378295565,0,0.0115,0.011307,60.28,ETH-25JUL25-2900-C,2445.61,buy,1.0,1.0,,,,,,,1751378295.565
999,ETH-256228726,1751378572485,3,0.011,0.011451,59.5,ETH-25JUL25-2900-C,2445.57,sell,101.0,101.0,,,,,,,1751378572.485
1000,ETH-256228727,1751378572485,3,0.011,0.011451,59.5,ETH-25JUL25-2900-C,2445.57,sell,353.0,353.0,,,,,,,1751378572.485
998,ETH-256228725,1751378572485,2,0.011,0.011451,59.5,ETH-25JUL25-2900-C,2445.57,sell,60.0,60.0,,,,,,,1751378572.485
1001,ETH-256228728,1751378572485,3,0.011,0.011451,59.5,ETH-25JUL25-2900-C,2445.57,sell,86.0,86.0,,,,,,,1751378572.485
1002,ETH-256229578,1751378996188,3,0.011,0.011741,58.93,ETH-25JUL25-2900-C,2451.49,sell,1.0,1.0,,,,,,,1751378996.188
1003,ETH-256233209,1751380794243,2,0.0105,0.010463,60.41,ETH-25JUL25-2900-C,2427.02,buy,5.0,5.0,,,,,,,1751380794.243
1004,ETH-256237306,1751382171431,3,0.0105,0.010287,61.03,ETH-25JUL25-2900-C,2420.75,buy,1.0,1.0,,,,,,,1751382171.431
1005,ETH-256237770,1751382348424,3,0.0105,0.010595,60.5,ETH-25JUL25-2900-C,2426.19,buy,1.0,1.0,,,,,,,1751382348.424
1006,ETH-256237836,1751382388225,3,0.0105,0.010641,60.4,ETH-25JUL25-2900-C,2427.22,buy,1.0,1.0,,,,,,,1751382388.225
1007,ETH-256247012,1751393555429,2,0.0102,0.01051,59.76,ETH-25JUL25-2900-C,2429.99,buy,260.0,260.0,3.0,BLOCK-208041,,7538.0,,,1751393555.429
1008,ETH-256251279,1751396506319,2,0.009,0.00944,59.57,ETH-25JUL25-2900-C,2409.2,sell,1.0,1.0,,,,,,,1751396506.319
1009,ETH-256257919,1751400765411,2,0.0085,0.009076,59.42,ETH-25JUL25-2900-C,2401.2,sell,1.0,1.0,,,,,,,1751400765.411
1010,ETH-256269805,1751411674196,2,0.008,0.008542,59.61,ETH-25JUL25-2900-C,2390.35,sell,1.0,1.0,,,,,,,1751411674.196
1011,ETH-256271514,1751414478017,0,0.0095,0.009253,61.08,ETH-25JUL25-2900-C,2406.15,buy,1.0,1.0,,,,,,,1751414478.017
1013,ETH-256275338,1751419060259,3,0.0085,0.008488,60.85,ETH-25JUL25-2900-C,2389.01,sell,2.0,2.0,,,,,,,1751419060.259
1012,ETH-256275337,1751419060259,2,0.0085,0.008488,60.85,ETH-25JUL25-2900-C,2389.01,sell,2.0,2.0,,,,,,,1751419060.259
1014,ETH-256277885,1751419241387,3,0.0085,0.008718,60.45,ETH-25JUL25-2900-C,2392.91,sell,1.0,1.0,,,,,,,1751419241.387
1015,ETH-256286796,1751428114635,0,0.01,0.010166,59.87,ETH-25JUL25-2900-C,2430.21,sell,1.0,1.0,,,,,,,1751428114.635
1016,ETH-256286875,1751428168941,1,0.01,0.010206,59.79,ETH-25JUL25-2900-C,2431.22,sell,1.0,1.0,,,,,,,1751428168.941
1017,ETH-256286917,1751428200981,1,0.01,0.010115,59.93,ETH-25JUL25-2900-C,2429.86,sell,1.0,1.0,,,,,,,1751428200.981
1018,ETH-256287002,1751428345271,1,0.01,0.010032,60.07,ETH-25JUL25-2900-C,2428.39,sell,1.0,1.0,,,,,,,1751428345.271
1019,ETH-256287043,1751428472385,1,0.01,0.010157,59.84,ETH-25JUL25-2900-C,2430.68,sell,1.0,1.0,,,,,,,1751428472.385
1020,ETH-256287140,1751428741675,1,0.01,0.010148,59.84,ETH-25JUL25-2900-C,2430.82,sell,1.0,1.0,,,,,,,1751428741.675
1021,ETH-256287385,1751428999571,1,0.01,0.00997,60.12,ETH-25JUL25-2900-C,2428.22,buy,1.0,1.0,,,,,,,1751428999.571
1022,ETH-256287445,1751429120721,1,0.01,0.009982,60.1,ETH-25JUL25-2900-C,2428.39,buy,1.0,1.0,,,,,,,1751429120.721
1023,ETH-256288191,1751430788524,1,0.01,0.009989,60.0,ETH-25JUL25-2900-C,2429.89,buy,1.0,1.0,,,,,,,1751430788.524
1024,ETH-256290309,1751433360079,0,0.0105,0.010674,59.3,ETH-25JUL25-2900-C,2446.54,sell,1.0,1.0,,,,,,,1751433360.079
1025,ETH-256290437,1751433434151,1,0.0105,0.010506,59.61,ETH-25JUL25-2900-C,2443.66,sell,1.0,1.0,,,,,,,1751433434.151
1027,ETH-256290529,1751433560043,1,0.0105,0.0105,59.58,ETH-25JUL25-2900-C,2443.87,sell,2.0,2.0,,,,,,,1751433560.043
1026,ETH-256290528,1751433560043,1,0.0105,0.0105,59.58,ETH-25JUL25-2900-C,2443.87,sell,2.0,2.0,,,,,,,1751433560.043
1028,ETH-256292918,1751437952398,1,0.0105,0.010506,59.6,ETH-25JUL25-2900-C,2444.46,sell,2.0,2.0,,,,,,,1751437952.398
1029,ETH-256292919,1751437952398,1,0.0105,0.010506,59.6,ETH-25JUL25-2900-C,2444.46,sell,2.0,2.0,,,,,,,1751437952.398
1030,ETH-256292926,1751437958099,1,0.0105,0.010515,59.58,ETH-25JUL25-2900-C,2444.68,sell,2.0,2.0,,,,,,,1751437958.099
1031,ETH-256293974,1751439484647,0,0.011,0.010945,59.72,ETH-25JUL25-2900-C,2452.44,buy,1.0,1.0,,,,,,,1751439484.647
1032,ETH-256294332,1751439870314,1,0.011,0.011015,59.64,ETH-25JUL25-2900-C,2453.21,buy,1.0,1.0,,,,,,,1751439870.314
1034,ETH-256296325,1751441409096,3,0.0105,0.010494,59.69,ETH-25JUL25-2900-C,2444.32,sell,2.0,2.0,,,,,,,1751441409.096
1033,ETH-256296324,1751441409096,2,0.0105,0.010494,59.69,ETH-25JUL25-2900-C,2444.32,sell,2.0,2.0,,,,,,,1751441409.096
1036,ETH-256300089,1751445145809,3,0.0105,0.010539,59.31,ETH-25JUL25-2900-C,2449.37,sell,2.0,2.0,,,,,,,1751445145.809
1035,ETH-256300088,1751445145809,3,0.0105,0.010539,59.31,ETH-25JUL25-2900-C,2449.37,sell,2.0,2.0,,,,,,,1751445145.809
1037,ETH-256301351,1751446563451,3,0.0105,0.010442,59.26,ETH-25JUL25-2900-C,2450.18,buy,1.0,1.0,,,,,,,1751446563.451
1038,ETH-256301353,1751446573200,3,0.0105,0.010442,59.26,ETH-25JUL25-2900-C,2450.17,sell,1.0,1.0,,,,,,,1751446573.2
1039,ETH-256301370,1751446594453,3,0.0105,0.010449,59.25,ETH-25JUL25-2900-C,2450.27,sell,1.0,1.0,,,,,,,1751446594.453
1040,ETH-256301405,1751446631452,3,0.0105,0.010402,59.35,ETH-25JUL25-2900-C,2449.42,sell,1.0,1.0,,,,,,,1751446631.452
1041,ETH-256301433,1751446733694,3,0.0105,0.010419,59.32,ETH-25JUL25-2900-C,2449.43,sell,1.0,1.0,,,,,,,1751446733.694
1042,ETH-256301438,1751446740504,3,0.0105,0.01043,59.29,ETH-25JUL25-2900-C,2449.78,sell,1.0,1.0,,,,,,,1751446740.504
1043,ETH-256301445,1751446760777,3,0.0105,0.01043,59.31,ETH-25JUL25-2900-C,2449.51,sell,1.0,1.0,,,,,,,1751446760.777
1044,ETH-256301455,1751446795187,3,0.0105,0.010447,59.28,ETH-25JUL25-2900-C,2449.84,sell,1.0,1.0,,,,,,,1751446795.187
1045,ETH-256301485,1751446820207,3,0.0105,0.010471,59.28,ETH-25JUL25-2900-C,2449.85,sell,1.0,1.0,,,,,,,1751446820.207
1046,ETH-256306177,1751454324211,3,0.0105,0.010784,58.46,ETH-25JUL25-2900-C,2458.8,sell,2.0,2.0,,,,,,,1751454324.211
1047,ETH-256309720,1751458604239,2,0.01,0.009966,59.1,ETH-25JUL25-2900-C,2443.16,buy,1.0,1.0,,,,,,,1751458604.239
1048,ETH-256309721,1751458604239,3,0.01,0.009966,59.1,ETH-25JUL25-2900-C,2443.16,buy,1.0,1.0,,,,,,,1751458604.239
1049,ETH-256309722,1751458604657,3,0.01,0.00997,59.1,ETH-25JUL25-2900-C,2443.17,buy,2.0,2.0,,,,,,,1751458604.657
1050,ETH-256310312,1751459355508,3,0.01,0.010003,59.1,ETH-25JUL25-2900-C,2442.97,buy,1.0,1.0,,,,,,,1751459355.508
1051,ETH-256314543,1751463580759,0,0.0106,0.01025,59.61,ETH-25JUL25-2900-C,2449.67,buy,2000.0,2000.0,2.0,BLOCK-208192,ETH-CSR12-25JUL25-2600_2900,,,,1751463580.759
1052,ETH-256315665,1751464348024,2,0.0105,0.01032,59.44,ETH-25JUL25-2900-C,2449.82,buy,1.0,1.0,,,,,,,1751464348.024
1053,ETH-256316722,1751465615430,0,0.011,0.011015,59.59,ETH-25JUL25-2900-C,2457.1,sell,1.0,1.0,,,,,,,1751465615.43
1054,ETH-256318945,1751466630023,1,0.011,0.011416,58.82,ETH-25JUL25-2900-C,2465.48,sell,1.0,1.0,,,,,,,1751466630.023
1055,ETH-256320994,1751468087977,1,0.011,0.01141,58.64,ETH-25JUL25-2900-C,2468.29,sell,5.0,5.0,,,,,,,1751468087.977
1056,ETH-256322393,1751468969137,0,0.0126,0.011957,60.57,ETH-25JUL25-2900-C,2475.4,buy,250.0,250.0,1.0,BLOCK-208226,,,,,1751468969.137
1057,ETH-256323071,1751469046028,0,0.013,0.012466,60.48,ETH-25JUL25-2900-C,2482.28,buy,250.0,250.0,1.0,BLOCK-208228,,,,,1751469046.028
1058,ETH-256326053,1751469259958,2,0.0125,0.013231,58.48,ETH-25JUL25-2900-C,2494.02,sell,1.0,1.0,,,,,,,1751469259.958
1059,ETH-256329247,1751470247987,0,0.0139,0.013356,60.72,ETH-25JUL25-2900-C,2494.12,buy,250.0,250.0,1.0,BLOCK-208243,,,,,1751470247.987
1060,ETH-256329315,1751470275794,2,0.0138,0.013227,60.78,ETH-25JUL25-2900-C,2492.18,buy,250.0,250.0,1.0,BLOCK-208244,,,,,1751470275.794
1061,ETH-256330775,1751471136960,2,0.0135,0.013585,59.93,ETH-25JUL25-2900-C,2495.75,buy,1.0,1.0,,,,,,,1751471136.96
1062,ETH-256334382,1751472318298,0,0.0145,0.014827,59.61,ETH-25JUL25-2900-C,2513.06,sell,1.0,1.0,,,,,,,1751472318.298
1063,ETH-256334847,1751472345349,0,0.015,0.015027,59.98,ETH-25JUL25-2900-C,2516.46,buy,29.0,29.0,,,,,,,1751472345.349
1064,ETH-256334848,1751472345352,1,0.015,0.015027,59.98,ETH-25JUL25-2900-C,2516.46,buy,1.0,1.0,,,,,,,1751472345.352
1065,ETH-256334853,1751472345366,1,0.015,0.015027,59.98,ETH-25JUL25-2900-C,2516.46,buy,1.0,1.0,,,,,,,1751472345.366
1066,ETH-256343408,1751473628305,0,0.0165,0.016957,59.86,ETH-25JUL25-2900-C,2537.7,sell,5.0,5.0,,,,,,,1751473628.305
1067,ETH-256343409,1751473628320,1,0.0165,0.016957,59.86,ETH-25JUL25-2900-C,2537.7,sell,68.0,68.0,,,,,,,1751473628.32
1068,ETH-256344321,1751473947459,1,0.0165,0.016914,59.97,ETH-25JUL25-2900-C,2537.17,sell,1.0,1.0,,,,,,,1751473947.459
1069,ETH-256345610,1751474606068,0,0.017,0.017502,59.94,ETH-25JUL25-2900-C,2544.33,sell,7.0,7.0,,,,,,,1751474606.068
1070,ETH-256350049,1751475546643,0,0.019,0.018864,61.09,ETH-25JUL25-2900-C,2558.8,buy,1.0,1.0,,,,,,,1751475546.643
1071,ETH-256364573,1751479020283,0,0.0205,0.02053,62.54,ETH-25JUL25-2900-C,2563.4,buy,12.0,12.0,,,,,,,1751479020.283
1072,ETH-256364576,1751479023914,1,0.0205,0.020468,62.57,ETH-25JUL25-2900-C,2563.13,buy,12.0,12.0,,,,,,,1751479023.914
1073,ETH-256364894,1751479214861,0,0.021,0.020951,62.49,ETH-25JUL25-2900-C,2569.53,buy,22.0,22.0,,,,,,,1751479214.861
1074,ETH-256366257,1751479558357,2,0.0205,0.021049,61.81,ETH-25JUL25-2900-C,2570.3,sell,1.0,1.0,,,,,,,1751479558.357
1075,ETH-256366258,1751479559107,3,0.0205,0.021019,61.8,ETH-25JUL25-2900-C,2570.39,sell,19.0,19.0,,,,,,,1751479559.107
1076,ETH-256366718,1751479832938,0,0.021,0.021032,62.4,ETH-25JUL25-2900-C,2570.16,buy,12.0,12.0,,,,,,,1751479832.938
1077,ETH-256369019,1751482052615,0,0.0221,0.02183,62.62,ETH-25JUL25-2900-C,2580.82,buy,500.0,500.0,2.0,BLOCK-208292,ETH-CS-25JUL25-2900_3400,,,,1751482052.615
1078,ETH-256373350,1751486102994,0,0.0225,0.022814,62.38,ETH-25JUL25-2900-C,2587.99,sell,1.0,1.0,,,,,,,1751486102.994
1079,ETH-256373840,1751486188743,0,0.0235,0.02294,63.21,ETH-25JUL25-2900-C,2591.62,buy,58.0,58.0,,,,,,,1751486188.743
1080,ETH-256379200,1751486765007,0,0.025,0.024887,64.37,ETH-25JUL25-2900-C,2598.12,buy,87.0,87.0,,,,,,,1751486765.007
1081,ETH-256380489,1751487190544,1,0.025,0.02497,64.38,ETH-25JUL25-2900-C,2598.29,buy,10.0,10.0,,,,,,,1751487190.544
1082,ETH-256382305,1751488106809,1,0.025,0.024681,64.93,ETH-25JUL25-2900-C,2593.76,buy,29.0,29.0,,,,,,,1751488106.809
1083,ETH-256382308,1751488106822,1,0.025,0.024681,64.93,ETH-25JUL25-2900-C,2593.76,buy,15.0,15.0,,,,,,,1751488106.822
1084,ETH-256383549,1751488856805,0,0.0255,0.02549,64.63,ETH-25JUL25-2900-C,2601.07,buy,10.0,10.0,,,,,,,1751488856.805
1085,ETH-256383864,1751488956337,0,0.026,0.025826,64.96,ETH-25JUL25-2900-C,2603.45,buy,10.0,10.0,,,,,,,1751488956.337
1086,ETH-256389650,1751493648698,2,0.025,0.025449,64.32,ETH-25JUL25-2900-C,2599.71,sell,100.0,100.0,,,,,,,1751493648.698
1087,ETH-256389861,1751493744973,3,0.025,0.024665,64.68,ETH-25JUL25-2900-C,2597.31,buy,13.0,13.0,,,,,,,1751493744.973
1093,ETH-256389987,1751493818045,3,0.0245,0.025048,63.79,ETH-25JUL25-2900-C,2599.66,sell,260.0,260.0,,,,,,,1751493818.045
1089,ETH-256389983,1751493818045,3,0.0245,0.025048,63.79,ETH-25JUL25-2900-C,2599.66,sell,1.0,1.0,,,,,,,1751493818.045
1090,ETH-256389984,1751493818045,3,0.0245,0.025048,63.79,ETH-25JUL25-2900-C,2599.66,sell,11.0,11.0,,,,,,,1751493818.045
1091,ETH-256389985,1751493818045,3,0.0245,0.025048,63.79,ETH-25JUL25-2900-C,2599.66,sell,2.0,2.0,,,,,,,1751493818.045
1094,ETH-256389988,1751493818045,3,0.0245,0.025048,63.79,ETH-25JUL25-2900-C,2599.66,sell,500.0,500.0,,,,,,,1751493818.045
1092,ETH-256389986,1751493818045,3,0.0245,0.025048,63.79,ETH-25JUL25-2900-C,2599.66,sell,100.0,100.0,,,,,,,1751493818.045
1088,ETH-256389982,1751493818045,2,0.0245,0.025048,63.79,ETH-25JUL25-2900-C,2599.66,sell,100.0,100.0,,,,,,,1751493818.045
1095,ETH-256389989,1751493818048,3,0.0245,0.025048,63.79,ETH-25JUL25-2900-C,2599.66,buy,137.0,137.0,,,,,,,1751493818.048
1096,ETH-256389995,1751493818162,3,0.0245,0.025048,63.79,ETH-25JUL25-2900-C,2599.66,sell,11.0,11.0,,,,,,,1751493818.162
1097,ETH-256389996,1751493818591,3,0.0245,0.025044,63.79,ETH-25JUL25-2900-C,2599.66,sell,11.0,11.0,,,,,,,1751493818.591
1098,ETH-256391399,1751494908034,2,0.024,0.024579,63.63,ETH-25JUL25-2900-C,2595.59,sell,1.0,1.0,,,,,,,1751494908.034
1099,ETH-256392342,1751495669793,0,0.0265,0.025839,65.02,ETH-25JUL25-2900-C,2609.55,buy,10.0,10.0,,,,,,,1751495669.793
1100,ETH-256396455,1751497724087,2,0.0235,0.023979,63.88,ETH-25JUL25-2900-C,2589.46,sell,1.0,1.0,,,,,,,1751497724.087
1101,ETH-256400093,1751500243187,2,0.022,0.022647,63.66,ETH-25JUL25-2900-C,2574.77,sell,1.0,1.0,,,,,,,1751500243.187
1102,ETH-256400744,1751500832198,0,0.0225,0.022769,64.25,ETH-25JUL25-2900-C,2575.06,buy,1.0,1.0,,,,,,,1751500832.198
1103,ETH-256403645,1751504432691,1,0.0225,0.022381,64.44,ETH-25JUL25-2900-C,2573.56,sell,1.0,1.0,,,,,,,1751504432.691
1104,ETH-256406265,1751508032904,2,0.022,0.022479,62.98,ETH-25JUL25-2900-C,2581.4,sell,1.0,1.0,,,,,,,1751508032.904
1105,ETH-256408984,1751511632758,2,0.0215,0.021038,63.92,ETH-25JUL25-2900-C,2568.45,buy,1.0,1.0,,,,,,,1751511632.758
1106,ETH-256411717,1751517398448,3,0.0215,0.021162,63.77,ETH-25JUL25-2900-C,2570.32,buy,12.0,12.0,,,,,,,1751517398.448
1107,ETH-256416111,1751521375721,0,0.0235,0.023068,63.84,ETH-25JUL25-2900-C,2592.05,buy,500.0,500.0,2.0,BLOCK-208387,ETH-CSR12-25JUL25-2600_2900,7706.0,,,1751521375.721
1108,ETH-256418300,1751523822327,0,0.024,0.023703,63.85,ETH-25JUL25-2900-C,2597.9,buy,12.0,12.0,,,,,,,1751523822.327
1109,ETH-256418301,1751523822333,1,0.024,0.023703,63.85,ETH-25JUL25-2900-C,2597.9,sell,41.0,41.0,,,,,,,1751523822.333
1110,ETH-256418304,1751523827259,1,0.024,0.023746,63.86,ETH-25JUL25-2900-C,2597.83,sell,1.0,1.0,,,,,,,1751523827.259
1111,ETH-256418520,1751523999710,0,0.0245,0.024344,64.12,ETH-25JUL25-2900-C,2600.32,sell,7.0,7.0,,,,,,,1751523999.71
1112,ETH-256418521,1751524001224,1,0.0245,0.024344,64.12,ETH-25JUL25-2900-C,2600.33,sell,24.0,24.0,,,,,,,1751524001.224
1113,ETH-256418591,1751524098904,1,0.0245,0.024514,64.13,ETH-25JUL25-2900-C,2600.03,sell,165.0,165.0,,,,,,,1751524098.904
1115,ETH-256419228,1751525016795,1,0.0245,0.024176,64.4,ETH-25JUL25-2900-C,2598.24,buy,14.0,14.0,,,,,,,1751525016.795
1114,ETH-256419227,1751525016795,1,0.0245,0.024176,64.4,ETH-25JUL25-2900-C,2598.24,buy,100.0,100.0,,,,,,,1751525016.795
1117,ETH-256419230,1751525016809,1,0.0245,0.024176,64.4,ETH-25JUL25-2900-C,2598.24,buy,28.0,28.0,,,,,,,1751525016.809
1116,ETH-256419229,1751525016809,1,0.0245,0.024176,64.4,ETH-25JUL25-2900-C,2598.24,buy,86.0,86.0,,,,,,,1751525016.809
1118,ETH-256420625,1751526483751,2,0.024,0.024281,63.97,ETH-25JUL25-2900-C,2597.02,sell,1.0,1.0,,,,,,,1751526483.751
1119,ETH-256421043,1751526894710,2,0.0239,0.023988,64.19,ETH-25JUL25-2900-C,2593.61,buy,125.0,125.0,4.0,BLOCK-208410,ETH-IBUT-25JUL25-2300_2600_2900,,,,1751526894.71
1120,ETH-256421808,1751527806799,0,0.024,0.023931,63.95,ETH-25JUL25-2900-C,2596.79,buy,10.0,10.0,,,,,,,1751527806.799
1121,ETH-256422860,1751528470484,0,0.0248,0.024743,64.4,ETH-25JUL25-2900-C,2602.17,buy,150.0,150.0,4.0,BLOCK-208418,ETH-IBUT-25JUL25-2300_2600_2900,,,,1751528470.484
1124,ETH-256426592,1751530794838,3,0.0245,0.024525,64.27,ETH-25JUL25-2900-C,2600.12,sell,2.0,2.0,,,,,,,1751530794.838
1122,ETH-256426590,1751530794838,2,0.0245,0.024525,64.27,ETH-25JUL25-2900-C,2600.12,sell,2.0,2.0,,,,,,,1751530794.838
1123,ETH-256426591,1751530794838,3,0.0245,0.024525,64.27,ETH-25JUL25-2900-C,2600.12,sell,2.0,2.0,,,,,,,1751530794.838
1125,ETH-256430865,1751534062472,3,0.0245,0.024472,64.6,ETH-25JUL25-2900-C,2598.22,buy,2.0,2.0,,,,,,,1751534062.472
1126,ETH-256430866,1751534062473,3,0.0245,0.024472,64.6,ETH-25JUL25-2900-C,2598.22,buy,2.0,2.0,,,,,,,1751534062.473
1127,ETH-256430867,1751534062475,3,0.0245,0.024472,64.6,ETH-25JUL25-2900-C,2598.22,buy,2.0,2.0,,,,,,,1751534062.475
1129,ETH-256430955,1751534093698,3,0.0245,0.024465,64.6,ETH-25JUL25-2900-C,2598.16,buy,2.0,2.0,,,,,,,1751534093.698
1128,ETH-256430954,1751534093698,3,0.0245,0.024465,64.6,ETH-25JUL25-2900-C,2598.16,buy,2.0,2.0,,,,,,,1751534093.698
1130,ETH-256430956,1751534093702,3,0.0245,0.024465,64.6,ETH-25JUL25-2900-C,2598.16,buy,2.0,2.0,,,,,,,1751534093.702
1131,ETH-256430975,1751534116487,3,0.0245,0.024442,64.62,ETH-25JUL25-2900-C,2597.82,buy,8.0,8.0,,,,,,,1751534116.487
1132,ETH-256432987,1751535276565,0,0.0255,0.025733,64.89,ETH-25JUL25-2900-C,2604.73,sell,20.0,20.0,,,,,,,1751535276.565
1133,ETH-256433072,1751535303185,0,0.026,0.025864,65.38,ETH-25JUL25-2900-C,2605.69,buy,20.0,20.0,,,,,,,1751535303.185
1134,ETH-256433073,1751535303239,1,0.026,0.025864,65.38,ETH-25JUL25-2900-C,2605.69,sell,13.0,13.0,,,,,,,1751535303.239
1135,ETH-256433128,1751535317541,1,0.026,0.025838,65.48,ETH-25JUL25-2900-C,2604.99,sell,1.0,1.0,,,,,,,1751535317.541
1136,ETH-256433129,1751535317579,1,0.026,0.025838,65.48,ETH-25JUL25-2900-C,2604.99,sell,1.0,1.0,,,,,,,1751535317.579
1137,ETH-256433135,1751535318448,1,0.026,0.025842,65.47,ETH-25JUL25-2900-C,2605.01,sell,1.0,1.0,,,,,,,1751535318.448
1138,ETH-256433138,1751535318968,1,0.026,0.025851,65.52,ETH-25JUL25-2900-C,2604.67,sell,42.0,42.0,,,,,,,1751535318.968
1139,ETH-256433173,1751535341008,1,0.026,0.025803,65.77,ETH-25JUL25-2900-C,2602.82,sell,102.0,102.0,,,,,,,1751535341.008
1141,ETH-256433638,1751535521690,1,0.026,0.026362,65.11,ETH-25JUL25-2900-C,2608.0,sell,2.0,2.0,,,,,,,1751535521.69
1142,ETH-256433639,1751535521690,1,0.026,0.026362,65.11,ETH-25JUL25-2900-C,2608.0,sell,2.0,2.0,,,,,,,1751535521.69
1140,ETH-256433637,1751535521690,1,0.026,0.026362,65.11,ETH-25JUL25-2900-C,2608.0,sell,2.0,2.0,,,,,,,1751535521.69
1143,ETH-256433974,1751535693789,0,0.0265,0.026273,65.72,ETH-25JUL25-2900-C,2608.01,buy,39.0,39.0,,,,,,,1751535693.789
1144,ETH-256433975,1751535693789,1,0.0265,0.026273,65.72,ETH-25JUL25-2900-C,2608.01,buy,5.0,5.0,,,,,,,1751535693.789
1145,ETH-256433976,1751535694264,1,0.0265,0.026274,65.71,ETH-25JUL25-2900-C,2608.12,sell,10.0,10.0,,,,,,,1751535694.264
1147,ETH-256434389,1751535748115,1,0.0275,0.026987,66.26,ETH-25JUL25-2900-C,2613.49,buy,100.0,100.0,,,,,,,1751535748.115
1146,ETH-256434388,1751535748115,0,0.0275,0.026987,66.26,ETH-25JUL25-2900-C,2613.49,buy,443.0,443.0,,,,,,,1751535748.115
1148,ETH-256434390,1751535748115,1,0.0275,0.026987,66.26,ETH-25JUL25-2900-C,2613.49,buy,3.0,3.0,,,,,,,1751535748.115
1150,ETH-256437490,1751536603607,3,0.026,0.026033,65.94,ETH-25JUL25-2900-C,2601.46,sell,2.0,2.0,,,,,,,1751536603.607
1151,ETH-256437491,1751536603607,3,0.026,0.026033,65.94,ETH-25JUL25-2900-C,2601.46,sell,2.0,2.0,,,,,,,1751536603.607
1149,ETH-256437489,1751536603607,2,0.026,0.026033,65.94,ETH-25JUL25-2900-C,2601.46,sell,2.0,2.0,,,,,,,1751536603.607
1152,ETH-256438760,1751537070105,2,0.025,0.02561,65.15,ETH-25JUL25-2900-C,2598.24,sell,1.0,1.0,,,,,,,1751537070.105
1153,ETH-256439119,1751537266939,3,0.025,0.025509,65.26,ETH-25JUL25-2900-C,2597.33,sell,1.0,1.0,,,,,,,1751537266.939
1154,ETH-256439532,1751537473630,3,0.025,0.025545,65.17,ETH-25JUL25-2900-C,2598.02,sell,1.0,1.0,,,,,,,1751537473.63
1155,ETH-256440012,1751537845866,3,0.025,0.025682,64.94,ETH-25JUL25-2900-C,2600.22,sell,1.0,1.0,,,,,,,1751537845.866
1156,ETH-256440503,1751538005604,2,0.0245,0.024427,65.98,ETH-25JUL25-2900-C,2586.5,sell,1.0,1.0,,,,,,,1751538005.604
1157,ETH-256440514,1751538007996,3,0.0245,0.024355,66.01,ETH-25JUL25-2900-C,2586.16,sell,1.0,1.0,,,,,,,1751538007.996
1158,ETH-256442747,1751539601296,0,0.025,0.025074,65.81,ETH-25JUL25-2900-C,2592.91,sell,1.0,1.0,,,,,,,1751539601.296
1159,ETH-256443530,1751540046557,1,0.025,0.025485,65.21,ETH-25JUL25-2900-C,2597.95,sell,1.0,1.0,,,,,,,1751540046.557
1160,ETH-256443565,1751540064067,0,0.0255,0.025533,65.71,ETH-25JUL25-2900-C,2598.89,buy,20.0,20.0,,,,,,,1751540064.067
1161,ETH-256444023,1751540485505,2,0.025,0.025283,65.34,ETH-25JUL25-2900-C,2597.24,sell,88.0,88.0,,,,,,,1751540485.505
1162,ETH-256444024,1751540485511,3,0.025,0.025283,65.34,ETH-25JUL25-2900-C,2597.24,buy,176.0,176.0,,,,,,,1751540485.511
1163,ETH-256444025,1751540485513,3,0.025,0.025283,65.34,ETH-25JUL25-2900-C,2597.24,buy,236.0,236.0,,,,,,,1751540485.513
1164,ETH-256444057,1751540504397,2,0.0245,0.025251,64.79,ETH-25JUL25-2900-C,2596.75,sell,1.0,1.0,,,,,,,1751540504.397
1165,ETH-256444656,1751540991518,2,0.024,0.024831,64.67,ETH-25JUL25-2900-C,2592.93,sell,1.0,1.0,,,,,,,1751540991.518
1166,ETH-256445283,1751541609492,0,0.0245,0.025006,64.87,ETH-25JUL25-2900-C,2595.82,sell,1.0,1.0,,,,,,,1751541609.492
1167,ETH-256446031,1751542123470,2,0.024,0.02455,64.68,ETH-25JUL25-2900-C,2593.12,sell,1.0,1.0,,,,,,,1751542123.47
1168,ETH-256446470,1751542391232,2,0.0235,0.024182,64.51,ETH-25JUL25-2900-C,2588.9,sell,1.0,1.0,,,,,,,1751542391.232
1169,ETH-256447122,1751542601925,0,0.024,0.024323,64.83,ETH-25JUL25-2900-C,2591.42,sell,1.0,1.0,,,,,,,1751542601.925
1170,ETH-256447756,1751543175363,0,0.0245,0.024443,65.26,ETH-25JUL25-2900-C,2593.47,buy,1.0,1.0,,,,,,,1751543175.363
1171,ETH-256448105,1751543444913,1,0.0245,0.024707,64.94,ETH-25JUL25-2900-C,2595.99,sell,23.0,23.0,,,,,,,1751543444.913
1172,ETH-256448179,1751543501869,1,0.0245,0.024768,64.93,ETH-25JUL25-2900-C,2596.14,sell,22.0,22.0,,,,,,,1751543501.869
1174,ETH-256455049,1751546208253,3,0.024,0.024318,65.12,ETH-25JUL25-2900-C,2588.82,sell,100.0,100.0,,,,,,,1751546208.253
1173,ETH-256455048,1751546208253,2,0.024,0.024318,65.12,ETH-25JUL25-2900-C,2588.82,sell,100.0,100.0,,,,,,,1751546208.253
1175,ETH-256455050,1751546208255,3,0.024,0.024318,65.12,ETH-25JUL25-2900-C,2588.82,buy,158.0,158.0,,,,,,,1751546208.255
1176,ETH-256455051,1751546208256,3,0.024,0.024318,65.12,ETH-25JUL25-2900-C,2588.82,buy,142.0,142.0,,,,,,,1751546208.256
1177,ETH-256456594,1751546365533,2,0.023,0.022744,66.03,ETH-25JUL25-2900-C,2570.45,sell,1.0,1.0,,,,,,,1751546365.533
1178,ETH-256465481,1751549450510,0,0.025,0.02517,65.28,ETH-25JUL25-2900-C,2598.6,buy,1.0,1.0,,,,,,,1751549450.51
1179,ETH-256467337,1751549839746,0,0.0265,0.026276,65.45,ETH-25JUL25-2900-C,2612.21,buy,20.0,20.0,,,,,,,1751549839.746
1180,ETH-256471318,1751550156214,0,0.0275,0.027172,65.61,ETH-25JUL25-2900-C,2620.98,buy,2.0,2.0,,,,,,,1751550156.214
1181,ETH-256474175,1751550679733,0,0.028,0.028162,65.32,ETH-25JUL25-2900-C,2628.13,buy,2.0,2.0,,,,,,,1751550679.733
1182,ETH-256474430,1751550705965,0,0.029,0.028487,66.16,ETH-25JUL25-2900-C,2630.5,buy,54.0,54.0,,,,,,,1751550705.965
1183,ETH-256476287,1751551226251,2,0.028,0.027991,65.61,ETH-25JUL25-2900-C,2625.89,buy,13.0,13.0,,,,,,,1751551226.251
1184,ETH-256476295,1751551227668,3,0.028,0.028008,65.6,ETH-25JUL25-2900-C,2625.99,buy,1.0,1.0,,,,,,,1751551227.668
1185,ETH-256476296,1751551227676,3,0.028,0.028008,65.6,ETH-25JUL25-2900-C,2625.99,buy,1.0,1.0,,,,,,,1751551227.676
1186,ETH-256476354,1751551234106,3,0.028,0.028009,65.62,ETH-25JUL25-2900-C,2625.8,buy,5.0,5.0,,,,,,,1751551234.106
1187,ETH-256491663,1751557078671,2,0.0225,0.022676,64.99,ETH-25JUL25-2900-C,2576.25,buy,10.0,10.0,,,,,,,1751557078.671
1188,ETH-256493007,1751557769763,3,0.0225,0.022483,64.96,ETH-25JUL25-2900-C,2576.17,buy,8.0,8.0,,,,,,,1751557769.763
1189,ETH-256495124,1751558960045,2,0.022,0.021949,64.93,ETH-25JUL25-2900-C,2571.54,buy,15.0,15.0,,,,,,,1751558960.045
1190,ETH-256496679,1751559705051,3,0.022,0.021804,65.05,ETH-25JUL25-2900-C,2570.68,buy,21.0,21.0,,,,,,,1751559705.051
1191,ETH-256496680,1751559705051,0,0.0225,0.021804,65.69,ETH-25JUL25-2900-C,2570.68,buy,4.0,4.0,,,,,,,1751559705.051
1192,ETH-256513129,1751582828864,0,0.0235,0.023401,64.65,ETH-25JUL25-2900-C,2592.59,buy,9.0,9.0,,,,,,,1751582828.864
1193,ETH-256514705,1751586634882,2,0.023,0.023177,64.32,ETH-25JUL25-2900-C,2590.61,sell,1.0,1.0,,,,,,,1751586634.882
1194,ETH-256514884,1751587298093,0,0.0235,0.023329,64.77,ETH-25JUL25-2900-C,2592.26,buy,17.0,17.0,,,,,,,1751587298.093
1195,ETH-256514885,1751587298109,1,0.0235,0.023329,64.77,ETH-25JUL25-2900-C,2592.26,sell,7.0,7.0,,,,,,,1751587298.109
1196,ETH-256514886,1751587299102,1,0.0235,0.023333,64.78,ETH-25JUL25-2900-C,2592.19,sell,1.0,1.0,,,,,,,1751587299.102
1197,ETH-256520985,1751595502996,2,0.0227,0.022562,64.26,ETH-25JUL25-2900-C,2589.24,sell,100.0,100.0,6.0,BLOCK-208590,,,,,1751595502.996
1198,ETH-256523766,1751598033262,2,0.021,0.021467,63.61,ETH-25JUL25-2900-C,2576.68,sell,1.0,1.0,,,,,,,1751598033.262
1199,ETH-256530010,1751607568399,0,0.022,0.021324,64.59,ETH-25JUL25-2900-C,2580.63,buy,1.0,1.0,,,,,,,1751607568.399
1200,ETH-256530033,1751607623743,2,0.0215,0.021215,64.1,ETH-25JUL25-2900-C,2579.47,buy,1.0,1.0,,,,,,,1751607623.743
1201,ETH-256530074,1751607741824,0,0.022,0.02121,64.74,ETH-25JUL25-2900-C,2579.62,buy,1.0,1.0,,,,,,,1751607741.824
1202,ETH-256530119,1751607850829,2,0.0215,0.021154,64.17,ETH-25JUL25-2900-C,2579.03,buy,1.0,1.0,,,,,,,1751607850.829
1203,ETH-256537680,1751613658623,2,0.019,0.018835,64.48,ETH-25JUL25-2900-C,2547.73,buy,2.0,2.0,,,,,,,1751613658.623
1204,ETH-256537681,1751613658623,3,0.019,0.018835,64.48,ETH-25JUL25-2900-C,2547.73,buy,2.0,2.0,,,,,,,1751613658.623
1205,ETH-256538079,1751613930511,3,0.019,0.018965,64.29,ETH-25JUL25-2900-C,2549.01,buy,2.0,2.0,,,,,,,1751613930.511
1206,ETH-256538080,1751613930511,3,0.019,0.018965,64.29,ETH-25JUL25-2900-C,2549.01,buy,2.0,2.0,,,,,,,1751613930.511
1207,ETH-256541910,1751615515706,2,0.018,0.018029,64.31,ETH-25JUL25-2900-C,2537.78,buy,2.0,2.0,,,,,,,1751615515.706
1208,ETH-256541911,1751615515706,3,0.018,0.018029,64.31,ETH-25JUL25-2900-C,2537.78,buy,1.0,1.0,,,,,,,1751615515.706
1209,ETH-256542135,1751615544651,3,0.018,0.017968,64.38,ETH-25JUL25-2900-C,2537.28,buy,1.0,1.0,,,,,,,1751615544.651
1210,ETH-256543621,1751615882359,3,0.018,0.017897,64.46,ETH-25JUL25-2900-C,2536.12,buy,1.0,1.0,,,,,,,1751615882.359
1211,ETH-256543623,1751615883746,3,0.018,0.017931,64.46,ETH-25JUL25-2900-C,2536.12,buy,1.0,1.0,,,,,,,1751615883.746
1212,ETH-256543655,1751615890262,3,0.018,0.017897,64.5,ETH-25JUL25-2900-C,2535.72,buy,1.0,1.0,,,,,,,1751615890.262
1213,ETH-256543761,1751615951388,3,0.018,0.017978,64.39,ETH-25JUL25-2900-C,2536.74,buy,1.0,1.0,,,,,,,1751615951.388
1214,ETH-256543763,1751615953727,3,0.018,0.017985,64.41,ETH-25JUL25-2900-C,2536.59,sell,1.0,1.0,,,,,,,1751615953.727
1215,ETH-256543770,1751615956637,3,0.018,0.017969,64.42,ETH-25JUL25-2900-C,2536.52,buy,1.0,1.0,,,,,,,1751615956.637
1216,ETH-256543785,1751615965642,3,0.018,0.017929,64.47,ETH-25JUL25-2900-C,2536.07,buy,1.0,1.0,,,,,,,1751615965.642
1217,ETH-256543788,1751615966882,3,0.018,0.017929,64.48,ETH-25JUL25-2900-C,2536.03,buy,1.0,1.0,,,,,,,1751615966.882
1218,ETH-256550320,1751619484132,3,0.018,0.018099,63.25,ETH-25JUL25-2900-C,2548.09,buy,1.0,1.0,,,,,,,1751619484.132
1219,ETH-256550347,1751619504547,3,0.018,0.018087,63.28,ETH-25JUL25-2900-C,2547.88,buy,1.0,1.0,,,,,,,1751619504.547
1220,ETH-256550353,1751619510300,3,0.018,0.018081,63.28,ETH-25JUL25-2900-C,2547.88,buy,1.0,1.0,,,,,,,1751619510.3
1221,ETH-256550381,1751619550577,3,0.018,0.018085,63.27,ETH-25JUL25-2900-C,2548.04,buy,1.0,1.0,,,,,,,1751619550.577
1222,ETH-256550433,1751619615143,3,0.018,0.018088,63.25,ETH-25JUL25-2900-C,2548.23,buy,1.0,1.0,,,,,,,1751619615.143
1223,ETH-256553011,1751623081665,3,0.018,0.017866,62.72,ETH-25JUL25-2900-C,2552.63,buy,1.0,1.0,,,,,,,1751623081.665
1224,ETH-256553030,1751623126284,3,0.018,0.017857,62.73,ETH-25JUL25-2900-C,2552.61,buy,1.0,1.0,,,,,,,1751623126.284
1225,ETH-256553041,1751623152883,3,0.018,0.017809,62.79,ETH-25JUL25-2900-C,2552.13,buy,1.0,1.0,,,,,,,1751623152.883
1226,ETH-256553069,1751623237610,3,0.018,0.017864,62.7,ETH-25JUL25-2900-C,2552.88,buy,1.0,1.0,,,,,,,1751623237.61
1227,ETH-256555212,1751627989602,2,0.017,0.017031,61.71,ETH-25JUL25-2900-C,2550.14,sell,1.0,1.0,,,,,,,1751627989.602
1228,ETH-256555595,1751628970581,2,0.0165,0.017144,60.65,ETH-25JUL25-2900-C,2553.56,sell,1.0,1.0,,,,,,,1751628970.581
1229,ETH-256555596,1751628971862,3,0.0165,0.017145,60.65,ETH-25JUL25-2900-C,2553.54,sell,1.0,1.0,,,,,,,1751628971.862
1230,ETH-256556991,1751630921656,2,0.016,0.016517,60.63,ETH-25JUL25-2900-C,2547.53,sell,2.0,2.0,,,,,,,1751630921.656
1231,ETH-256561913,1751635764402,2,0.015,0.01555,60.36,ETH-25JUL25-2900-C,2537.23,sell,7.0,7.0,,,,,,,1751635764.402
1232,ETH-256564726,1751637242958,0,0.0155,0.015305,61.67,ETH-25JUL25-2900-C,2532.69,buy,1.0,1.0,,,,,,,1751637242.958
1233,ETH-256564729,1751637244311,1,0.0155,0.015292,61.67,ETH-25JUL25-2900-C,2532.71,buy,1.0,1.0,,,,,,,1751637244.311
1234,ETH-256565648,1751637941298,2,0.015,0.014742,61.95,ETH-25JUL25-2900-C,2523.74,buy,1.0,1.0,,,,,,,1751637941.298
1235,ETH-256566805,1751638316517,2,0.0145,0.014272,62.1,ETH-25JUL25-2900-C,2515.64,sell,3.0,3.0,,,,,,,1751638316.517
1236,ETH-256571435,1751640209894,0,0.015,0.015023,62.05,ETH-25JUL25-2900-C,2522.96,sell,200.0,200.0,3.0,BLOCK-208740,ETH-CBUT-25JUL25-2600_2900_3200,,,,1751640209.894
1237,ETH-256571684,1751640498465,2,0.0145,0.014798,61.71,ETH-25JUL25-2900-C,2519.0,sell,40.0,40.0,,,,,,,1751640498.465
1238,ETH-256579033,1751645063185,2,0.013,0.013155,62.29,ETH-25JUL25-2900-C,2492.36,sell,62.0,62.0,,,,,,,1751645063.185
1239,ETH-256579043,1751645066955,3,0.013,0.013137,62.31,ETH-25JUL25-2900-C,2492.19,sell,62.0,62.0,,,,,,,1751645066.955
1240,ETH-256580931,1751645495942,3,0.013,0.012969,62.75,ETH-25JUL25-2900-C,2488.23,buy,1.0,1.0,,,,,,,1751645495.942
1241,ETH-256582503,1751646005361,2,0.0125,0.012399,62.92,ETH-25JUL25-2900-C,2478.95,buy,5.0,5.0,,,,,,,1751646005.361
1242,ETH-256587300,1751648869424,0,0.0135,0.013593,63.01,ETH-25JUL25-2900-C,2493.18,sell,1.0,1.0,,,,,,,1751648869.424
1243,ETH-256587338,1751648954364,1,0.0135,0.013585,62.98,ETH-25JUL25-2900-C,2493.36,sell,1.0,1.0,,,,,,,1751648954.364
1244,ETH-256593961,1751661411638,1,0.0135,0.013734,63.18,ETH-25JUL25-2900-C,2494.49,sell,14.0,14.0,,,,,,,1751661411.638
1245,ETH-256630414,1751735092070,2,0.0115,0.012156,59.95,ETH-25JUL25-2900-C,2504.93,sell,5.0,5.0,,,,,,,1751735092.07
1246,ETH-256633462,1751743752132,3,0.0115,0.011583,60.78,ETH-25JUL25-2900-C,2498.3,buy,10.0,10.0,,,,,,,1751743752.132
1247,ETH-256636022,1751753171890,0,0.0125,0.012607,60.81,ETH-25JUL25-2900-C,2515.76,buy,1.0,1.0,,,,,,,1751753171.89
1248,ETH-256638068,1751762802419,0,0.0135,0.013321,62.36,ETH-25JUL25-2900-C,2518.48,buy,21.0,21.0,,,,,,,1751762802.419
1250,ETH-256638070,1751762802419,1,0.0135,0.013321,62.36,ETH-25JUL25-2900-C,2518.48,buy,178.0,178.0,,,,,,,1751762802.419
1249,ETH-256638069,1751762802419,1,0.0135,0.013321,62.36,ETH-25JUL25-2900-C,2518.48,buy,1.0,1.0,,,,,,,1751762802.419
1251,ETH-256638214,1751763038253,1,0.0135,0.013341,62.32,ETH-25JUL25-2900-C,2518.85,buy,240.0,240.0,,,,,,,1751763038.253
1252,ETH-256640838,1751778321910,2,0.0125,0.012212,61.66,ETH-25JUL25-2900-C,2512.45,buy,1.0,1.0,,,,,,,1751778321.91
1253,ETH-256641902,1751782652367,3,0.0125,0.012557,60.77,ETH-25JUL25-2900-C,2520.83,buy,216.0,216.0,,,,,,,1751782652.367
1254,ETH-256641917,1751782652417,3,0.0125,0.012557,60.77,ETH-25JUL25-2900-C,2520.83,buy,783.0,783.0,,,,,,,1751782652.417
1255,ETH-256645902,1751790511717,2,0.0115,0.011759,60.51,ETH-25JUL25-2900-C,2510.43,buy,1.0,1.0,,,,,,,1751790511.717
1256,ETH-256645976,1751790642331,3,0.0115,0.011746,60.47,ETH-25JUL25-2900-C,2510.94,buy,3.0,3.0,,,,,,,1751790642.331
1257,ETH-256646189,1751791193042,3,0.0115,0.011958,60.2,ETH-25JUL25-2900-C,2513.47,sell,1.0,1.0,,,,,,,1751791193.042
1258,ETH-256651704,1751807144848,0,0.0125,0.012292,61.7,ETH-25JUL25-2900-C,2518.49,buy,1.0,1.0,,,,,,,1751807144.848
1259,ETH-256655245,1751809026029,0,0.0135,0.013868,60.68,ETH-25JUL25-2900-C,2542.54,sell,1.0,1.0,,,,,,,1751809026.029
1260,ETH-256660793,1751810086629,0,0.0155,0.015553,61.01,ETH-25JUL25-2900-C,2566.9,buy,1.0,1.0,,,,,,,1751810086.629
1261,ETH-256676069,1751826874557,2,0.0125,0.013226,59.97,ETH-25JUL25-2900-C,2536.39,sell,1.0,1.0,,,,,,,1751826874.557
1262,ETH-256680764,1751837204363,0,0.0145,0.014458,60.38,ETH-25JUL25-2900-C,2562.88,buy,1.0,1.0,,,,,,,1751837204.363
1263,ETH-256681676,1751837435722,0,0.016,0.015947,60.51,ETH-25JUL25-2900-C,2580.89,buy,100.0,100.0,,,,,,,1751837435.722
1264,ETH-256685124,1751838109907,0,0.0185,0.017877,62.05,ETH-25JUL25-2900-C,2598.69,buy,20.0,20.0,,,,,,,1751838109.907
1265,ETH-256690207,1751839865280,2,0.0175,0.017544,61.07,ETH-25JUL25-2900-C,2596.08,sell,100.0,100.0,,,,,,,1751839865.28
1266,ETH-256690276,1751839927015,3,0.0175,0.0174,61.18,ETH-25JUL25-2900-C,2595.01,buy,12.0,12.0,,,,,,,1751839927.015
1267,ETH-256690908,1751840787609,3,0.0175,0.017582,61.28,ETH-25JUL25-2900-C,2594.21,sell,80.0,80.0,,,,,,,1751840787.609
1268,ETH-256691873,1751841274364,3,0.0175,0.017293,62.06,ETH-25JUL25-2900-C,2587.62,sell,8.0,8.0,,,,,,,1751841274.364
1269,ETH-256699314,1751849633694,2,0.015,0.015299,61.49,ETH-25JUL25-2900-C,2562.02,buy,30.0,30.0,,,,,,,1751849633.694
1270,ETH-256699315,1751849633695,3,0.015,0.015299,61.49,ETH-25JUL25-2900-C,2562.02,buy,70.0,70.0,,,,,,,1751849633.695
1271,ETH-256699324,1751849637827,3,0.015,0.015254,61.55,ETH-25JUL25-2900-C,2561.53,buy,3.0,3.0,,,,,,,1751849637.827
1272,ETH-256699372,1751849703720,3,0.015,0.014932,61.51,ETH-25JUL25-2900-C,2561.96,buy,25.0,25.0,,,,,,,1751849703.72
1273,ETH-256699524,1751849817570,2,0.0145,0.014738,60.86,ETH-25JUL25-2900-C,2561.13,buy,12.0,12.0,,,,,,,1751849817.57
1274,ETH-256699528,1751849817651,3,0.0145,0.014738,60.86,ETH-25JUL25-2900-C,2561.13,buy,88.0,88.0,,,,,,,1751849817.651
1275,ETH-256699540,1751849828046,3,0.0145,0.014684,60.83,ETH-25JUL25-2900-C,2561.4,buy,94.0,94.0,,,,,,,1751849828.046
1276,ETH-256699603,1751849908338,3,0.0145,0.014604,60.92,ETH-25JUL25-2900-C,2560.71,buy,6.0,6.0,,,,,,,1751849908.338
1277,ETH-256699606,1751849917578,3,0.0145,0.014575,60.89,ETH-25JUL25-2900-C,2560.94,buy,87.0,87.0,,,,,,,1751849917.578
1278,ETH-256699632,1751849929047,3,0.0145,0.014543,60.89,ETH-25JUL25-2900-C,2560.86,buy,13.0,13.0,,,,,,,1751849929.047
1279,ETH-256699634,1751849929841,3,0.0145,0.014548,60.86,ETH-25JUL25-2900-C,2561.18,buy,12.0,12.0,,,,,,,1751849929.841
1280,ETH-256699635,1751849933152,3,0.0145,0.014571,60.83,ETH-25JUL25-2900-C,2561.4,buy,87.0,87.0,,,,,,,1751849933.152
1281,ETH-256699640,1751849950046,3,0.0145,0.014569,60.82,ETH-25JUL25-2900-C,2561.37,buy,1.0,1.0,,,,,,,1751849950.046
1282,ETH-256699646,1751849952086,3,0.0145,0.014572,60.81,ETH-25JUL25-2900-C,2561.46,buy,3.0,3.0,,,,,,,1751849952.086
1283,ETH-256699661,1751849952457,3,0.0145,0.014571,60.8,ETH-25JUL25-2900-C,2561.56,buy,97.0,97.0,,,,,,,1751849952.457
1284,ETH-256699794,1751850124853,3,0.0145,0.01449,60.96,ETH-25JUL25-2900-C,2560.28,buy,17.0,17.0,,,,,,,1751850124.853
1285,ETH-256700781,1751851077434,3,0.0145,0.01455,60.99,ETH-25JUL25-2900-C,2559.72,buy,30.0,30.0,,,,,,,1751851077.434
1286,ETH-256700784,1751851078366,3,0.0145,0.014556,60.97,ETH-25JUL25-2900-C,2559.87,buy,53.0,53.0,,,,,,,1751851078.366
1287,ETH-256701182,1751851437825,3,0.0145,0.014574,61.08,ETH-25JUL25-2900-C,2559.05,buy,30.0,30.0,,,,,,,1751851437.825
1288,ETH-256701263,1751851519999,3,0.0145,0.014453,61.1,ETH-25JUL25-2900-C,2558.9,buy,15.0,15.0,,,,,,,1751851519.999
1289,ETH-256701878,1751852365571,0,0.015,0.014802,61.3,ETH-25JUL25-2900-C,2563.84,buy,30.0,30.0,,,,,,,1751852365.571
1290,ETH-256701904,1751852424757,1,0.015,0.014835,61.23,ETH-25JUL25-2900-C,2564.4,buy,20.0,20.0,,,,,,,1751852424.757
1291,ETH-256701907,1751852440461,1,0.015,0.014825,61.26,ETH-25JUL25-2900-C,2564.17,buy,2.0,2.0,,,,,,,1751852440.461
1292,ETH-256703154,1751854486270,0,0.0161,0.015815,61.49,ETH-25JUL25-2900-C,2576.61,buy,320.0,320.0,4.0,BLOCK-208877,,7897.0,,,1751854486.27
1294,ETH-256703343,1751854634980,3,0.016,0.016129,60.88,ETH-25JUL25-2900-C,2580.57,sell,75.0,75.0,,,,,,,1751854634.98
1293,ETH-256703342,1751854634980,2,0.016,0.016129,60.88,ETH-25JUL25-2900-C,2580.57,sell,54.0,54.0,,,,,,,1751854634.98
1295,ETH-256703344,1751854634999,3,0.016,0.016129,60.88,ETH-25JUL25-2900-C,2580.57,sell,3.0,3.0,,,,,,,1751854634.999
1296,ETH-256704870,1751856477439,3,0.016,0.015929,60.9,ETH-25JUL25-2900-C,2580.83,buy,2.0,2.0,,,,,,,1751856477.439
1297,ETH-256705303,1751857472295,2,0.0155,0.015682,60.6,ETH-25JUL25-2900-C,2577.0,sell,14.0,14.0,,,,,,,1751857472.295
1298,ETH-256705306,1751857505659,3,0.0155,0.015561,60.74,ETH-25JUL25-2900-C,2575.84,buy,13.0,13.0,,,,,,,1751857505.659
1299,ETH-256705307,1751857505674,3,0.0155,0.015561,60.74,ETH-25JUL25-2900-C,2575.84,sell,9.0,9.0,,,,,,,1751857505.674
1300,ETH-256706205,1751858828627,0,0.0165,0.016334,60.84,ETH-25JUL25-2900-C,2587.79,buy,10.0,10.0,,,,,,,1751858828.627
1301,ETH-256707870,1751861790587,2,0.016,0.015955,61.16,ETH-25JUL25-2900-C,2579.39,buy,12.0,12.0,,,,,,,1751861790.587
1302,ETH-256708543,1751863771262,2,0.0155,0.015497,61.12,ETH-25JUL25-2900-C,2573.89,buy,13.0,13.0,,,,,,,1751863771.262
1303,ETH-256708544,1751863777436,3,0.0155,0.015493,61.12,ETH-25JUL25-2900-C,2573.89,buy,11.0,11.0,,,,,,,1751863777.436
1304,ETH-256708560,1751863795949,3,0.0155,0.015526,61.12,ETH-25JUL25-2900-C,2573.91,buy,15.0,15.0,,,,,,,1751863795.949
1305,ETH-256708565,1751863799266,3,0.0155,0.015499,61.12,ETH-25JUL25-2900-C,2573.88,buy,8.0,8.0,,,,,,,1751863799.266
1306,ETH-256708805,1751864854817,3,0.0155,0.015707,60.95,ETH-25JUL25-2900-C,2575.83,sell,1.0,1.0,,,,,,,1751864854.817
1307,ETH-256708811,1751864854860,3,0.0155,0.015707,60.95,ETH-25JUL25-2900-C,2575.83,sell,6.0,6.0,,,,,,,1751864854.86
1308,ETH-256709451,1751866318916,2,0.015,0.0152,60.84,ETH-25JUL25-2900-C,2570.71,sell,2.0,2.0,,,,,,,1751866318.916
1309,ETH-256710119,1751867954482,3,0.015,0.015178,60.94,ETH-25JUL25-2900-C,2569.86,buy,25.0,25.0,,,,,,,1751867954.482
1310,ETH-256710985,1751869774102,0,0.0155,0.015514,61.21,ETH-25JUL25-2900-C,2575.18,buy,20.0,20.0,,,,,,,1751869774.102
1311,ETH-256712061,1751872093308,2,0.0145,0.014544,61.42,ETH-25JUL25-2900-C,2560.82,buy,20.0,20.0,,,,,,,1751872093.308
1312,ETH-256712998,1751873527399,0,0.015,0.015109,61.1,ETH-25JUL25-2900-C,2569.77,buy,10.0,10.0,,,,,,,1751873527.399
1313,ETH-256713004,1751873565993,1,0.015,0.01513,61.08,ETH-25JUL25-2900-C,2569.77,buy,10.0,10.0,,,,,,,1751873565.993
1314,ETH-256713018,1751873605813,1,0.015,0.015102,61.11,ETH-25JUL25-2900-C,2569.53,buy,10.0,10.0,,,,,,,1751873605.813
1315,ETH-256713339,1751874321223,0,0.0155,0.015449,61.25,ETH-25JUL25-2900-C,2574.83,buy,20.0,20.0,,,,,,,1751874321.223
1316,ETH-256714807,1751876185370,1,0.0155,0.015471,61.64,ETH-25JUL25-2900-C,2572.08,buy,20.0,20.0,,,,,,,1751876185.37
1317,ETH-256716726,1751878178307,0,0.016,0.016007,61.61,ETH-25JUL25-2900-C,2579.29,buy,20.0,20.0,,,,,,,1751878178.307
1318,ETH-256716740,1751878183314,1,0.016,0.015987,61.62,ETH-25JUL25-2900-C,2579.22,buy,20.0,20.0,,,,,,,1751878183.314
1319,ETH-256717153,1751878578797,0,0.0165,0.016576,61.54,ETH-25JUL25-2900-C,2585.89,buy,1.0,1.0,,,,,,,1751878578.797
1320,ETH-256718799,1751880344860,2,0.016,0.0159,62.01,ETH-25JUL25-2900-C,2576.1,buy,20.0,20.0,,,,,,,1751880344.86
1321,ETH-256719227,1751880966672,3,0.016,0.015913,62.03,ETH-25JUL25-2900-C,2576.46,buy,20.0,20.0,,,,,,,1751880966.672
1322,ETH-256719717,1751881749914,2,0.0155,0.015535,62.0,ETH-25JUL25-2900-C,2570.23,buy,20.0,20.0,,,,,,,1751881749.914
1323,ETH-256720214,1751882407164,3,0.0155,0.015481,62.02,ETH-25JUL25-2900-C,2569.8,buy,20.0,20.0,,,,,,,1751882407.164
1324,ETH-256720713,1751882803852,2,0.015,0.015011,62.01,ETH-25JUL25-2900-C,2563.54,buy,20.0,20.0,,,,,,,1751882803.852
1325,ETH-256721564,1751883953572,2,0.0145,0.014904,61.29,ETH-25JUL25-2900-C,2562.93,sell,5.0,5.0,,,,,,,1751883953.572
1326,ETH-256721901,1751884377418,3,0.0145,0.014878,61.44,ETH-25JUL25-2900-C,2561.77,sell,1.0,1.0,,,,,,,1751884377.418
1327,ETH-256721962,1751884441941,0,0.015,0.014923,62.17,ETH-25JUL25-2900-C,2562.36,buy,30.0,30.0,,,,,,,1751884441.941
1328,ETH-256722184,1751885114220,2,0.0145,0.014941,61.34,ETH-25JUL25-2900-C,2562.88,sell,4.0,4.0,,,,,,,1751885114.22
1329,ETH-256722285,1751885223269,3,0.0145,0.014902,61.41,ETH-25JUL25-2900-C,2562.16,sell,5.0,5.0,,,,,,,1751885223.269
1330,ETH-256723884,1751887636779,3,0.0145,0.014488,61.93,ETH-25JUL25-2900-C,2558.41,buy,20.0,20.0,,,,,,,1751887636.779
1332,ETH-256724361,1751888293934,1,0.015,0.014689,62.34,ETH-25JUL25-2900-C,2561.56,buy,1.0,1.0,,,,,,,1751888293.934
1331,ETH-256724360,1751888293934,0,0.015,0.014689,62.34,ETH-25JUL25-2900-C,2561.56,buy,26.0,26.0,,,,,,,1751888293.934
1334,ETH-256724363,1751888293934,1,0.015,0.014689,62.34,ETH-25JUL25-2900-C,2561.56,buy,70.0,70.0,,,,,,,1751888293.934
1335,ETH-256724364,1751888293934,1,0.015,0.014689,62.34,ETH-25JUL25-2900-C,2561.56,buy,62.0,62.0,,,,,,,1751888293.934
1333,ETH-256724362,1751888293934,1,0.015,0.014689,62.34,ETH-25JUL25-2900-C,2561.56,buy,20.0,20.0,,,,,,,1751888293.934
1336,ETH-256725901,1751890464447,2,0.0145,0.014488,62.13,ETH-25JUL25-2900-C,2557.3,buy,21.0,21.0,,,,,,,1751890464.447
1337,ETH-256726191,1751890667342,2,0.014,0.014048,62.12,ETH-25JUL25-2900-C,2550.84,sell,10.0,10.0,,,,,,,1751890667.342
1338,ETH-256726192,1751890667349,3,0.014,0.014048,62.12,ETH-25JUL25-2900-C,2550.84,buy,9.0,9.0,,,,,,,1751890667.349
1339,ETH-256726926,1751891105279,3,0.014,0.013991,62.11,ETH-25JUL25-2900-C,2550.59,buy,1.0,1.0,,,,,,,1751891105.279
1340,ETH-256729640,1751893604033,3,0.014,0.014033,62.1,ETH-25JUL25-2900-C,2551.49,buy,19.0,19.0,,,,,,,1751893604.033
1341,ETH-256732086,1751894417703,2,0.013,0.013048,62.1,ETH-25JUL25-2900-C,2537.53,buy,1.0,1.0,,,,,,,1751894417.703
1342,ETH-256732148,1751894426361,3,0.013,0.012988,62.13,ETH-25JUL25-2900-C,2537.38,buy,20.0,20.0,,,,,,,1751894426.361
1343,ETH-256738019,1751896950257,0,0.015,0.01494,62.7,ETH-25JUL25-2900-C,2560.3,buy,13.0,13.0,,,,,,,1751896950.257
1345,ETH-256738371,1751897080322,1,0.0155,0.015239,63.12,ETH-25JUL25-2900-C,2563.15,buy,36.0,36.0,,,,,,,1751897080.322
1344,ETH-256738370,1751897080322,0,0.0155,0.015239,63.12,ETH-25JUL25-2900-C,2563.15,buy,1.0,1.0,,,,,,,1751897080.322
1346,ETH-256738570,1751897194447,2,0.015,0.01545,62.03,ETH-25JUL25-2900-C,2565.7,sell,100.0,100.0,,,,,,,1751897194.447
1347,ETH-256738581,1751897205751,3,0.015,0.015358,62.14,ETH-25JUL25-2900-C,2564.81,sell,100.0,100.0,,,,,,,1751897205.751
1348,ETH-256742030,1751898870757,2,0.0135,0.013502,63.02,ETH-25JUL25-2900-C,2537.25,buy,20.0,20.0,,,,,,,1751898870.757
1349,ETH-256746084,1751901543489,2,0.013,0.013205,62.15,ETH-25JUL25-2900-C,2537.89,buy,1.0,1.0,,,,,,,1751901543.489
1350,ETH-256746363,1751901610980,3,0.013,0.012994,62.51,ETH-25JUL25-2900-C,2535.11,buy,20.0,20.0,,,,,,,1751901610.98
1351,ETH-256746397,1751901624374,3,0.013,0.012868,62.64,ETH-25JUL25-2900-C,2533.92,buy,20.0,20.0,,,,,,,1751901624.374
1352,ETH-256756755,1751909418646,0,0.0135,0.013451,62.78,ETH-25JUL25-2900-C,2541.12,buy,35.0,35.0,,,,,,,1751909418.646
1353,ETH-256759041,1751912120160,2,0.013,0.013031,62.57,ETH-25JUL25-2900-C,2536.26,sell,125.0,125.0,2.0,BLOCK-208997,ETH-CCAL-29AUG25_25JUL25-2900,7963.0,,,1751912120.16
1354,ETH-256759227,1751912222238,2,0.0125,0.012506,62.62,ETH-25JUL25-2900-C,2528.69,buy,20.0,20.0,,,,,,,1751912222.238
1355,ETH-256763428,1751915928628,0,0.014,0.01383,62.67,ETH-25JUL25-2900-C,2550.47,buy,1.0,1.0,,,,,,,1751915928.628
1356,ETH-256764257,1751916978084,1,0.014,0.013976,62.25,ETH-25JUL25-2900-C,2554.31,buy,20.0,20.0,,,,,,,1751916978.084
1357,ETH-256769749,1751923305604,2,0.0125,0.01247,62.93,ETH-25JUL25-2900-C,2529.21,sell,4.0,4.0,,,,,,,1751923305.604
1358,ETH-256769763,1751923312256,3,0.0125,0.012324,63.27,ETH-25JUL25-2900-C,2526.35,sell,196.0,196.0,,,,,,,1751923312.256
1359,ETH-256771409,1751924670197,0,0.013,0.012915,62.77,ETH-25JUL25-2900-C,2537.87,buy,1.0,1.0,,,,,,,1751924670.197
1360,ETH-256773858,1751932448504,1,0.013,0.012941,62.34,ETH-25JUL25-2900-C,2542.87,buy,20.0,20.0,,,,,,,1751932448.504
1361,ETH-256775887,1751934873721,0,0.0135,0.013307,62.54,ETH-25JUL25-2900-C,2548.79,buy,8.0,8.0,,,,,,,1751934873.721
1362,ETH-256775888,1751934873721,1,0.0135,0.013307,62.54,ETH-25JUL25-2900-C,2548.79,buy,100.0,100.0,,,,,,,1751934873.721
1363,ETH-256777143,1751935750747,2,0.013,0.012976,62.36,ETH-25JUL25-2900-C,2543.05,buy,20.0,20.0,,,,,,,1751935750.747
1364,ETH-256779069,1751936170889,3,0.013,0.013015,62.31,ETH-25JUL25-2900-C,2542.89,buy,20.0,20.0,,,,,,,1751936170.889
1365,ETH-256780347,1751938926992,2,0.0125,0.012495,62.81,ETH-25JUL25-2900-C,2532.19,buy,20.0,20.0,,,,,,,1751938926.992
1366,ETH-256784258,1751948514909,2,0.012,0.012206,61.92,ETH-25JUL25-2900-C,2534.21,buy,21.0,21.0,,,,,,,1751948514.909
1367,ETH-256784306,1751948698183,0,0.0125,0.012188,62.72,ETH-25JUL25-2900-C,2535.14,buy,1.0,1.0,,,,,,,1751948698.183
1368,ETH-256784307,1751948698183,1,0.0125,0.012188,62.72,ETH-25JUL25-2900-C,2535.14,buy,3.0,3.0,,,,,,,1751948698.183
1369,ETH-256784308,1751948698183,1,0.0125,0.012188,62.72,ETH-25JUL25-2900-C,2535.14,buy,1.0,1.0,,,,,,,1751948698.183
1370,ETH-256786994,1751955602090,1,0.0125,0.012512,60.71,ETH-25JUL25-2900-C,2553.69,buy,1.0,1.0,,,,,,,1751955602.09
1371,ETH-256787261,1751956338667,1,0.0125,0.012473,60.8,ETH-25JUL25-2900-C,2552.87,buy,1.0,1.0,,,,,,,1751956338.667
1372,ETH-256787262,1751956338707,1,0.0125,0.012473,60.8,ETH-25JUL25-2900-C,2552.87,buy,1.0,1.0,,,,,,,1751956338.707
1373,ETH-256787264,1751956350174,1,0.0125,0.012455,60.83,ETH-25JUL25-2900-C,2552.76,buy,1.0,1.0,,,,,,,1751956350.174
1374,ETH-256787285,1751956484518,1,0.0125,0.012521,60.69,ETH-25JUL25-2900-C,2553.81,buy,20.0,20.0,,,,,,,1751956484.518
1375,ETH-256787305,1751956510957,1,0.0125,0.012512,60.71,ETH-25JUL25-2900-C,2553.6,buy,1.0,1.0,,,,,,,1751956510.957
1376,ETH-256787349,1751956796285,1,0.0125,0.012455,60.79,ETH-25JUL25-2900-C,2553.35,buy,30.0,30.0,,,,,,,1751956796.285
1377,ETH-256787935,1751957453257,0,0.013,0.013017,60.51,ETH-25JUL25-2900-C,2562.84,buy,1.0,1.0,,,,,,,1751957453.257
1378,ETH-256788388,1751958377992,2,0.0125,0.012499,60.51,ETH-25JUL25-2900-C,2555.86,buy,1.0,1.0,,,,,,,1751958377.992
1379,ETH-256788389,1751958377995,3,0.0125,0.012499,60.51,ETH-25JUL25-2900-C,2555.86,buy,1.0,1.0,,,,,,,1751958377.995
1381,ETH-256788421,1751958443921,3,0.0125,0.012438,60.56,ETH-25JUL25-2900-C,2555.29,buy,1.0,1.0,,,,,,,1751958443.921
1380,ETH-256788420,1751958443921,3,0.0125,0.012438,60.56,ETH-25JUL25-2900-C,2555.29,buy,2.0,2.0,,,,,,,1751958443.921
1382,ETH-256789621,1751960242997,3,0.0125,0.01236,60.72,ETH-25JUL25-2900-C,2553.85,buy,1.0,1.0,,,,,,,1751960242.997
1384,ETH-256791552,1751962376209,3,0.0125,0.012472,60.41,ETH-25JUL25-2900-C,2556.93,buy,1.0,1.0,,,,,,,1751962376.209
1385,ETH-256791553,1751962376209,3,0.0125,0.012472,60.41,ETH-25JUL25-2900-C,2556.93,buy,2.0,2.0,,,,,,,1751962376.209
1383,ETH-256791551,1751962376209,3,0.0125,0.012472,60.41,ETH-25JUL25-2900-C,2556.93,buy,5.0,5.0,,,,,,,1751962376.209
1386,ETH-256791921,1751962630574,3,0.0125,0.01249,60.3,ETH-25JUL25-2900-C,2557.87,buy,1.0,1.0,,,,,,,1751962630.574
1387,ETH-256791922,1751962630574,3,0.0125,0.01249,60.3,ETH-25JUL25-2900-C,2557.87,buy,1.0,1.0,,,,,,,1751962630.574
1389,ETH-256792961,1751963906649,3,0.012,0.011957,60.35,ETH-25JUL25-2900-C,2550.06,buy,1.0,1.0,,,,,,,1751963906.649
1388,ETH-256792960,1751963906649,2,0.012,0.011957,60.35,ETH-25JUL25-2900-C,2550.06,buy,1.0,1.0,,,,,,,1751963906.649
1390,ETH-256793595,1751965167523,2,0.011,0.011762,58.97,ETH-25JUL25-2900-C,2546.74,sell,5.0,5.0,,,,,,,1751965167.523
1391,ETH-256793603,1751965181389,3,0.011,0.011756,58.98,ETH-25JUL25-2900-C,2546.63,sell,1.0,1.0,,,,,,,1751965181.389
1392,ETH-256793607,1751965190772,0,0.0115,0.011749,59.9,ETH-25JUL25-2900-C,2546.56,buy,5.0,5.0,,,,,,,1751965190.772
1393,ETH-256794364,1751966184678,1,0.0115,0.011926,59.62,ETH-25JUL25-2900-C,2548.84,sell,1.0,1.0,,,,,,,1751966184.678
1394,ETH-256794894,1751967105726,0,0.012,0.012043,60.21,ETH-25JUL25-2900-C,2551.27,buy,2.0,2.0,,,,,,,1751967105.726
1395,ETH-256796539,1751970913946,0,0.0125,0.01255,59.53,ETH-25JUL25-2900-C,2565.17,buy,2.0,2.0,,,,,,,1751970913.946
1398,ETH-256797234,1751971865519,1,0.0125,0.01235,59.79,ETH-25JUL25-2900-C,2563.19,buy,2.0,2.0,,,,,,,1751971865.519
1396,ETH-256797232,1751971865519,1,0.0125,0.01235,59.79,ETH-25JUL25-2900-C,2563.19,buy,1.0,1.0,,,,,,,1751971865.519
1397,ETH-256797233,1751971865519,1,0.0125,0.01235,59.79,ETH-25JUL25-2900-C,2563.19,buy,1.0,1.0,,,,,,,1751971865.519
1401,ETH-256797320,1751972138436,1,0.0125,0.01249,59.61,ETH-25JUL25-2900-C,2564.56,buy,2.0,2.0,,,,,,,1751972138.436
1399,ETH-256797318,1751972138436,1,0.0125,0.01249,59.61,ETH-25JUL25-2900-C,2564.56,buy,1.0,1.0,,,,,,,1751972138.436
1400,ETH-256797319,1751972138436,1,0.0125,0.01249,59.61,ETH-25JUL25-2900-C,2564.56,buy,1.0,1.0,,,,,,,1751972138.436
1402,ETH-256797394,1751972234570,1,0.0125,0.012442,59.66,ETH-25JUL25-2900-C,2564.26,buy,1.0,1.0,,,,,,,1751972234.57
1403,ETH-256797395,1751972234570,1,0.0125,0.012442,59.66,ETH-25JUL25-2900-C,2564.26,buy,1.0,1.0,,,,,,,1751972234.57
1404,ETH-256797969,1751972724513,0,0.013,0.013153,59.35,ETH-25JUL25-2900-C,2573.68,sell,1.0,1.0,,,,,,,1751972724.513
1405,ETH-256798222,1751972779007,0,0.0135,0.013388,59.8,ETH-25JUL25-2900-C,2577.28,buy,5.0,5.0,,,,,,,1751972779.007
1406,ETH-256798810,1751972837128,1,0.0135,0.013531,59.61,ETH-25JUL25-2900-C,2578.86,sell,2.0,2.0,,,,,,,1751972837.128
1407,ETH-256800328,1751975746640,1,0.0135,0.013515,59.99,ETH-25JUL25-2900-C,2576.01,buy,4.0,4.0,,,,,,,1751975746.64
1408,ETH-256802267,1751978825384,0,0.014,0.013968,60.02,ETH-25JUL25-2900-C,2583.5,buy,4.0,4.0,,,,,,,1751978825.384
1411,ETH-256803231,1751980014741,1,0.014,0.013889,59.97,ETH-25JUL25-2900-C,2584.17,buy,2.0,2.0,,,,,,,1751980014.741
1410,ETH-256803230,1751980014741,1,0.014,0.013889,59.97,ETH-25JUL25-2900-C,2584.17,buy,1.0,1.0,,,,,,,1751980014.741
1409,ETH-256803229,1751980014741,1,0.014,0.013889,59.97,ETH-25JUL25-2900-C,2584.17,buy,1.0,1.0,,,,,,,1751980014.741
1412,ETH-256803233,1751980015846,1,0.014,0.013889,59.71,ETH-25JUL25-2900-C,2586.22,buy,1.0,1.0,,,,,,,1751980015.846
1413,ETH-256803234,1751980015849,1,0.014,0.013889,59.71,ETH-25JUL25-2900-C,2586.22,buy,13.0,13.0,,,,,,,1751980015.849
1414,ETH-256803235,1751980015856,1,0.014,0.013889,59.71,ETH-25JUL25-2900-C,2586.22,buy,1.0,1.0,,,,,,,1751980015.856
1415,ETH-256803534,1751980427293,2,0.0135,0.013579,59.61,ETH-25JUL25-2900-C,2580.7,buy,1.0,1.0,,,,,,,1751980427.293
1417,ETH-256803544,1751980468477,3,0.0135,0.013443,59.7,ETH-25JUL25-2900-C,2579.88,buy,2.0,2.0,,,,,,,1751980468.477
1416,ETH-256803543,1751980468477,3,0.0135,0.013443,59.7,ETH-25JUL25-2900-C,2579.88,buy,1.0,1.0,,,,,,,1751980468.477
1418,ETH-256804654,1751982165515,3,0.0135,0.013569,59.91,ETH-25JUL25-2900-C,2578.12,buy,26.0,26.0,,,,,,,1751982165.515
1419,ETH-256804957,1751982324469,0,0.014,0.013986,60.05,ETH-25JUL25-2900-C,2583.46,buy,1.0,1.0,,,,,,,1751982324.469
1420,ETH-256804958,1751982324469,1,0.014,0.013986,60.05,ETH-25JUL25-2900-C,2583.46,buy,1.0,1.0,,,,,,,1751982324.469
1421,ETH-256806879,1751982821873,0,0.0145,0.01449,60.04,ETH-25JUL25-2900-C,2590.41,buy,30.0,30.0,,,,,,,1751982821.873
1422,ETH-256808878,1751984458587,2,0.0135,0.013323,60.44,ETH-25JUL25-2900-C,2573.99,buy,250.0,250.0,2.0,BLOCK-209106,ETH-CDIAG-25JUL25_11JUL25-2900_2700,,,,1751984458.587
1423,ETH-256809437,1751985364760,3,0.0135,0.013358,60.44,ETH-25JUL25-2900-C,2574.13,sell,72.0,72.0,4.0,BLOCK-209108,,,,,1751985364.76
1424,ETH-256814570,1751991998232,2,0.013,0.013114,59.59,ETH-25JUL25-2900-C,2576.23,buy,20.0,20.0,,,,,,,1751991998.232
1425,ETH-256815166,1751992554611,2,0.0125,0.012437,59.56,ETH-25JUL25-2900-C,2569.38,buy,1.0,1.0,,,,,,,1751992554.611
1426,ETH-256815167,1751992554611,3,0.0125,0.012437,59.56,ETH-25JUL25-2900-C,2569.38,buy,1.0,1.0,,,,,,,1751992554.611
1427,ETH-256815171,1751992565207,3,0.0125,0.012409,59.63,ETH-25JUL25-2900-C,2568.77,buy,1.0,1.0,,,,,,,1751992565.207
1428,ETH-256818133,1751994505866,0,0.015,0.014945,59.31,ETH-25JUL25-2900-C,2604.69,buy,1.0,1.0,,,,,,,1751994505.866
1429,ETH-256818571,1751994541519,1,0.015,0.014861,59.22,ETH-25JUL25-2900-C,2605.46,buy,1.0,1.0,,,,,,,1751994541.519
1430,ETH-256819787,1751994797364,0,0.016,0.015933,59.24,ETH-25JUL25-2900-C,2617.16,buy,30.0,30.0,,,,,,,1751994797.364
1432,ETH-256820416,1751994919390,1,0.0165,0.015923,60.03,ETH-25JUL25-2900-C,2617.28,buy,70.0,70.0,,,,,,,1751994919.39
1433,ETH-256820417,1751994919390,1,0.0165,0.015923,60.03,ETH-25JUL25-2900-C,2617.28,buy,6.0,6.0,,,,,,,1751994919.39
1431,ETH-256820415,1751994919390,0,0.0165,0.015923,60.03,ETH-25JUL25-2900-C,2617.28,buy,1.0,1.0,,,,,,,1751994919.39
1434,ETH-256820418,1751994919390,1,0.0165,0.015923,60.03,ETH-25JUL25-2900-C,2617.28,buy,190.0,190.0,,,,,,,1751994919.39
1435,ETH-256820419,1751994919403,1,0.0165,0.015923,60.03,ETH-25JUL25-2900-C,2617.28,buy,181.0,181.0,,,,,,,1751994919.403
1436,ETH-256820420,1751994919403,1,0.0165,0.015923,60.03,ETH-25JUL25-2900-C,2617.28,buy,86.0,86.0,,,,,,,1751994919.403
1437,ETH-256820421,1751994919411,1,0.0165,0.015923,60.03,ETH-25JUL25-2900-C,2617.28,buy,36.0,36.0,,,,,,,1751994919.411
1438,ETH-256820976,1751995067967,1,0.0165,0.016027,60.36,ETH-25JUL25-2900-C,2614.91,buy,100.0,100.0,,,,,,,1751995067.967
1439,ETH-256822952,1751995805296,1,0.0165,0.016191,60.67,ETH-25JUL25-2900-C,2612.33,buy,1.0,1.0,,,,,,,1751995805.296
1440,ETH-256823510,1751995969032,1,0.0165,0.016566,60.31,ETH-25JUL25-2900-C,2615.19,buy,5.0,5.0,,,,,,,1751995969.032
1441,ETH-256824135,1751996696691,2,0.016,0.016122,60.49,ETH-25JUL25-2900-C,2608.06,sell,2.0,2.0,,,,,,,1751996696.691
1442,ETH-256824136,1751996696984,3,0.016,0.016114,60.48,ETH-25JUL25-2900-C,2608.07,sell,1.0,1.0,,,,,,,1751996696.984
1444,ETH-256825583,1751997245852,1,0.0175,0.017386,60.52,ETH-25JUL25-2900-C,2625.31,buy,1.0,1.0,,,,,,,1751997245.852
1443,ETH-256825582,1751997245852,0,0.0175,0.017386,60.52,ETH-25JUL25-2900-C,2625.31,buy,37.0,37.0,,,,,,,1751997245.852
1446,ETH-256828680,1751998442947,3,0.017,0.016573,60.8,ETH-25JUL25-2900-C,2617.37,buy,33.0,33.0,,,,,,,1751998442.947
1448,ETH-256828682,1751998442947,3,0.017,0.016573,60.8,ETH-25JUL25-2900-C,2617.37,buy,36.0,36.0,,,,,,,1751998442.947
1445,ETH-256828679,1751998442947,2,0.017,0.016573,60.8,ETH-25JUL25-2900-C,2617.37,buy,1.0,1.0,,,,,,,1751998442.947
1447,ETH-256828681,1751998442947,3,0.017,0.016573,60.8,ETH-25JUL25-2900-C,2617.37,buy,125.0,125.0,,,,,,,1751998442.947
1449,ETH-256831031,1752001146705,2,0.0165,0.017211,59.17,ETH-25JUL25-2900-C,2624.96,sell,1.0,1.0,,,,,,,1752001146.705
1450,ETH-256832743,1752003215414,2,0.016,0.015849,60.81,ETH-25JUL25-2900-C,2606.23,sell,7.0,7.0,,,,,,,1752003215.414
1451,ETH-256834088,1752005243032,3,0.016,0.015954,60.62,ETH-25JUL25-2900-C,2607.99,buy,1.0,1.0,,,,,,,1752005243.032
1452,ETH-256835068,1752006587896,2,0.0155,0.016231,59.28,ETH-25JUL25-2900-C,2612.48,sell,4.0,4.0,,,,,,,1752006587.896
1453,ETH-256835069,1752006589431,3,0.0155,0.01623,59.28,ETH-25JUL25-2900-C,2612.47,sell,1.0,1.0,,,,,,,1752006589.431
1454,ETH-256835423,1752008034286,3,0.0155,0.015502,60.31,ETH-25JUL25-2900-C,2604.9,buy,1.0,1.0,,,,,,,1752008034.286
1455,ETH-256835427,1752008059461,3,0.0155,0.015512,60.32,ETH-25JUL25-2900-C,2604.81,buy,1.0,1.0,,,,,,,1752008059.461
1456,ETH-256836722,1752010209165,0,0.016,0.015797,60.59,ETH-25JUL25-2900-C,2608.56,buy,1.0,1.0,,,,,,,1752010209.165
1457,ETH-256838078,1752011659174,0,0.0165,0.016521,60.96,ETH-25JUL25-2900-C,2611.64,buy,1.0,1.0,,,,,,,1752011659.174
1458,ETH-256838387,1752012080597,1,0.0165,0.016523,61.0,ETH-25JUL25-2900-C,2611.54,buy,1.0,1.0,,,,,,,1752012080.597
1459,ETH-256840542,1752017327352,1,0.0165,0.016462,61.13,ETH-25JUL25-2900-C,2611.65,buy,1.0,1.0,,,,,,,1752017327.352
1460,ETH-256841689,1752020001071,1,0.0165,0.016527,61.01,ETH-25JUL25-2900-C,2613.34,buy,1.0,1.0,,,,,,,1752020001.071
1461,ETH-256841951,1752020297265,1,0.0165,0.016186,61.55,ETH-25JUL25-2900-C,2609.14,buy,72.0,72.0,,,,,,,1752020297.265
1462,ETH-256842612,1752021976604,0,0.017,0.016662,62.09,ETH-25JUL25-2900-C,2610.74,buy,1.0,1.0,,,,,,,1752021976.604
1463,ETH-256842613,1752021976604,1,0.017,0.016662,62.09,ETH-25JUL25-2900-C,2610.74,buy,12.0,12.0,,,,,,,1752021976.604
1464,ETH-256842614,1752021976604,1,0.017,0.016662,62.09,ETH-25JUL25-2900-C,2610.74,buy,55.0,55.0,,,,,,,1752021976.604
1465,ETH-256842615,1752021976604,1,0.017,0.016662,62.09,ETH-25JUL25-2900-C,2610.74,buy,2.0,2.0,,,,,,,1752021976.604
1467,ETH-256842722,1752022249585,1,0.0175,0.016889,62.92,ETH-25JUL25-2900-C,2610.11,buy,126.0,126.0,,,,,,,1752022249.585
1466,ETH-256842721,1752022249585,0,0.0175,0.016889,62.92,ETH-25JUL25-2900-C,2610.11,buy,125.0,125.0,,,,,,,1752022249.585
1469,ETH-256842724,1752022249594,1,0.0175,0.016889,62.92,ETH-25JUL25-2900-C,2610.11,buy,12.0,12.0,,,,,,,1752022249.594
1468,ETH-256842723,1752022249594,1,0.0175,0.016889,62.92,ETH-25JUL25-2900-C,2610.11,buy,40.0,40.0,,,,,,,1752022249.594
1470,ETH-256843046,1752022604409,1,0.0175,0.017655,62.3,ETH-25JUL25-2900-C,2614.12,sell,80.0,80.0,,,,,,,1752022604.409
1471,ETH-256843047,1752022604409,1,0.0175,0.017655,62.3,ETH-25JUL25-2900-C,2614.12,sell,325.0,325.0,,,,,,,1752022604.409
1472,ETH-256847298,1752029140276,2,0.0165,0.016755,61.86,ETH-25JUL25-2900-C,2607.85,sell,1.0,1.0,,,,,,,1752029140.276
1473,ETH-256847299,1752029140279,3,0.0165,0.016755,61.86,ETH-25JUL25-2900-C,2607.85,buy,4.0,4.0,,,,,,,1752029140.279
1474,ETH-256847460,1752029588191,3,0.0165,0.016494,62.21,ETH-25JUL25-2900-C,2605.44,buy,1.0,1.0,,,,,,,1752029588.191
1475,ETH-256847487,1752029685250,3,0.0165,0.016449,62.29,ETH-25JUL25-2900-C,2604.83,buy,1.0,1.0,,,,,,,1752029685.25
1476,ETH-256850634,1752036598125,3,0.0165,0.016418,62.89,ETH-25JUL25-2900-C,2601.06,buy,250.0,250.0,2.0,BLOCK-209223,ETH-CDIAG-25JUL25_11JUL25-2900_2700,,,,1752036598.125
1477,ETH-256852393,1752039355972,0,0.0175,0.017304,63.12,ETH-25JUL25-2900-C,2611.67,buy,1.0,1.0,,,,,,,1752039355.972
1478,ETH-256854858,1752039558258,0,0.02,0.019379,63.24,ETH-25JUL25-2900-C,2639.38,sell,1.0,1.0,,,,,,,1752039558.258
1479,ETH-256858089,1752041034899,2,0.018,0.01857,62.17,ETH-25JUL25-2900-C,2625.85,sell,1.0,1.0,,,,,,,1752041034.899
1480,ETH-256858539,1752041488921,3,0.018,0.018148,62.83,ETH-25JUL25-2900-C,2620.95,buy,10.0,10.0,,,,,,,1752041488.921
1481,ETH-256861214,1752046002191,3,0.018,0.018786,61.95,ETH-25JUL25-2900-C,2627.4,sell,10.0,10.0,,,,,,,1752046002.191
1482,ETH-256866120,1752051503025,2,0.016,0.016319,60.98,ETH-25JUL25-2900-C,2613.12,sell,10.0,10.0,,,,,,,1752051503.025
1483,ETH-256866156,1752051517500,3,0.016,0.01625,61.06,ETH-25JUL25-2900-C,2612.55,sell,10.0,10.0,,,,,,,1752051517.5
1484,ETH-256866179,1752051529984,3,0.016,0.016294,60.99,ETH-25JUL25-2900-C,2613.03,sell,10.0,10.0,,,,,,,1752051529.984
1485,ETH-256866203,1752051552403,0,0.0165,0.016373,61.62,ETH-25JUL25-2900-C,2614.13,buy,1.0,1.0,,,,,,,1752051552.403
1486,ETH-256867366,1752052206206,2,0.016,0.015991,61.51,ETH-25JUL25-2900-C,2609.15,buy,1.0,1.0,,,,,,,1752052206.206
1487,ETH-256867762,1752052298809,3,0.016,0.015829,61.83,ETH-25JUL25-2900-C,2606.78,buy,11.0,11.0,,,,,,,1752052298.809
1488,ETH-256868372,1752053243828,3,0.016,0.016242,61.17,ETH-25JUL25-2900-C,2611.91,buy,10.0,10.0,,,,,,,1752053243.828
1489,ETH-256868697,1752054440718,0,0.0165,0.016174,61.98,ETH-25JUL25-2900-C,2611.77,buy,1.0,1.0,,,,,,,1752054440.718
1490,ETH-256870060,1752058090650,0,0.0167,0.016785,61.46,ETH-25JUL25-2900-C,2619.06,sell,100.0,100.0,4.0,BLOCK-209254,,,,,1752058090.65
1491,ETH-256870343,1752058945056,2,0.0165,0.016826,61.18,ETH-25JUL25-2900-C,2619.08,sell,1.0,1.0,,,,,,,1752058945.056
1492,ETH-256870419,1752059012311,3,0.0165,0.016988,60.9,ETH-25JUL25-2900-C,2621.09,sell,1.0,1.0,,,,,,,1752059012.311
1493,ETH-256872105,1752061208904,0,0.017,0.017003,61.93,ETH-25JUL25-2900-C,2619.91,buy,1.0,1.0,,,,,,,1752061208.904
1494,ETH-256873295,1752062440197,0,0.0175,0.017695,61.74,ETH-25JUL25-2900-C,2626.86,sell,1.0,1.0,,,,,,,1752062440.197
1495,ETH-256873429,1752062510562,1,0.0175,0.017507,62.03,ETH-25JUL25-2900-C,2624.73,buy,1.0,1.0,,,,,,,1752062510.562
1496,ETH-256873439,1752062516197,1,0.0175,0.017498,62.08,ETH-25JUL25-2900-C,2624.42,buy,1.0,1.0,,,,,,,1752062516.197
1497,ETH-256874298,1752062994567,0,0.0185,0.018344,62.41,ETH-25JUL25-2900-C,2633.38,buy,1.0,1.0,,,,,,,1752062994.567
1498,ETH-256874676,1752063035647,0,0.019,0.018791,62.51,ETH-25JUL25-2900-C,2638.07,buy,100.0,100.0,,,,,,,1752063035.647
1499,ETH-256874754,1752063044341,1,0.019,0.01909,62.04,ETH-25JUL25-2900-C,2641.38,sell,96.0,96.0,,,,,,,1752063044.341
1500,ETH-256874755,1752063044349,1,0.019,0.019119,62.03,ETH-25JUL25-2900-C,2641.46,sell,2.0,2.0,,,,,,,1752063044.349
1501,ETH-256875037,1752063110081,1,0.019,0.018886,62.35,ETH-25JUL25-2900-C,2639.19,buy,1.0,1.0,,,,,,,1752063110.081
1502,ETH-256875899,1752063226011,0,0.0195,0.019476,62.21,ETH-25JUL25-2900-C,2645.9,buy,1.0,1.0,,,,,,,1752063226.011
1503,ETH-256875943,1752063243038,1,0.0195,0.019452,62.25,ETH-25JUL25-2900-C,2645.61,buy,1.0,1.0,,,,,,,1752063243.038
1506,ETH-256876111,1752063261727,1,0.02,0.019872,62.41,ETH-25JUL25-2900-C,2649.68,buy,100.0,100.0,,,,,,,1752063261.727
1504,ETH-256876109,1752063261727,0,0.02,0.019872,62.41,ETH-25JUL25-2900-C,2649.68,buy,104.0,104.0,,,,,,,1752063261.727
1505,ETH-256876110,1752063261727,1,0.02,0.019872,62.41,ETH-25JUL25-2900-C,2649.68,buy,1.0,1.0,,,,,,,1752063261.727
1507,ETH-256876615,1752063362135,1,0.02,0.01981,62.45,ETH-25JUL25-2900-C,2649.41,sell,150.0,150.0,,,,,,,1752063362.135
1508,ETH-256877741,1752063493071,0,0.0205,0.020331,62.77,ETH-25JUL25-2900-C,2652.16,buy,1.0,1.0,,,,,,,1752063493.071
1509,ETH-256880764,1752064199051,0,0.022,0.021643,63.27,ETH-25JUL25-2900-C,2662.92,sell,4.0,4.0,,,,,,,1752064199.051
1510,ETH-256880775,1752064201916,1,0.022,0.0217,63.19,ETH-25JUL25-2900-C,2663.46,sell,1.0,1.0,,,,,,,1752064201.916
1511,ETH-256880782,1752064202244,1,0.022,0.0217,63.19,ETH-25JUL25-2900-C,2663.46,sell,4.0,4.0,,,,,,,1752064202.244
1512,ETH-256880783,1752064202249,1,0.022,0.0217,63.19,ETH-25JUL25-2900-C,2663.46,sell,1.0,1.0,,,,,,,1752064202.249
1513,ETH-256880784,1752064202317,1,0.022,0.0217,63.19,ETH-25JUL25-2900-C,2663.46,sell,1.0,1.0,,,,,,,1752064202.317
1514,ETH-256880787,1752064202324,1,0.022,0.0217,63.19,ETH-25JUL25-2900-C,2663.46,sell,4.0,4.0,,,,,,,1752064202.324
1515,ETH-256880789,1752064202329,1,0.022,0.0217,63.19,ETH-25JUL25-2900-C,2663.46,sell,1.0,1.0,,,,,,,1752064202.329
1516,ETH-256880791,1752064202334,1,0.022,0.0217,63.19,ETH-25JUL25-2900-C,2663.46,sell,5.0,5.0,,,,,,,1752064202.334
1517,ETH-256880792,1752064202338,1,0.022,0.0217,63.19,ETH-25JUL25-2900-C,2663.46,sell,1.0,1.0,,,,,,,1752064202.338
1518,ETH-256880793,1752064202341,1,0.022,0.0217,63.19,ETH-25JUL25-2900-C,2663.46,sell,2.0,2.0,,,,,,,1752064202.341
1519,ETH-256880796,1752064202376,1,0.022,0.0217,63.19,ETH-25JUL25-2900-C,2663.46,sell,2.0,2.0,,,,,,,1752064202.376
1520,ETH-256880799,1752064202395,1,0.022,0.0217,63.19,ETH-25JUL25-2900-C,2663.46,sell,1.0,1.0,,,,,,,1752064202.395
1521,ETH-256880801,1752064202418,1,0.022,0.0217,63.19,ETH-25JUL25-2900-C,2663.46,sell,2.0,2.0,,,,,,,1752064202.418
1522,ETH-256880803,1752064202504,1,0.022,0.0217,63.19,ETH-25JUL25-2900-C,2663.46,sell,1.0,1.0,,,,,,,1752064202.504
1523,ETH-256880808,1752064202610,1,0.022,0.021764,63.19,ETH-25JUL25-2900-C,2663.46,sell,1.0,1.0,,,,,,,1752064202.61
1524,ETH-256880809,1752064202613,1,0.022,0.021764,63.19,ETH-25JUL25-2900-C,2663.46,sell,2.0,2.0,,,,,,,1752064202.613
1525,ETH-256880810,1752064202617,1,0.022,0.021764,63.19,ETH-25JUL25-2900-C,2663.46,sell,1.0,1.0,,,,,,,1752064202.617
1526,ETH-256880811,1752064202622,1,0.022,0.021764,63.19,ETH-25JUL25-2900-C,2663.46,sell,1.0,1.0,,,,,,,1752064202.622
1527,ETH-256880817,1752064202646,1,0.022,0.021764,63.19,ETH-25JUL25-2900-C,2663.46,sell,2.0,2.0,,,,,,,1752064202.646
1528,ETH-256880818,1752064202652,1,0.022,0.021764,63.19,ETH-25JUL25-2900-C,2663.46,sell,1.0,1.0,,,,,,,1752064202.652
1529,ETH-256880819,1752064202658,1,0.022,0.021764,63.19,ETH-25JUL25-2900-C,2663.46,sell,1.0,1.0,,,,,,,1752064202.658
1530,ETH-256880825,1752064202698,1,0.022,0.021764,63.19,ETH-25JUL25-2900-C,2663.46,sell,1.0,1.0,,,,,,,1752064202.698
1531,ETH-256880826,1752064202703,1,0.022,0.021764,63.19,ETH-25JUL25-2900-C,2663.46,sell,1.0,1.0,,,,,,,1752064202.703
1532,ETH-256880827,1752064202708,1,0.022,0.021764,63.19,ETH-25JUL25-2900-C,2663.46,sell,3.0,3.0,,,,,,,1752064202.708
1533,ETH-256880828,1752064202715,1,0.022,0.021764,63.19,ETH-25JUL25-2900-C,2663.46,sell,3.0,3.0,,,,,,,1752064202.715
1534,ETH-256880837,1752064204459,1,0.022,0.021769,63.33,ETH-25JUL25-2900-C,2662.49,buy,49.0,49.0,,,,,,,1752064204.459
1535,ETH-256881741,1752064589500,1,0.022,0.022008,63.22,ETH-25JUL25-2900-C,2663.37,sell,1.0,1.0,,,,,,,1752064589.5
1536,ETH-256884390,1752066115429,1,0.022,0.022191,63.58,ETH-25JUL25-2900-C,2661.19,sell,11.0,11.0,,,,,,,1752066115.429
1537,ETH-256885428,1752066596817,1,0.022,0.022149,63.52,ETH-25JUL25-2900-C,2661.72,sell,30.0,30.0,,,,,,,1752066596.817
1538,ETH-256885754,1752066744776,0,0.0225,0.022497,63.72,ETH-25JUL25-2900-C,2665.22,buy,21.0,21.0,,,,,,,1752066744.776
1539,ETH-256885755,1752066744776,1,0.0225,0.022497,63.72,ETH-25JUL25-2900-C,2665.22,buy,1.0,1.0,,,,,,,1752066744.776
1540,ETH-256885803,1752066747598,1,0.0225,0.022653,63.48,ETH-25JUL25-2900-C,2666.88,buy,100.0,100.0,,,,,,,1752066747.598
1541,ETH-256886001,1752066812679,1,0.0225,0.022445,63.84,ETH-25JUL25-2900-C,2664.76,buy,1.0,1.0,,,,,,,1752066812.679
1542,ETH-256886390,1752067089434,1,0.0225,0.022386,63.88,ETH-25JUL25-2900-C,2664.34,buy,1.0,1.0,,,,,,,1752067089.434
1543,ETH-256886478,1752067190759,1,0.0225,0.022126,64.25,ETH-25JUL25-2900-C,2661.76,buy,1.0,1.0,,,,,,,1752067190.759
1544,ETH-256886815,1752067469422,2,0.022,0.022235,63.39,ETH-25JUL25-2900-C,2662.68,buy,1.0,1.0,,,,,,,1752067469.422
1545,ETH-256888107,1752068099852,3,0.022,0.021947,63.83,ETH-25JUL25-2900-C,2659.97,buy,1.0,1.0,,,,,,,1752068099.852
1546,ETH-256888687,1752068292009,3,0.022,0.022281,63.47,ETH-25JUL25-2900-C,2662.44,sell,163.0,163.0,,,,,,,1752068292.009
1547,ETH-256888688,1752068292009,3,0.022,0.022281,63.47,ETH-25JUL25-2900-C,2662.44,sell,59.0,59.0,,,,,,,1752068292.009
1548,ETH-256894363,1752070980512,3,0.022,0.021984,63.35,ETH-25JUL25-2900-C,2663.82,buy,1.0,1.0,,,,,,,1752070980.512
1549,ETH-256894364,1752070980683,3,0.022,0.021984,63.35,ETH-25JUL25-2900-C,2663.82,buy,1.0,1.0,,,,,,,1752070980.683
1553,ETH-256896515,1752071687671,3,0.0205,0.020109,63.79,ETH-25JUL25-2900-C,2645.26,buy,100.0,100.0,,,,,,,1752071687.671
1555,ETH-256896517,1752071687671,3,0.0205,0.020109,63.79,ETH-25JUL25-2900-C,2645.26,buy,240.0,240.0,,,,,,,1752071687.671
1550,ETH-256896512,1752071687671,2,0.0205,0.020109,63.79,ETH-25JUL25-2900-C,2645.26,buy,97.0,97.0,,,,,,,1752071687.671
1552,ETH-256896514,1752071687671,3,0.0205,0.020109,63.79,ETH-25JUL25-2900-C,2645.26,buy,10.0,10.0,,,,,,,1752071687.671
1554,ETH-256896516,1752071687671,3,0.0205,0.020109,63.79,ETH-25JUL25-2900-C,2645.26,buy,52.0,52.0,,,,,,,1752071687.671
1551,ETH-256896513,1752071687671,3,0.0205,0.020109,63.79,ETH-25JUL25-2900-C,2645.26,buy,1.0,1.0,,,,,,,1752071687.671
1556,ETH-256896611,1752071719933,2,0.02,0.019857,63.57,ETH-25JUL25-2900-C,2641.71,sell,4.0,4.0,,,,,,,1752071719.933
1557,ETH-256896620,1752071729455,3,0.02,0.019937,63.77,ETH-25JUL25-2900-C,2640.31,sell,145.0,145.0,,,,,,,1752071729.455
1558,ETH-256896633,1752071736071,3,0.02,0.019928,63.77,ETH-25JUL25-2900-C,2640.31,sell,11.0,11.0,,,,,,,1752071736.071
1559,ETH-256896639,1752071737861,3,0.02,0.019912,63.82,ETH-25JUL25-2900-C,2640.01,sell,3.0,3.0,,,,,,,1752071737.861
1560,ETH-256896640,1752071738115,3,0.02,0.019912,63.82,ETH-25JUL25-2900-C,2640.01,sell,2.0,2.0,,,,,,,1752071738.115
1561,ETH-256896641,1752071738120,3,0.02,0.019912,63.82,ETH-25JUL25-2900-C,2640.01,sell,1.0,1.0,,,,,,,1752071738.12
1562,ETH-256896643,1752071738127,3,0.02,0.019912,63.82,ETH-25JUL25-2900-C,2640.01,sell,1.0,1.0,,,,,,,1752071738.127
1563,ETH-256896644,1752071738132,3,0.02,0.019912,63.82,ETH-25JUL25-2900-C,2640.01,sell,5.0,5.0,,,,,,,1752071738.132
1564,ETH-256896645,1752071738136,3,0.02,0.019912,63.82,ETH-25JUL25-2900-C,2640.01,sell,1.0,1.0,,,,,,,1752071738.136
1565,ETH-256896647,1752071738194,3,0.02,0.019912,63.82,ETH-25JUL25-2900-C,2640.01,sell,1.0,1.0,,,,,,,1752071738.194
1566,ETH-256896650,1752071738281,3,0.02,0.019898,63.83,ETH-25JUL25-2900-C,2639.88,sell,6.0,6.0,,,,,,,1752071738.281
1567,ETH-256896651,1752071738285,3,0.02,0.019898,63.83,ETH-25JUL25-2900-C,2639.88,sell,1.0,1.0,,,,,,,1752071738.285
1568,ETH-256896652,1752071738924,3,0.02,0.019898,63.83,ETH-25JUL25-2900-C,2639.88,sell,1.0,1.0,,,,,,,1752071738.924
1569,ETH-256896653,1752071738934,3,0.02,0.019898,63.83,ETH-25JUL25-2900-C,2639.88,sell,1.0,1.0,,,,,,,1752071738.934
1570,ETH-256896654,1752071738981,3,0.02,0.019898,63.83,ETH-25JUL25-2900-C,2639.88,sell,7.0,7.0,,,,,,,1752071738.981
1571,ETH-256896656,1752071739088,3,0.02,0.019898,63.83,ETH-25JUL25-2900-C,2639.88,sell,2.0,2.0,,,,,,,1752071739.088
1572,ETH-256896657,1752071740158,3,0.02,0.019893,63.85,ETH-25JUL25-2900-C,2639.8,sell,2.0,2.0,,,,,,,1752071740.158
1573,ETH-256896658,1752071740161,3,0.02,0.019893,63.85,ETH-25JUL25-2900-C,2639.8,sell,1.0,1.0,,,,,,,1752071740.161
1574,ETH-256896659,1752071741017,3,0.02,0.019891,63.89,ETH-25JUL25-2900-C,2639.48,sell,1.0,1.0,,,,,,,1752071741.017
1575,ETH-256896660,1752071741699,3,0.02,0.019867,63.91,ETH-25JUL25-2900-C,2639.38,sell,1.0,1.0,,,,,,,1752071741.699
1576,ETH-256896661,1752071742587,0,0.0205,0.019867,64.65,ETH-25JUL25-2900-C,2639.32,buy,10.0,10.0,,,,,,,1752071742.587
1577,ETH-256896693,1752071751941,2,0.02,0.01991,63.96,ETH-25JUL25-2900-C,2639.01,sell,1.0,1.0,,,,,,,1752071751.941
1578,ETH-256896742,1752071758240,3,0.02,0.019949,63.99,ETH-25JUL25-2900-C,2638.81,sell,14.0,14.0,,,,,,,1752071758.24
1579,ETH-256896743,1752071758644,3,0.02,0.019915,64.14,ETH-25JUL25-2900-C,2637.73,sell,222.0,222.0,,,,,,,1752071758.644
1580,ETH-256896757,1752071767385,3,0.02,0.019903,64.11,ETH-25JUL25-2900-C,2637.97,sell,1.0,1.0,,,,,,,1752071767.385
1581,ETH-256896758,1752071767888,3,0.02,0.019903,64.11,ETH-25JUL25-2900-C,2637.97,sell,50.0,50.0,,,,,,,1752071767.888
1582,ETH-256896767,1752071773065,3,0.02,0.019935,64.12,ETH-25JUL25-2900-C,2637.88,sell,15.0,15.0,,,,,,,1752071773.065
1584,ETH-256898308,1752072544517,3,0.019,0.019004,63.17,ETH-25JUL25-2900-C,2634.01,sell,10.0,10.0,,,,,,,1752072544.517
1583,ETH-256898307,1752072544517,2,0.019,0.019004,63.17,ETH-25JUL25-2900-C,2634.01,sell,10.0,10.0,,,,,,,1752072544.517
1585,ETH-256898370,1752072545554,3,0.019,0.019006,63.35,ETH-25JUL25-2900-C,2632.66,sell,3.0,3.0,,,,,,,1752072545.554
1586,ETH-256898388,1752072546738,3,0.019,0.018885,63.57,ETH-25JUL25-2900-C,2631.1,sell,1.0,1.0,,,,,,,1752072546.738
1587,ETH-256899440,1752072970041,0,0.0195,0.019245,63.4,ETH-25JUL25-2900-C,2637.95,buy,500.0,500.0,,,,,,,1752072970.041
1588,ETH-256902103,1752075749211,0,0.0205,0.020283,63.17,ETH-25JUL25-2900-C,2651.18,buy,1.0,1.0,,,,,,,1752075749.211
1589,ETH-256902104,1752075758015,1,0.0205,0.020268,63.27,ETH-25JUL25-2900-C,2650.46,buy,1.0,1.0,,,,,,,1752075758.015
1590,ETH-256905888,1752079458598,0,0.0215,0.020979,63.44,ETH-25JUL25-2900-C,2660.29,buy,13.0,13.0,,,,,,,1752079458.598
1591,ETH-256905889,1752079458598,1,0.0215,0.020979,63.44,ETH-25JUL25-2900-C,2660.29,buy,37.0,37.0,,,,,,,1752079458.598
1592,ETH-256909069,1752082026981,2,0.021,0.021065,62.87,ETH-25JUL25-2900-C,2659.83,sell,50.0,50.0,,,,,,,1752082026.981
1593,ETH-256909505,1752082575125,2,0.0205,0.020523,62.84,ETH-25JUL25-2900-C,2655.01,sell,143.0,143.0,,,,,,,1752082575.125
1594,ETH-256909823,1752082765341,3,0.0205,0.020756,62.45,ETH-25JUL25-2900-C,2657.95,buy,5.0,5.0,,,,,,,1752082765.341
1595,ETH-256912937,1752084537816,0,0.025,0.024198,63.82,ETH-25JUL25-2900-C,2691.77,buy,1.0,1.0,,,,,,,1752084537.816
1596,ETH-256913772,1752084544375,0,0.0255,0.025243,63.16,ETH-25JUL25-2900-C,2700.59,buy,1.0,1.0,,,,,,,1752084544.375
1597,ETH-256918348,1752085154814,0,0.0263,0.026065,62.99,ETH-25JUL25-2900-C,2709.74,buy,100.0,100.0,3.0,BLOCK-209326,,,,,1752085154.814
1598,ETH-256920771,1752085999453,0,0.027,0.026619,63.25,ETH-25JUL25-2900-C,2714.19,buy,7.0,7.0,,,,,,,1752085999.453
1599,ETH-256922016,1752087183354,2,0.0265,0.026604,62.43,ETH-25JUL25-2900-C,2715.18,buy,1.0,1.0,,,,,,,1752087183.354
1600,ETH-256922365,1752087471886,0,0.027,0.026844,62.89,ETH-25JUL25-2900-C,2716.6,buy,250.0,250.0,2.0,BLOCK-209343,ETH-CS-25JUL25-2900_3400,,,,1752087471.886
1601,ETH-256924536,1752088718382,0,0.028,0.027989,62.79,ETH-25JUL25-2900-C,2725.9,buy,1.0,1.0,,,,,,,1752088718.382
1603,ETH-256925917,1752089026679,1,0.03,0.02927,63.88,ETH-25JUL25-2900-C,2736.53,buy,70.0,70.0,,,,,,,1752089026.679
1606,ETH-256925920,1752089026679,1,0.03,0.02927,63.88,ETH-25JUL25-2900-C,2736.53,buy,11.0,11.0,,,,,,,1752089026.679
1602,ETH-256925916,1752089026679,0,0.03,0.02927,63.88,ETH-25JUL25-2900-C,2736.53,buy,100.0,100.0,,,,,,,1752089026.679
1604,ETH-256925918,1752089026679,1,0.03,0.02927,63.88,ETH-25JUL25-2900-C,2736.53,buy,97.0,97.0,,,,,,,1752089026.679
1605,ETH-256925919,1752089026679,1,0.03,0.02927,63.88,ETH-25JUL25-2900-C,2736.53,buy,20.0,20.0,,,,,,,1752089026.679
1608,ETH-256925922,1752089026682,1,0.03,0.02927,63.88,ETH-25JUL25-2900-C,2736.53,sell,246.0,246.0,,,,,,,1752089026.682
1607,ETH-256925921,1752089026682,1,0.03,0.02927,63.88,ETH-25JUL25-2900-C,2736.53,sell,36.0,36.0,,,,,,,1752089026.682
1609,ETH-256925923,1752089026683,1,0.03,0.02927,63.88,ETH-25JUL25-2900-C,2736.53,sell,170.0,170.0,,,,,,,1752089026.683
1610,ETH-256926639,1752089206150,1,0.03,0.02994,63.4,ETH-25JUL25-2900-C,2739.12,sell,5.0,5.0,,,,,,,1752089206.15
1611,ETH-256927665,1752089369828,0,0.0305,0.030792,63.19,ETH-25JUL25-2900-C,2744.48,sell,5.0,5.0,,,,,,,1752089369.828
1612,ETH-256928060,1752089431503,1,0.0305,0.030653,63.43,ETH-25JUL25-2900-C,2743.06,sell,1.0,1.0,,,,,,,1752089431.503
1613,ETH-256928453,1752089490714,2,0.03,0.030703,62.77,ETH-25JUL25-2900-C,2743.07,sell,1.0,1.0,,,,,,,1752089490.714
1614,ETH-256928630,1752089548359,3,0.03,0.030508,62.99,ETH-25JUL25-2900-C,2741.79,sell,1.0,1.0,,,,,,,1752089548.359
1615,ETH-256928901,1752089605469,2,0.0295,0.030061,62.92,ETH-25JUL25-2900-C,2738.18,sell,1.0,1.0,,,,,,,1752089605.469
1616,ETH-256929120,1752089661259,0,0.03,0.030468,63.22,ETH-25JUL25-2900-C,2739.96,sell,1.0,1.0,,,,,,,1752089661.259
1617,ETH-256929305,1752089700185,0,0.0316,0.030567,65.05,ETH-25JUL25-2900-C,2741.3,buy,2500.0,2500.0,1.0,BLOCK-209355,,,,,1752089700.185
1618,ETH-256931048,1752090008686,2,0.031,0.031199,63.46,ETH-25JUL25-2900-C,2746.53,buy,5.0,5.0,,,,,,,1752090008.686
1619,ETH-256931049,1752090008686,3,0.031,0.031199,63.46,ETH-25JUL25-2900-C,2746.53,buy,68.0,68.0,,,,,,,1752090008.686
1620,ETH-256931141,1752090017766,0,0.0315,0.03134,63.94,ETH-25JUL25-2900-C,2747.56,buy,1.0,1.0,,,,,,,1752090017.766
1621,ETH-256934099,1752090324078,0,0.0335,0.033684,63.98,ETH-25JUL25-2900-C,2763.0,sell,1.0,1.0,,,,,,,1752090324.078
1622,ETH-256934157,1752090329300,2,0.033,0.033428,63.88,ETH-25JUL25-2900-C,2759.82,buy,1.0,1.0,,,,,,,1752090329.3
1623,ETH-256934211,1752090346369,3,0.033,0.033037,64.09,ETH-25JUL25-2900-C,2758.49,buy,1.0,1.0,,,,,,,1752090346.369
1624,ETH-256934262,1752090350578,3,0.033,0.033078,63.97,ETH-25JUL25-2900-C,2759.21,sell,1.0,1.0,,,,,,,1752090350.578
1625,ETH-256934322,1752090362988,3,0.033,0.033248,63.94,ETH-25JUL25-2900-C,2759.26,sell,5.0,5.0,,,,,,,1752090362.988
1626,ETH-256934323,1752090362990,3,0.033,0.033248,63.94,ETH-25JUL25-2900-C,2759.26,buy,45.0,45.0,,,,,,,1752090362.99
1627,ETH-256934331,1752090363574,3,0.033,0.033244,63.97,ETH-25JUL25-2900-C,2759.09,buy,1.0,1.0,,,,,,,1752090363.574
1628,ETH-256934451,1752090387700,2,0.032,0.032522,63.62,ETH-25JUL25-2900-C,2753.5,sell,1.0,1.0,,,,,,,1752090387.7
1629,ETH-256934475,1752090389971,0,0.0325,0.032485,64.0,ETH-25JUL25-2900-C,2755.01,buy,1.0,1.0,,,,,,,1752090389.971
1630,ETH-256934516,1752090397924,1,0.0325,0.032757,63.85,ETH-25JUL25-2900-C,2755.85,sell,1.0,1.0,,,,,,,1752090397.924
1631,ETH-256934669,1752090447331,0,0.033,0.033322,63.84,ETH-25JUL25-2900-C,2759.74,sell,1.0,1.0,,,,,,,1752090447.331
1632,ETH-256934786,1752090493317,1,0.033,0.033147,64.05,ETH-25JUL25-2900-C,2758.73,sell,1.0,1.0,,,,,,,1752090493.317
1633,ETH-256934814,1752090502344,1,0.033,0.033042,64.19,ETH-25JUL25-2900-C,2757.84,buy,1.0,1.0,,,,,,,1752090502.344
1634,ETH-256934815,1752090504316,2,0.0325,0.033048,63.6,ETH-25JUL25-2900-C,2757.61,sell,1.0,1.0,,,,,,,1752090504.316
1635,ETH-256934839,1752090519300,0,0.033,0.033049,64.29,ETH-25JUL25-2900-C,2757.3,buy,1.0,1.0,,,,,,,1752090519.3
1636,ETH-256934851,1752090528481,1,0.033,0.033055,64.15,ETH-25JUL25-2900-C,2758.09,buy,1.0,1.0,,,,,,,1752090528.481
1637,ETH-256934874,1752090534668,1,0.033,0.033124,64.0,ETH-25JUL25-2900-C,2758.93,sell,1.0,1.0,,,,,,,1752090534.668
1639,ETH-256934942,1752090542187,1,0.0335,0.033392,64.53,ETH-25JUL25-2900-C,2759.56,buy,1.0,1.0,,,,,,,1752090542.187
1638,ETH-256934941,1752090542187,0,0.0335,0.033392,64.53,ETH-25JUL25-2900-C,2759.56,buy,66.0,66.0,,,,,,,1752090542.187
1640,ETH-256934964,1752090555189,2,0.033,0.033423,63.64,ETH-25JUL25-2900-C,2761.13,sell,1.0,1.0,,,,,,,1752090555.189
1641,ETH-256934978,1752090562086,0,0.0335,0.033684,64.08,ETH-25JUL25-2900-C,2762.23,buy,1.0,1.0,,,,,,,1752090562.086
1642,ETH-256935019,1752090571144,2,0.033,0.033639,63.53,ETH-25JUL25-2900-C,2761.7,sell,1.0,1.0,,,,,,,1752090571.144
1643,ETH-256935253,1752090650867,0,0.0335,0.033932,63.76,ETH-25JUL25-2900-C,2764.03,sell,1.0,1.0,,,,,,,1752090650.867
1644,ETH-256935254,1752090651487,1,0.0335,0.033932,63.76,ETH-25JUL25-2900-C,2764.03,sell,1.0,1.0,,,,,,,1752090651.487
1645,ETH-256935392,1752090667793,0,0.0345,0.034641,64.17,ETH-25JUL25-2900-C,2769.1,sell,1.0,1.0,,,,,,,1752090667.793
1646,ETH-256935782,1752090674483,0,0.036,0.035493,64.75,ETH-25JUL25-2900-C,2776.91,sell,1.0,1.0,,,,,,,1752090674.483
1647,ETH-256936458,1752090694311,2,0.035,0.035629,63.68,ETH-25JUL25-2900-C,2775.81,sell,1.0,1.0,,,,,,,1752090694.311
1648,ETH-256936515,1752090702352,3,0.035,0.03565,63.56,ETH-25JUL25-2900-C,2776.5,sell,1.0,1.0,,,,,,,1752090702.352
1649,ETH-256936658,1752090721105,0,0.0355,0.036034,63.79,ETH-25JUL25-2900-C,2778.9,sell,1.0,1.0,,,,,,,1752090721.105
1650,ETH-256937471,1752090746767,0,0.036,0.036388,63.66,ETH-25JUL25-2900-C,2783.52,sell,1.0,1.0,,,,,,,1752090746.767
1651,ETH-256937570,1752090756570,1,0.036,0.03679,63.43,ETH-25JUL25-2900-C,2784.89,sell,1.0,1.0,,,,,,,1752090756.57
1652,ETH-256937882,1752090772767,1,0.036,0.036603,63.54,ETH-25JUL25-2900-C,2784.33,sell,1.0,1.0,,,,,,,1752090772.767
1653,ETH-256941418,1752090986078,2,0.034,0.034437,64.78,ETH-25JUL25-2900-C,2762.63,buy,1.0,1.0,,,,,,,1752090986.078
1654,ETH-256941577,1752090996991,0,0.0345,0.034169,64.99,ETH-25JUL25-2900-C,2765.16,buy,65.0,65.0,,,,,,,1752090996.991
1655,ETH-256941603,1752091002041,2,0.034,0.034388,64.12,ETH-25JUL25-2900-C,2766.53,sell,1.0,1.0,,,,,,,1752091002.041
1656,ETH-256941733,1752091024110,0,0.0345,0.034949,64.75,ETH-25JUL25-2900-C,2766.61,buy,1.0,1.0,,,,,,,1752091024.11
1657,ETH-256942226,1752091106535,2,0.034,0.033813,64.71,ETH-25JUL25-2900-C,2763.05,buy,1.0,1.0,,,,,,,1752091106.535
1658,ETH-256942300,1752091112984,3,0.034,0.034048,64.55,ETH-25JUL25-2900-C,2763.94,buy,1.0,1.0,,,,,,,1752091112.984
1659,ETH-256942415,1752091123641,3,0.034,0.034054,64.52,ETH-25JUL25-2900-C,2764.08,buy,1.0,1.0,,,,,,,1752091123.641
1660,ETH-256942865,1752091157193,3,0.034,0.033946,64.53,ETH-25JUL25-2900-C,2763.97,buy,1.0,1.0,,,,,,,1752091157.193
1661,ETH-256943102,1752091172793,2,0.033,0.033521,63.94,ETH-25JUL25-2900-C,2759.77,sell,1.0,1.0,,,,,,,1752091172.793
1662,ETH-256943215,1752091178809,0,0.0335,0.033597,64.59,ETH-25JUL25-2900-C,2759.65,buy,1.0,1.0,,,,,,,1752091178.809
1663,ETH-256943488,1752091191046,0,0.034,0.033951,64.72,ETH-25JUL25-2900-C,2762.64,buy,1.0,1.0,,,,,,,1752091191.046
1664,ETH-256943664,1752091214620,1,0.034,0.034087,64.57,ETH-25JUL25-2900-C,2763.55,buy,1.0,1.0,,,,,,,1752091214.62
1665,ETH-256943900,1752091253965,2,0.0335,0.033578,64.7,ETH-25JUL25-2900-C,2758.93,buy,1.0,1.0,,,,,,,1752091253.965
1666,ETH-256943978,1752091265419,3,0.0335,0.033587,64.55,ETH-25JUL25-2900-C,2759.88,buy,1.0,1.0,,,,,,,1752091265.419
1667,ETH-256950070,1752093305311,2,0.03,0.030556,62.72,ETH-25JUL25-2900-C,2742.69,sell,2.0,2.0,,,,,,,1752093305.311
1668,ETH-256950417,1752093409832,0,0.0306,0.030885,63.48,ETH-25JUL25-2900-C,2743.15,buy,500.0,500.0,2.0,BLOCK-209378,ETH-CCAL-25JUL25_11JUL25-2900,,,,1752093409.832
1669,ETH-256951424,1752093716933,2,0.03,0.030007,63.74,ETH-25JUL25-2900-C,2736.73,buy,1.0,1.0,,,,,,,1752093716.933
1670,ETH-256951624,1752093836904,2,0.0295,0.029488,63.61,ETH-25JUL25-2900-C,2733.48,buy,233.0,233.0,,,,,,,1752093836.904
1671,ETH-256951625,1752093836912,3,0.0295,0.029488,63.61,ETH-25JUL25-2900-C,2733.48,buy,68.0,68.0,,,,,,,1752093836.912
1672,ETH-256952148,1752094125052,3,0.0295,0.030039,62.93,ETH-25JUL25-2900-C,2737.69,sell,1.0,1.0,,,,,,,1752094125.052
1673,ETH-256952492,1752094414956,3,0.0295,0.030316,62.39,ETH-25JUL25-2900-C,2741.34,sell,1.0,1.0,,,,,,,1752094414.956
1674,ETH-256952691,1752094509262,0,0.03,0.029812,63.61,ETH-25JUL25-2900-C,2737.8,buy,1.0,1.0,,,,,,,1752094509.262
1675,ETH-256953189,1752094997279,0,0.031,0.030428,63.99,ETH-25JUL25-2900-C,2743.25,buy,1.0,1.0,,,,,,,1752094997.279
1676,ETH-256958711,1752099194886,0,0.035,0.034986,63.85,ETH-25JUL25-2900-C,2775.45,buy,1.0,1.0,,,,,,,1752099194.886
1677,ETH-256959006,1752099280881,1,0.035,0.035244,63.58,ETH-25JUL25-2900-C,2776.97,sell,1.0,1.0,,,,,,,1752099280.881
1678,ETH-256959008,1752099286216,1,0.035,0.035234,63.61,ETH-25JUL25-2900-C,2776.81,sell,1.0,1.0,,,,,,,1752099286.216
1679,ETH-256959072,1752099314459,1,0.035,0.035084,63.77,ETH-25JUL25-2900-C,2775.94,buy,1.0,1.0,,,,,,,1752099314.459
1680,ETH-256959128,1752099332782,1,0.035,0.035154,63.76,ETH-25JUL25-2900-C,2775.9,buy,1.0,1.0,,,,,,,1752099332.782
1681,ETH-256962830,1752100820728,2,0.0345,0.034574,63.57,ETH-25JUL25-2900-C,2773.41,buy,1.0,1.0,,,,,,,1752100820.728
1682,ETH-256966375,1752101901896,0,0.0355,0.035315,63.89,ETH-25JUL25-2900-C,2780.0,buy,1.0,1.0,,,,,,,1752101901.896
1683,ETH-256966391,1752101916593,1,0.0355,0.035329,63.95,ETH-25JUL25-2900-C,2779.68,buy,1.0,1.0,,,,,,,1752101916.593
1684,ETH-256966404,1752101931489,1,0.0355,0.035419,63.81,ETH-25JUL25-2900-C,2780.51,buy,1.0,1.0,,,,,,,1752101931.489
1685,ETH-256966980,1752102265548,1,0.0355,0.035461,64.22,ETH-25JUL25-2900-C,2777.23,sell,1.0,1.0,,,,,,,1752102265.548
1686,ETH-256970998,1752105792352,2,0.0345,0.035064,64.42,ETH-25JUL25-2900-C,2768.7,sell,1.0,1.0,,,,,,,1752105792.352
1687,ETH-256972508,1752107473207,0,0.035,0.034697,65.16,ETH-25JUL25-2900-C,2769.0,buy,15.0,15.0,,,,,,,1752107473.207
1688,ETH-256972779,1752107720393,2,0.0335,0.033889,64.24,ETH-25JUL25-2900-C,2763.46,sell,1.0,1.0,,,,,,,1752107720.393
1689,ETH-256973585,1752108441264,3,0.0335,0.034139,63.81,ETH-25JUL25-2900-C,2766.02,sell,1.0,1.0,,,,,,,1752108441.264
1690,ETH-256976759,1752112049992,0,0.034,0.033785,63.67,ETH-25JUL25-2900-C,2772.12,buy,100.0,100.0,,,,,,,1752112049.992
1691,ETH-256976760,1752112049999,1,0.034,0.033785,63.67,ETH-25JUL25-2900-C,2772.12,sell,47.0,47.0,,,,,,,1752112049.999
1692,ETH-256976761,1752112050004,1,0.034,0.033785,63.67,ETH-25JUL25-2900-C,2772.12,sell,2.0,2.0,,,,,,,1752112050.004
1695,ETH-256976792,1752112064833,1,0.0345,0.033823,64.29,ETH-25JUL25-2900-C,2772.24,buy,20.0,20.0,,,,,,,1752112064.833
1693,ETH-256976790,1752112064833,0,0.0345,0.033823,64.29,ETH-25JUL25-2900-C,2772.24,buy,20.0,20.0,,,,,,,1752112064.833
1694,ETH-256976791,1752112064833,1,0.0345,0.033823,64.29,ETH-25JUL25-2900-C,2772.24,buy,1.0,1.0,,,,,,,1752112064.833
1696,ETH-256981086,1752114370508,0,0.039,0.038539,66.23,ETH-25JUL25-2900-C,2793.49,buy,1.0,1.0,,,,,,,1752114370.508
1697,ETH-256987376,1752120283699,2,0.035,0.034957,64.98,ETH-25JUL25-2900-C,2772.74,buy,100.0,100.0,,,,,,,1752120283.699
1698,ETH-256988589,1752122167203,0,0.036,0.035487,65.69,ETH-25JUL25-2900-C,2776.32,buy,1.0,1.0,,,,,,,1752122167.203
1699,ETH-256993600,1752128260100,0,0.0371,0.036984,65.07,ETH-25JUL25-2900-C,2788.56,sell,1.0,1.0,,,ETH-CSR13-25JUL25-2900_3200,,,ETH-256993599,1752128260.1
1700,ETH-256996592,1752130764242,0,0.038,0.03817,65.01,ETH-25JUL25-2900-C,2796.25,sell,2.0,2.0,,,,,,,1752130764.242
1701,ETH-256996599,1752130775525,1,0.038,0.038326,64.83,ETH-25JUL25-2900-C,2797.23,sell,7.0,7.0,,,,,,,1752130775.525
1702,ETH-256999381,1752131445102,0,0.041,0.040086,66.22,ETH-25JUL25-2900-C,2810.87,buy,2.0,2.0,,,,,,,1752131445.102
1703,ETH-256999585,1752131490527,1,0.041,0.040682,65.45,ETH-25JUL25-2900-C,2815.18,buy,3.0,3.0,,,,,,,1752131490.527
1704,ETH-256999898,1752131513082,2,0.0409,0.041149,64.83,ETH-25JUL25-2900-C,2817.9,sell,750.0,750.0,3.0,BLOCK-209508,,,,,1752131513.082
1705,ETH-257000364,1752131625239,0,0.0415,0.041086,65.69,ETH-25JUL25-2900-C,2817.15,buy,2.0,2.0,,,,,,,1752131625.239
1706,ETH-257004477,1752132737755,2,0.04,0.039898,65.11,ETH-25JUL25-2900-C,2810.17,sell,10.0,10.0,,,,,,,1752132737.755
1707,ETH-257005448,1752133155878,2,0.0395,0.039734,64.68,ETH-25JUL25-2900-C,2808.57,sell,21.0,21.0,,,,,,,1752133155.878
1709,ETH-257005452,1752133155892,3,0.0395,0.039734,64.68,ETH-25JUL25-2900-C,2808.57,sell,18.0,18.0,,,,,,,1752133155.892
1708,ETH-257005451,1752133155892,3,0.0395,0.039734,64.68,ETH-25JUL25-2900-C,2808.57,sell,8.0,8.0,,,,,,,1752133155.892
1710,ETH-257005460,1752133155927,3,0.0395,0.039734,64.68,ETH-25JUL25-2900-C,2808.57,sell,22.0,22.0,,,,,,,1752133155.927
1711,ETH-257005462,1752133155953,3,0.0395,0.039734,64.68,ETH-25JUL25-2900-C,2808.57,sell,2.0,2.0,,,,,,,1752133155.953
1712,ETH-257005466,1752133155985,3,0.0395,0.039734,64.68,ETH-25JUL25-2900-C,2808.57,sell,1.0,1.0,,,,,,,1752133155.985
1713,ETH-257005473,1752133156023,3,0.0395,0.039734,64.68,ETH-25JUL25-2900-C,2808.57,sell,29.0,29.0,,,,,,,1752133156.023
1714,ETH-257005485,1752133156074,3,0.0395,0.039734,64.68,ETH-25JUL25-2900-C,2808.57,sell,21.0,21.0,,,,,,,1752133156.074
1715,ETH-257005490,1752133156088,3,0.0395,0.039734,64.68,ETH-25JUL25-2900-C,2808.57,sell,18.0,18.0,,,,,,,1752133156.088
1716,ETH-257007036,1752133512327,2,0.0375,0.037764,64.74,ETH-25JUL25-2900-C,2794.26,sell,20.0,20.0,,,,,,,1752133512.327
1717,ETH-257009180,1752134886081,2,0.0365,0.036922,64.21,ETH-25JUL25-2900-C,2789.82,sell,1.0,1.0,,,,,,,1752134886.081
1718,ETH-257017542,1752140923378,2,0.0355,0.035537,65.35,ETH-25JUL25-2900-C,2777.11,buy,16.0,16.0,,,,,,,1752140923.378
1719,ETH-257025753,1752150391657,2,0.0345,0.034523,65.19,ETH-25JUL25-2900-C,2772.31,buy,1.0,1.0,,,,,,,1752150391.657
1720,ETH-257025889,1752150552837,0,0.0351,0.035199,65.07,ETH-25JUL25-2900-C,2777.44,sell,1000.0,1000.0,2.0,BLOCK-209545,ETH-CS-25JUL25-2900_3400,,,,1752150552.837
1721,ETH-257031886,1752155385725,0,0.0352,0.034555,65.81,ETH-25JUL25-2900-C,2775.4,buy,50.0,50.0,5.0,BLOCK-209557,,,,,1752155385.725
1722,ETH-257039465,1752159597197,2,0.035,0.034629,65.39,ETH-25JUL25-2900-C,2777.92,buy,1.0,1.0,,,,,,,1752159597.197
1723,ETH-257039811,1752159855323,2,0.0345,0.034224,65.35,ETH-25JUL25-2900-C,2774.56,sell,1.0,1.0,,,,,,,1752159855.323
1724,ETH-257044187,1752164160139,0,0.035,0.035365,64.54,ETH-25JUL25-2900-C,2783.74,sell,14.0,14.0,,,,,,,1752164160.139
1725,ETH-257045829,1752164668001,0,0.0365,0.035929,65.85,ETH-25JUL25-2900-C,2787.54,buy,21.0,21.0,,,,,,,1752164668.001
1726,ETH-257048409,1752165110165,0,0.0395,0.038569,66.95,ETH-25JUL25-2900-C,2803.55,buy,64.0,64.0,,,,,,,1752165110.165
1727,ETH-257051593,1752166003751,0,0.0405,0.040307,66.81,ETH-25JUL25-2900-C,2810.47,buy,20.0,20.0,,,,,,,1752166003.751
1728,ETH-257051594,1752166003786,1,0.0405,0.040307,66.81,ETH-25JUL25-2900-C,2810.47,buy,34.0,34.0,,,,,,,1752166003.786
1729,ETH-257052278,1752166143008,2,0.0395,0.039704,66.44,ETH-25JUL25-2900-C,2805.44,sell,35.0,35.0,,,,,,,1752166143.008
1730,ETH-257052431,1752166210470,3,0.0395,0.039573,66.59,ETH-25JUL25-2900-C,2804.56,buy,47.0,47.0,,,,,,,1752166210.47
1731,ETH-257052432,1752166210486,3,0.0395,0.039573,66.59,ETH-25JUL25-2900-C,2804.56,buy,3.0,3.0,,,,,,,1752166210.486
1732,ETH-257052755,1752166297812,3,0.0395,0.039562,66.59,ETH-25JUL25-2900-C,2804.69,sell,15.0,15.0,,,,,,,1752166297.812
1733,ETH-257053240,1752166539052,0,0.04,0.040092,66.49,ETH-25JUL25-2900-C,2808.67,sell,3.0,3.0,,,,,,,1752166539.052
1734,ETH-257053248,1752166539314,1,0.04,0.040092,66.49,ETH-25JUL25-2900-C,2808.67,sell,20.0,20.0,,,,,,,1752166539.314
1735,ETH-257055312,1752167316821,0,0.041,0.041229,66.3,ETH-25JUL25-2900-C,2816.44,sell,5.0,5.0,,,,,,,1752167316.821
1736,ETH-257055316,1752167322072,1,0.041,0.041177,66.35,ETH-25JUL25-2900-C,2816.2,sell,5.0,5.0,,,,,,,1752167322.072
1737,ETH-257055317,1752167322532,1,0.041,0.041177,66.35,ETH-25JUL25-2900-C,2816.2,sell,5.0,5.0,,,,,,,1752167322.532
1738,ETH-257058811,1752168583691,0,0.0415,0.041402,67.06,ETH-25JUL25-2900-C,2815.79,sell,1.0,1.0,,,,,,,1752168583.691
1739,ETH-257059424,1752168798808,0,0.042,0.041999,66.86,ETH-25JUL25-2900-C,2820.27,sell,1.0,1.0,,,,,,,1752168798.808
1740,ETH-257060627,1752169487670,1,0.042,0.041973,66.91,ETH-25JUL25-2900-C,2819.35,sell,1.0,1.0,,,,,,,1752169487.67
1741,ETH-257061667,1752169984259,0,0.0435,0.043121,67.05,ETH-25JUL25-2900-C,2829.08,sell,1.0,1.0,,,,,,,1752169984.259
1742,ETH-257061676,1752169984522,1,0.0435,0.043121,67.05,ETH-25JUL25-2900-C,2829.08,sell,1.0,1.0,,,,,,,1752169984.522
1743,ETH-257062992,1752170374781,0,0.044,0.04416,66.89,ETH-25JUL25-2900-C,2833.83,sell,5.0,5.0,,,,,,,1752170374.781
1744,ETH-257063377,1752170576905,2,0.0435,0.043821,66.71,ETH-25JUL25-2900-C,2831.31,sell,14.0,14.0,,,,,,,1752170576.905
1746,ETH-257063382,1752170577626,3,0.0435,0.043822,66.71,ETH-25JUL25-2900-C,2831.31,sell,9.0,9.0,,,,,,,1752170577.626
1745,ETH-257063381,1752170577626,3,0.0435,0.043822,66.71,ETH-25JUL25-2900-C,2831.31,sell,5.0,5.0,,,,,,,1752170577.626
1747,ETH-257063383,1752170577855,3,0.0435,0.043822,66.71,ETH-25JUL25-2900-C,2831.31,sell,2.0,2.0,,,,,,,1752170577.855
1748,ETH-257063384,1752170577855,3,0.0435,0.043822,66.71,ETH-25JUL25-2900-C,2831.31,sell,12.0,12.0,,,,,,,1752170577.855
1749,ETH-257063385,1752170578311,3,0.0435,0.043823,66.69,ETH-25JUL25-2900-C,2831.4,sell,2.0,2.0,,,,,,,1752170578.311
1750,ETH-257063732,1752170759932,0,0.0445,0.044401,67.14,ETH-25JUL25-2900-C,2835.52,buy,1.0,1.0,,,,,,,1752170759.932
1751,ETH-257064619,1752170925614,0,0.045,0.044761,67.32,ETH-25JUL25-2900-C,2838.27,buy,50.0,50.0,,,,,,,1752170925.614
1752,ETH-257064620,1752170925614,1,0.045,0.044761,67.32,ETH-25JUL25-2900-C,2838.27,buy,19.0,19.0,,,,,,,1752170925.614
1753,ETH-257066116,1752171458009,2,0.043,0.042596,67.41,ETH-25JUL25-2900-C,2824.42,buy,50.0,50.0,,,,,,,1752171458.009
1754,ETH-257066117,1752171458009,3,0.043,0.042596,67.41,ETH-25JUL25-2900-C,2824.42,buy,3.0,3.0,,,,,,,1752171458.009
1755,ETH-257066118,1752171458011,3,0.043,0.042596,67.41,ETH-25JUL25-2900-C,2824.42,sell,36.0,36.0,,,,,,,1752171458.011
1756,ETH-257066119,1752171458011,3,0.043,0.042596,67.41,ETH-25JUL25-2900-C,2824.42,sell,111.0,111.0,,,,,,,1752171458.011
1757,ETH-257068476,1752172635578,2,0.041,0.041137,66.71,ETH-25JUL25-2900-C,2814.26,sell,5.0,5.0,,,,,,,1752172635.578
1758,ETH-257068559,1752172647061,2,0.0405,0.040866,66.44,ETH-25JUL25-2900-C,2812.38,sell,60.0,60.0,,,,,,,1752172647.061
1759,ETH-257068565,1752172647107,3,0.0405,0.040866,66.44,ETH-25JUL25-2900-C,2812.38,sell,31.0,31.0,,,,,,,1752172647.107
1760,ETH-257071256,1752173776645,0,0.041,0.040948,66.72,ETH-25JUL25-2900-C,2814.42,sell,1.0,1.0,,,,,,,1752173776.645
1761,ETH-257074776,1752176681084,2,0.0401,0.040614,65.76,ETH-25JUL25-2900-C,2815.75,buy,50.0,50.0,5.0,BLOCK-209675,,,,,1752176681.084
1762,ETH-257078297,1752180268651,0,0.042,0.041799,66.33,ETH-25JUL25-2900-C,2825.47,sell,170.0,170.0,,,,,,,1752180268.651
1765,ETH-257078686,1752180691575,3,0.0405,0.040908,65.56,ETH-25JUL25-2900-C,2819.36,sell,5.0,5.0,,,,,,,1752180691.575
1764,ETH-257078685,1752180691575,3,0.0405,0.040908,65.56,ETH-25JUL25-2900-C,2819.36,sell,10.0,10.0,,,,,,,1752180691.575
1763,ETH-257078684,1752180691575,2,0.0405,0.040908,65.56,ETH-25JUL25-2900-C,2819.36,sell,21.0,21.0,,,,,,,1752180691.575
1766,ETH-257078687,1752180691577,3,0.0405,0.040908,65.56,ETH-25JUL25-2900-C,2819.36,buy,214.0,214.0,,,,,,,1752180691.577
