trade_seq,trade_id,timestamp,tick_direction,price,mark_price,iv,instrument_name,index_price,direction,contracts,amount,block_trade_leg_count,block_trade_id,liquidation,combo_id,unix_sec
1,ETH-258385904,1752816109099,1,0.033,0.033178,70.95,ETH-25JUL25-3700-C,3642.75,buy,20.0,20.0,,,,,1752816109.099
2,ETH-258386349,1752816265441,0,0.0335,0.033742,71.37,ETH-25JUL25-3700-C,3644.94,sell,7.0,7.0,,,,,1752816265.441
4,ETH-258386504,1752816335642,1,0.0335,0.033505,71.67,ETH-25JUL25-3700-C,3643.73,sell,54.0,54.0,,,,,1752816335.642
3,ETH-258386503,1752816335642,1,0.0335,0.033505,71.67,ETH-25JUL25-3700-C,3643.73,sell,139.0,139.0,,,,,1752816335.642
5,ETH-258388115,1752816762217,0,0.0345,0.034496,72.16,ETH-25JUL25-3700-C,3648.47,buy,106.0,106.0,,,,,1752816762.217
6,ETH-258388116,1752816762217,0,0.035,0.034496,73.06,ETH-25JUL25-3700-C,3648.47,buy,36.0,36.0,,,,,1752816762.217
7,ETH-258388117,1752816762217,1,0.035,0.034496,73.06,ETH-25JUL25-3700-C,3648.47,buy,358.0,358.0,,,,,1752816762.217
9,ETH-258388304,1752816790228,1,0.035,0.034595,73.12,ETH-25JUL25-3700-C,3648.07,buy,41.0,41.0,,,,,1752816790.228
10,ETH-258388305,1752816790228,1,0.035,0.034595,73.12,ETH-25JUL25-3700-C,3648.07,buy,11.0,11.0,,,,,1752816790.228
8,ETH-258388303,1752816790228,1,0.035,0.034595,73.12,ETH-25JUL25-3700-C,3648.07,buy,1.0,1.0,,,,,1752816790.228
11,ETH-258388306,1752816790231,1,0.035,0.034595,73.12,ETH-25JUL25-3700-C,3648.07,sell,6.0,6.0,,,,,1752816790.231
15,ETH-258388474,1752816824216,1,0.035,0.034332,73.84,ETH-25JUL25-3700-C,3644.97,buy,36.0,36.0,,,,,1752816824.216
12,ETH-258388471,1752816824216,1,0.035,0.034332,73.84,ETH-25JUL25-3700-C,3644.97,buy,1.0,1.0,,,,,1752816824.216
16,ETH-258388475,1752816824216,1,0.035,0.034332,73.84,ETH-25JUL25-3700-C,3644.97,buy,24.0,24.0,,,,,1752816824.216
13,ETH-258388472,1752816824216,1,0.035,0.034332,73.84,ETH-25JUL25-3700-C,3644.97,buy,41.0,41.0,,,,,1752816824.216
14,ETH-258388473,1752816824216,1,0.035,0.034332,73.84,ETH-25JUL25-3700-C,3644.97,buy,398.0,398.0,,,,,1752816824.216
17,ETH-258388938,1752816997303,2,0.0335,0.033758,72.68,ETH-25JUL25-3700-C,3638.1,buy,13.0,13.0,,,,,1752816997.303
18,ETH-258388939,1752816997308,3,0.0335,0.033758,72.68,ETH-25JUL25-3700-C,3638.1,buy,5.0,5.0,,,,,1752816997.308
19,ETH-258388943,1752816997531,3,0.0335,0.033758,72.68,ETH-25JUL25-3700-C,3638.1,buy,12.0,12.0,,,,,1752816997.531
20,ETH-258388944,1752816997542,3,0.0335,0.033758,72.68,ETH-25JUL25-3700-C,3638.1,buy,1.0,1.0,,,,,1752816997.542
21,ETH-258388946,1752816997556,3,0.0335,0.033758,72.68,ETH-25JUL25-3700-C,3638.1,buy,3.0,3.0,,,,,1752816997.556
22,ETH-258388947,1752816997564,3,0.0335,0.033758,72.68,ETH-25JUL25-3700-C,3638.1,buy,3.0,3.0,,,,,1752816997.564
23,ETH-258388952,1752816997622,3,0.0335,0.033758,72.68,ETH-25JUL25-3700-C,3638.1,buy,2.0,2.0,,,,,1752816997.622
24,ETH-258388960,1752816997909,3,0.0335,0.033737,72.61,ETH-25JUL25-3700-C,3638.41,buy,5.0,5.0,,,,,1752816997.909
25,ETH-258388961,1752816999307,3,0.0335,0.033731,72.61,ETH-25JUL25-3700-C,3639.38,buy,13.0,13.0,,,,,1752816999.307
26,ETH-258388968,1752817003001,3,0.0335,0.03384,72.45,ETH-25JUL25-3700-C,3639.58,buy,43.0,43.0,,,,,1752817003.001
27,ETH-258389145,1752817071767,0,0.034,0.034081,72.74,ETH-25JUL25-3700-C,3641.91,buy,8.0,8.0,,,,,1752817071.767
28,ETH-258389147,1752817073107,1,0.034,0.034177,72.57,ETH-25JUL25-3700-C,3642.65,buy,28.0,28.0,,,,,1752817073.107
29,ETH-258389156,1752817074315,1,0.034,0.034215,72.46,ETH-25JUL25-3700-C,3643.15,buy,2.0,2.0,,,,,1752817074.315
30,ETH-258389161,1752817075145,1,0.034,0.034261,72.21,ETH-25JUL25-3700-C,3644.27,buy,17.0,17.0,,,,,1752817075.145
31,ETH-258389162,1752817075177,1,0.034,0.034261,72.21,ETH-25JUL25-3700-C,3644.27,buy,45.0,45.0,,,,,1752817075.177
32,ETH-258391449,1752817879375,0,0.0355,0.035452,73.66,ETH-25JUL25-3700-C,3651.32,buy,2.0,2.0,,,,,1752817879.375
33,ETH-258391450,1752817879378,1,0.0355,0.035452,73.66,ETH-25JUL25-3700-C,3651.32,sell,6.0,6.0,,,,,1752817879.378
34,ETH-258391968,1752818016305,1,0.0355,0.035508,73.52,ETH-25JUL25-3700-C,3652.26,sell,242.0,242.0,,,,,1752818016.305
35,ETH-258393076,1752818099253,0,0.0365,0.036554,73.42,ETH-25JUL25-3700-C,3660.94,sell,6.0,6.0,,,,,1752818099.253
36,ETH-258394438,1752818274948,0,0.038,0.038166,73.87,ETH-25JUL25-3700-C,3671.35,sell,2.0,2.0,,,,,1752818274.948
37,ETH-258395562,1752818546945,2,0.0375,0.037032,74.58,ETH-25JUL25-3700-C,3664.58,buy,5.0,5.0,,,,,1752818546.945
38,ETH-258395934,1752818635126,2,0.036,0.036213,73.29,ETH-25JUL25-3700-C,3658.23,sell,22.0,22.0,,,,,1752818635.126
39,ETH-258396645,1752818805354,3,0.036,0.035866,73.79,ETH-25JUL25-3700-C,3655.77,sell,5.0,5.0,,,,,1752818805.354
40,ETH-258396983,1752818878363,2,0.0355,0.035565,73.46,ETH-25JUL25-3700-C,3652.96,sell,2.0,2.0,,,,,1752818878.363
41,ETH-258397579,1752818984948,2,0.035,0.03503,73.57,ETH-25JUL25-3700-C,3648.46,sell,12.0,12.0,,,,,1752818984.948
42,ETH-258397957,1752819114427,3,0.035,0.035012,73.5,ETH-25JUL25-3700-C,3647.83,sell,19.0,19.0,,,,,1752819114.427
43,ETH-258397958,1752819114429,3,0.035,0.035012,73.5,ETH-25JUL25-3700-C,3647.83,sell,2.0,2.0,,,,,1752819114.429
44,ETH-258397959,1752819114433,3,0.035,0.035012,73.5,ETH-25JUL25-3700-C,3647.83,sell,2.0,2.0,,,,,1752819114.433
45,ETH-258397960,1752819114435,3,0.035,0.035012,73.5,ETH-25JUL25-3700-C,3647.83,sell,2.0,2.0,,,,,1752819114.435
46,ETH-258397961,1752819114477,3,0.035,0.035012,73.5,ETH-25JUL25-3700-C,3647.83,sell,183.0,183.0,,,,,1752819114.477
47,ETH-258399143,1752819505454,0,0.036,0.035604,74.12,ETH-25JUL25-3700-C,3653.32,buy,10.0,10.0,,,,,1752819505.454
48,ETH-258399711,1752819756890,2,0.035,0.034948,73.47,ETH-25JUL25-3700-C,3647.84,buy,1.0,1.0,,,,,1752819756.89
49,ETH-258399795,1752819869681,3,0.035,0.034977,73.49,ETH-25JUL25-3700-C,3648.2,buy,1.0,1.0,,,,,1752819869.681
50,ETH-258399883,1752819954759,3,0.035,0.034815,73.85,ETH-25JUL25-3700-C,3646.66,buy,2.0,2.0,,,,,1752819954.759
51,ETH-258399884,1752819955281,3,0.035,0.03481,73.87,ETH-25JUL25-3700-C,3646.63,sell,3.0,3.0,,,,,1752819955.281
52,ETH-258399885,1752819955324,3,0.035,0.03481,73.87,ETH-25JUL25-3700-C,3646.63,sell,25.0,25.0,,,,,1752819955.324
53,ETH-258399886,1752819955436,3,0.035,0.03481,73.87,ETH-25JUL25-3700-C,3646.63,sell,56.0,56.0,,,,,1752819955.436
54,ETH-258400373,1752820246397,0,0.036,0.035825,73.91,ETH-25JUL25-3700-C,3654.47,buy,2.0,2.0,,,,,1752820246.397
55,ETH-258400374,1752820246399,1,0.036,0.035825,73.91,ETH-25JUL25-3700-C,3654.47,sell,112.0,112.0,,,,,1752820246.399
56,ETH-258400479,1752820248774,2,0.0355,0.035811,72.97,ETH-25JUL25-3700-C,3654.65,sell,135.0,135.0,,,,,1752820248.774
57,ETH-258400480,1752820249332,3,0.0355,0.035805,73.44,ETH-25JUL25-3700-C,3652.58,sell,33.0,33.0,,,,,1752820249.332
58,ETH-258400481,1752820249340,3,0.0355,0.035805,73.44,ETH-25JUL25-3700-C,3652.58,sell,5.0,5.0,,,,,1752820249.34
59,ETH-258400482,1752820249360,3,0.0355,0.035805,73.44,ETH-25JUL25-3700-C,3652.58,sell,75.0,75.0,,,,,1752820249.36
60,ETH-258401993,1752821221013,0,0.036,0.03554,73.49,ETH-25JUL25-3700-C,3657.78,sell,1.0,1.0,,,,,1752821221.013
61,ETH-258403434,1752822260664,1,0.036,0.036032,72.24,ETH-25JUL25-3700-C,3663.1,buy,3.0,3.0,,,,,1752822260.664
62,ETH-258404166,1752822560973,0,0.0375,0.037038,73.32,ETH-25JUL25-3700-C,3669.94,buy,2.0,2.0,,,,,1752822560.973
63,ETH-258404167,1752822560973,1,0.0375,0.037038,73.32,ETH-25JUL25-3700-C,3669.94,buy,2.0,2.0,,,,,1752822560.973
64,ETH-258408077,1752823025419,2,0.0335,0.033228,73.66,ETH-25JUL25-3700-C,3635.16,buy,1.0,1.0,,,,,1752823025.419
65,ETH-258414665,1752823680457,0,0.0365,0.036167,75.12,ETH-25JUL25-3700-C,3653.02,sell,6.0,6.0,,,,,1752823680.457
66,ETH-258414666,1752823680458,1,0.0365,0.036167,75.12,ETH-25JUL25-3700-C,3653.02,sell,1.0,1.0,,,,,1752823680.458
67,ETH-258414777,1752823693090,1,0.0365,0.036432,74.81,ETH-25JUL25-3700-C,3654.36,sell,93.0,93.0,,,,,1752823693.09
68,ETH-258414876,1752823711845,2,0.0355,0.036073,73.68,ETH-25JUL25-3700-C,3651.52,sell,129.0,129.0,,,,,1752823711.845
70,ETH-258414878,1752823711845,3,0.0355,0.036073,73.68,ETH-25JUL25-3700-C,3651.52,sell,36.0,36.0,,,,,1752823711.845
69,ETH-258414877,1752823711845,3,0.0355,0.036073,73.68,ETH-25JUL25-3700-C,3651.52,sell,20.0,20.0,,,,,1752823711.845
71,ETH-258434398,1752825637919,2,0.031,0.030763,73.5,ETH-25JUL25-3700-C,3615.09,sell,1.0,1.0,,,,,1752825637.919
73,ETH-258437852,1752826080708,0,0.032,0.031458,73.0,ETH-25JUL25-3700-C,3625.56,buy,8.0,8.0,,,,,1752826080.708
72,ETH-258437851,1752826080708,0,0.0315,0.031458,72.08,ETH-25JUL25-3700-C,3625.56,buy,2.0,2.0,,,,,1752826080.708
74,ETH-258437937,1752826099382,1,0.032,0.031654,72.71,ETH-25JUL25-3700-C,3626.93,buy,10.0,10.0,,,,,1752826099.382
76,ETH-258438329,1752826176821,0,0.0315,0.030714,73.45,ETH-25JUL25-3700-C,3620.11,buy,8.0,8.0,,,,,1752826176.821
75,ETH-258438328,1752826176821,2,0.031,0.030714,72.54,ETH-25JUL25-3700-C,3620.11,buy,2.0,2.0,,,,,1752826176.821
77,ETH-258438634,1752826275029,2,0.0303,0.030958,70.68,ETH-25JUL25-3700-C,3622.35,sell,1000.0,1000.0,2.0,BLOCK-212008,,ETH-RR-25JUL25-3600_3700,1752826275.029
78,ETH-258442439,1752827279662,0,0.031,0.03092,71.61,ETH-25JUL25-3700-C,3624.59,buy,2.0,2.0,,,,,1752827279.662
79,ETH-258442440,1752827279662,0,0.0315,0.03092,72.53,ETH-25JUL25-3700-C,3624.59,buy,18.0,18.0,,,,,1752827279.662
80,ETH-258444666,1752827630854,2,0.029,0.029512,70.49,ETH-25JUL25-3700-C,3613.18,sell,10.0,10.0,,,,,1752827630.854
81,ETH-258445391,1752827758440,2,0.0286,0.029173,70.3,ETH-25JUL25-3700-C,3610.2,sell,1000.0,1000.0,2.0,BLOCK-212014,,ETH-RR-25JUL25-3600_3700,1752827758.44
82,ETH-258449085,1752828242714,2,0.0265,0.026606,70.89,ETH-25JUL25-3700-C,3589.08,buy,3.0,3.0,,,,,1752828242.714
83,ETH-258464216,1752835376970,0,0.0271,0.027966,67.2,ETH-25JUL25-3700-C,3614.55,sell,1000.0,1000.0,2.0,BLOCK-212042,,ETH-RR-25JUL25-3600_3700,1752835376.97
84,ETH-258465159,1752835776209,0,0.0277,0.028388,67.68,ETH-25JUL25-3700-C,3617.56,sell,1000.0,1000.0,2.0,BLOCK-212043,,ETH-RR-25JUL25-3600_3700,1752835776.209
85,ETH-258466135,1752835907218,0,0.0282,0.028581,68.36,ETH-25JUL25-3700-C,3619.48,sell,250.0,250.0,2.0,BLOCK-212046,,ETH-RR-25JUL25-3600_3700,1752835907.218
86,ETH-258466146,1752835908288,0,0.0284,0.028594,68.64,ETH-25JUL25-3700-C,3619.93,sell,63.0,63.0,4.0,BLOCK-212047,,ETH-CCOND-25JUL25-3700_3800_4000_4200,1752835908.288
87,ETH-258476188,1752839940627,0,0.029,0.02813,71.47,ETH-25JUL25-3700-C,3613.29,buy,1.0,1.0,,,,,1752839940.627
88,ETH-258476348,1752840050238,1,0.029,0.028638,70.59,ETH-25JUL25-3700-C,3617.38,sell,1.0,1.0,,,,,1752840050.238
89,ETH-258476627,1752840417643,1,0.029,0.028625,70.86,ETH-25JUL25-3700-C,3616.53,sell,1.0,1.0,,,,,1752840417.643
90,ETH-258476741,1752840599655,2,0.0285,0.028163,70.92,ETH-25JUL25-3700-C,3611.86,sell,1.0,1.0,,,,,1752840599.655
91,ETH-258477166,1752840822955,3,0.0285,0.028316,71.05,ETH-25JUL25-3700-C,3610.97,sell,1.0,1.0,,,,,1752840822.955
93,ETH-258477279,1752840902150,3,0.028,0.027982,70.76,ETH-25JUL25-3700-C,3607.94,sell,1.0,1.0,,,,,1752840902.15
92,ETH-258477278,1752840902150,2,0.028,0.027982,70.76,ETH-25JUL25-3700-C,3607.94,sell,10.0,10.0,,,,,1752840902.15
94,ETH-258477860,1752841189840,3,0.028,0.027901,70.9,ETH-25JUL25-3700-C,3607.7,sell,1.0,1.0,,,,,1752841189.84
95,ETH-258477892,1752841262682,3,0.028,0.027903,70.99,ETH-25JUL25-3700-C,3607.33,buy,1.0,1.0,,,,,1752841262.682
96,ETH-258477928,1752841278792,2,0.0275,0.027464,70.78,ETH-25JUL25-3700-C,3603.93,sell,1.0,1.0,,,,,1752841278.792
97,ETH-258478166,1752841490924,3,0.0275,0.027489,70.8,ETH-25JUL25-3700-C,3603.3,sell,1.0,1.0,,,,,1752841490.924
98,ETH-258479771,1752842174662,0,0.028,0.027816,70.97,ETH-25JUL25-3700-C,3606.83,buy,50.0,50.0,,,,,1752842174.662
99,ETH-258488246,1752844549005,0,0.0315,0.031395,72.04,ETH-25JUL25-3700-C,3633.26,sell,20.0,20.0,,,,,1752844549.005
100,ETH-258489659,1752844940223,2,0.0305,0.030248,72.13,ETH-25JUL25-3700-C,3624.76,buy,2.0,2.0,,,,,1752844940.223
101,ETH-258492820,1752846022844,0,0.033,0.032942,72.25,ETH-25JUL25-3700-C,3645.39,sell,1.0,1.0,,,,,1752846022.844
102,ETH-258501613,1752848269067,2,0.03,0.030031,71.29,ETH-25JUL25-3700-C,3625.25,buy,1.0,1.0,,,,,1752848269.067
103,ETH-258514807,1752849753549,2,0.024,0.023771,72.24,ETH-25JUL25-3700-C,3564.68,sell,1.0,1.0,,,,,1752849753.549
104,ETH-258514818,1752849753596,3,0.024,0.023771,72.24,ETH-25JUL25-3700-C,3564.68,sell,1.0,1.0,,,,,1752849753.596
106,ETH-258519146,1752850524789,1,0.026,0.026493,70.34,ETH-25JUL25-3700-C,3595.49,sell,18.0,18.0,,,,,1752850524.789
105,ETH-258519145,1752850524789,0,0.026,0.026493,70.34,ETH-25JUL25-3700-C,3595.49,sell,2.0,2.0,,,,,1752850524.789
107,ETH-258537393,1752853422243,2,0.022,0.021573,72.98,ETH-25JUL25-3700-C,3541.48,buy,100.0,100.0,,,,,1752853422.243
108,ETH-258537852,1752853541507,2,0.0215,0.02223,71.04,ETH-25JUL25-3700-C,3546.8,sell,1.0,1.0,,,,,1752853541.507
109,ETH-258542035,1752854605112,0,0.025,0.024954,71.92,ETH-25JUL25-3700-C,3579.01,buy,31.0,31.0,,,,,1752854605.112
110,ETH-258551127,1752858620474,2,0.0235,0.023835,69.99,ETH-25JUL25-3700-C,3575.78,sell,2.0,2.0,,,,,1752858620.474
111,ETH-258551128,1752858620476,3,0.0235,0.023835,69.99,ETH-25JUL25-3700-C,3575.78,buy,8.0,8.0,,,,,1752858620.476
112,ETH-258551161,1752858638540,3,0.0235,0.023514,70.51,ETH-25JUL25-3700-C,3573.28,buy,5.0,5.0,,,,,1752858638.54
113,ETH-258559801,1752861016313,0,0.0255,0.025629,69.56,ETH-25JUL25-3700-C,3597.71,sell,10.0,10.0,,,,,1752861016.313
114,ETH-258581124,1752867628640,2,0.0215,0.022431,67.63,ETH-25JUL25-3700-C,3572.05,sell,1.0,1.0,,,,,1752867628.64
115,ETH-258589134,1752869288372,2,0.018,0.017701,70.83,ETH-25JUL25-3700-C,3516.87,buy,4.0,4.0,,,,,1752869288.372
116,ETH-258604130,1752873750062,0,0.0215,0.021386,70.6,ETH-25JUL25-3700-C,3557.3,buy,5.0,5.0,,,,,1752873750.062
117,ETH-258604390,1752873971098,2,0.021,0.021168,70.11,ETH-25JUL25-3700-C,3555.23,buy,5.0,5.0,,,,,1752873971.098
118,ETH-258608010,1752876645532,2,0.0195,0.019839,69.88,ETH-25JUL25-3700-C,3540.14,sell,2.0,2.0,,,,,1752876645.532
119,ETH-258608011,1752876645534,3,0.0195,0.019839,69.88,ETH-25JUL25-3700-C,3540.14,buy,8.0,8.0,,,,,1752876645.534
120,ETH-258611059,1752878135280,0,0.0225,0.022392,70.76,ETH-25JUL25-3700-C,3567.32,sell,3.0,3.0,,,,,1752878135.28
121,ETH-258633028,1752895628675,0,0.023,0.022989,68.38,ETH-25JUL25-3700-C,3589.5,buy,1.0,1.0,,,,,1752895628.675
122,ETH-258633796,1752896216672,0,0.0245,0.024106,69.25,ETH-25JUL25-3700-C,3600.11,buy,4.0,4.0,,,,,1752896216.672
123,ETH-258633797,1752896216672,1,0.0245,0.024106,69.25,ETH-25JUL25-3700-C,3600.11,buy,11.0,11.0,,,,,1752896216.672
124,ETH-258636044,1752898043691,2,0.024,0.024633,67.63,ETH-25JUL25-3700-C,3603.68,sell,1.0,1.0,,,,,1752898043.691
125,ETH-258640057,1752905586102,2,0.0215,0.022144,67.14,ETH-25JUL25-3700-C,3583.97,sell,1.0,1.0,,,,,1752905586.102
126,ETH-258645620,1752912097484,2,0.0205,0.020544,67.85,ETH-25JUL25-3700-C,3572.47,sell,5.0,5.0,,,,,1752912097.484
127,ETH-258646164,1752912499871,3,0.0205,0.020817,66.94,ETH-25JUL25-3700-C,3576.82,buy,5.0,5.0,,,,,1752912499.871
128,ETH-258652791,1752916489978,2,0.0185,0.01891,67.29,ETH-25JUL25-3700-C,3554.8,sell,7.0,7.0,,,,,1752916489.978
129,ETH-258652792,1752916489980,3,0.0185,0.01891,67.29,ETH-25JUL25-3700-C,3554.8,buy,3.0,3.0,,,,,1752916489.98
130,ETH-258652795,1752916490774,3,0.0185,0.01891,67.29,ETH-25JUL25-3700-C,3554.8,buy,5.0,5.0,,,,,1752916490.774
131,ETH-258663783,1752930596134,2,0.018,0.01837,66.78,ETH-25JUL25-3700-C,3556.63,sell,2.0,2.0,,,,,1752930596.134
133,ETH-258663785,1752930596136,3,0.018,0.01837,66.78,ETH-25JUL25-3700-C,3556.63,buy,40.0,40.0,,,,,1752930596.136
132,ETH-258663784,1752930596136,3,0.018,0.01837,66.78,ETH-25JUL25-3700-C,3556.63,buy,8.0,8.0,,,,,1752930596.136
134,ETH-258664059,1752931051314,0,0.0195,0.019314,67.91,ETH-25JUL25-3700-C,3567.21,buy,1.0,1.0,,,,,1752931051.314
135,ETH-258664850,1752932641688,2,0.019,0.019196,67.04,ETH-25JUL25-3700-C,3566.87,buy,1.0,1.0,,,,,1752932641.688
136,ETH-258669358,1752937251842,2,0.0165,0.016286,67.64,ETH-25JUL25-3700-C,3538.13,buy,4.0,4.0,,,,,1752937251.842
137,ETH-258670822,1752938629701,0,0.0175,0.017844,66.48,ETH-25JUL25-3700-C,3555.75,sell,10.0,10.0,,,,,1752938629.701
138,ETH-258671691,1752939840416,0,0.018,0.018534,66.26,ETH-25JUL25-3700-C,3562.71,sell,1.0,1.0,,,,,1752939840.416
139,ETH-258673096,1752941409246,2,0.0165,0.01712,66.19,ETH-25JUL25-3700-C,3546.97,sell,3.0,3.0,,,,,1752941409.246
140,ETH-258679408,1752949113072,0,0.0175,0.017297,68.2,ETH-25JUL25-3700-C,3551.03,sell,3.0,3.0,,,,,1752949113.072
141,ETH-258681571,1752952583353,1,0.0175,0.017569,67.03,ETH-25JUL25-3700-C,3558.13,buy,14.0,14.0,,,,,1752952583.353
142,ETH-258681572,1752952583357,1,0.0175,0.017569,67.03,ETH-25JUL25-3700-C,3558.13,buy,2.0,2.0,,,,,1752952583.357
143,ETH-258681578,1752952587539,1,0.0175,0.017604,66.93,ETH-25JUL25-3700-C,3558.72,buy,10.0,10.0,,,,,1752952587.539
144,ETH-258683625,1752954227035,0,0.02,0.019816,67.95,ETH-25JUL25-3700-C,3580.53,buy,1.0,1.0,,,,,1752954227.035
145,ETH-258685528,1752955622554,1,0.02,0.020646,66.52,ETH-25JUL25-3700-C,3588.02,sell,9.0,9.0,,,,,1752955622.554
146,ETH-258685815,1752955673060,0,0.021,0.021098,67.42,ETH-25JUL25-3700-C,3593.58,buy,5.0,5.0,,,,,1752955673.06
147,ETH-258686700,1752956820137,2,0.02,0.02015,68.21,ETH-25JUL25-3700-C,3580.42,buy,5.0,5.0,,,,,1752956820.137
148,ETH-258686835,1752957148246,3,0.02,0.020141,68.13,ETH-25JUL25-3700-C,3581.1,buy,5.0,5.0,,,,,1752957148.246
149,ETH-258687917,1752958928483,2,0.0195,0.019616,68.85,ETH-25JUL25-3700-C,3572.08,sell,1.0,1.0,,,,,1752958928.483
150,ETH-258688171,1752959354421,0,0.02,0.019388,70.77,ETH-25JUL25-3700-C,3568.7,buy,51.0,51.0,,,,,1752959354.421
151,ETH-258688282,1752959418696,2,0.0195,0.019011,70.57,ETH-25JUL25-3700-C,3564.34,buy,2.0,2.0,,,,,1752959418.696
152,ETH-258688283,1752959418700,3,0.0195,0.019011,70.57,ETH-25JUL25-3700-C,3564.34,sell,49.0,49.0,,,,,1752959418.7
153,ETH-258693272,1752966843857,0,0.0205,0.020783,69.8,ETH-25JUL25-3700-C,3581.89,buy,97.0,97.0,,,,,1752966843.857
154,ETH-258695322,1752970988888,0,0.0225,0.021993,71.59,ETH-25JUL25-3700-C,3594.78,buy,5.0,5.0,,,T,,1752970988.888
156,ETH-258711197,1752982382979,1,0.03,0.029313,72.48,ETH-25JUL25-3700-C,3661.08,buy,1.0,1.0,,,,,1752982382.979
155,ETH-258711196,1752982382979,0,0.03,0.029313,72.48,ETH-25JUL25-3700-C,3661.08,buy,100.0,100.0,,,,,1752982382.979
157,ETH-258716090,1752982939659,0,0.033,0.032517,73.3,ETH-25JUL25-3700-C,3682.61,buy,15.0,15.0,,,,,1752982939.659
158,ETH-258718396,1752984097907,2,0.031,0.030541,74.23,ETH-25JUL25-3700-C,3662.71,buy,1.0,1.0,,,,,1752984097.907
159,ETH-258718519,1752984218540,2,0.0295,0.030005,72.07,ETH-25JUL25-3700-C,3659.02,sell,1.0,1.0,,,,,1752984218.54
160,ETH-258721762,1752986011595,0,0.0315,0.030872,75.08,ETH-25JUL25-3700-C,3664.54,buy,10.0,10.0,,,,,1752986011.595
161,ETH-258721889,1752986092490,0,0.0325,0.031406,76.99,ETH-25JUL25-3700-C,3665.05,buy,16.0,16.0,,,,,1752986092.49
162,ETH-258723071,1752986974100,2,0.0305,0.030331,76.08,ETH-25JUL25-3700-C,3651.89,buy,3.0,3.0,,,,,1752986974.1
163,ETH-258727364,1752991071086,2,0.03,0.030314,75.34,ETH-25JUL25-3700-C,3651.87,buy,1.0,1.0,,,,,1752991071.086
164,ETH-258729755,1752993967315,0,0.0315,0.031279,76.5,ETH-25JUL25-3700-C,3661.07,sell,1.0,1.0,,,,,1752993967.315
165,ETH-258736079,1752998201809,1,0.0315,0.032209,73.71,ETH-25JUL25-3700-C,3672.56,sell,1.0,1.0,,,,,1752998201.809
166,ETH-258741640,1753000809448,0,0.036,0.034708,75.66,ETH-25JUL25-3700-C,3700.78,buy,10.0,10.0,,,,,1753000809.448
167,ETH-258745512,1753001279616,0,0.038,0.037833,76.99,ETH-25JUL25-3700-C,3711.04,buy,1.0,1.0,,,,,1753001279.616
168,ETH-258747577,1753001547493,2,0.037,0.036671,78.03,ETH-25JUL25-3700-C,3700.0,sell,3.0,3.0,,,,,1753001547.493
169,ETH-258750921,1753002241842,0,0.04,0.040058,77.74,ETH-25JUL25-3700-C,3723.36,sell,20.0,20.0,,,,,1753002241.842
170,ETH-258750922,1753002241856,1,0.04,0.040058,77.74,ETH-25JUL25-3700-C,3723.36,sell,1.0,1.0,,,,,1753002241.856
171,ETH-258750923,1753002241868,1,0.04,0.040058,77.74,ETH-25JUL25-3700-C,3723.36,sell,6.0,6.0,,,,,1753002241.868
172,ETH-258750924,1753002241877,1,0.04,0.040058,77.74,ETH-25JUL25-3700-C,3723.36,sell,10.0,10.0,,,,,1753002241.877
173,ETH-258750925,1753002241885,1,0.04,0.040058,77.74,ETH-25JUL25-3700-C,3723.36,sell,1.0,1.0,,,,,1753002241.885
174,ETH-258750926,1753002241892,1,0.04,0.040058,77.74,ETH-25JUL25-3700-C,3723.36,sell,6.0,6.0,,,,,1753002241.892
175,ETH-258750941,1753002243450,1,0.04,0.040042,77.96,ETH-25JUL25-3700-C,3721.98,sell,97.0,97.0,,,,,1753002243.45
176,ETH-258750942,1753002243470,1,0.04,0.040042,77.96,ETH-25JUL25-3700-C,3721.98,sell,16.0,16.0,,,,,1753002243.47
177,ETH-258750943,1753002243474,1,0.04,0.040042,77.96,ETH-25JUL25-3700-C,3721.98,sell,3.0,3.0,,,,,1753002243.474
178,ETH-258750956,1753002246382,1,0.04,0.039786,78.43,ETH-25JUL25-3700-C,3720.99,sell,1.0,1.0,,,,,1753002246.382
179,ETH-258750988,1753002254110,1,0.04,0.040045,77.93,ETH-25JUL25-3700-C,3722.09,sell,1.0,1.0,,,,,1753002254.11
180,ETH-258750989,1753002256891,1,0.04,0.039798,78.5,ETH-25JUL25-3700-C,3721.04,sell,13.0,13.0,,,,,1753002256.891
181,ETH-258751061,1753002297145,1,0.04,0.039933,78.52,ETH-25JUL25-3700-C,3721.09,sell,25.0,25.0,,,,,1753002297.145
182,ETH-258760457,1753007738469,2,0.0365,0.036886,76.41,ETH-25JUL25-3700-C,3704.54,sell,1.0,1.0,,,,,1753007738.469
183,ETH-258761369,1753008813891,0,0.037,0.03682,78.17,ETH-25JUL25-3700-C,3702.55,sell,50.0,50.0,,,,,1753008813.891
184,ETH-258765434,1753010286133,2,0.0365,0.036516,76.5,ETH-25JUL25-3700-C,3705.57,buy,13.0,13.0,,,,,1753010286.133
185,ETH-258765435,1753010286144,3,0.0365,0.036516,76.5,ETH-25JUL25-3700-C,3705.57,buy,1.0,1.0,,,,,1753010286.144
186,ETH-258765436,1753010286148,3,0.0365,0.036516,76.5,ETH-25JUL25-3700-C,3705.57,buy,2.0,2.0,,,,,1753010286.148
187,ETH-258765448,1753010287559,3,0.0365,0.036528,76.47,ETH-25JUL25-3700-C,3706.06,buy,4.0,4.0,,,,,1753010287.559
189,ETH-258785118,1753016270291,1,0.042,0.042374,78.55,ETH-25JUL25-3700-C,3740.0,sell,11.0,11.0,,,,,1753016270.291
188,ETH-258785117,1753016270291,0,0.042,0.042374,78.55,ETH-25JUL25-3700-C,3740.0,sell,16.0,16.0,,,,,1753016270.291
190,ETH-258785121,1753016297996,1,0.042,0.042372,78.36,ETH-25JUL25-3700-C,3740.66,sell,12.0,12.0,,,,,1753016297.996
193,ETH-258785125,1753016306148,1,0.042,0.042449,78.36,ETH-25JUL25-3700-C,3740.68,sell,36.0,36.0,,,,,1753016306.148
192,ETH-258785124,1753016306148,1,0.042,0.042449,78.36,ETH-25JUL25-3700-C,3740.68,sell,20.0,20.0,,,,,1753016306.148
191,ETH-258785123,1753016306148,1,0.042,0.042449,78.36,ETH-25JUL25-3700-C,3740.68,sell,16.0,16.0,,,,,1753016306.148
194,ETH-258788811,1753018800606,0,0.0425,0.04236,78.28,ETH-25JUL25-3700-C,3744.34,sell,1.0,1.0,,,,,1753018800.606
195,ETH-258788812,1753018800606,1,0.0425,0.04236,78.28,ETH-25JUL25-3700-C,3744.34,sell,1.0,1.0,,,,,1753018800.606
196,ETH-258799588,1753025535110,0,0.046,0.045784,79.1,ETH-25JUL25-3700-C,3768.02,buy,1.0,1.0,,,,,1753025535.11
197,ETH-258803348,1753026703542,0,0.0485,0.04851,78.37,ETH-25JUL25-3700-C,3786.16,buy,1.0,1.0,,,,,1753026703.542
198,ETH-258810780,1753029021835,0,0.05,0.049663,79.43,ETH-25JUL25-3700-C,3795.6,buy,1.0,1.0,,,,,1753029021.835
199,ETH-258816615,1753030427772,0,0.0535,0.053234,80.54,ETH-25JUL25-3700-C,3815.19,buy,1.0,1.0,,,,,1753030427.772
200,ETH-258832347,1753035794934,2,0.042,0.042005,79.85,ETH-25JUL25-3700-C,3743.98,buy,15.0,15.0,,,,,1753035794.934
201,ETH-258837183,1753039994357,0,0.045,0.045027,79.84,ETH-25JUL25-3700-C,3765.38,buy,3.0,3.0,,,,,1753039994.357
202,ETH-258842742,1753043441144,2,0.0415,0.041629,79.76,ETH-25JUL25-3700-C,3742.36,buy,1.0,1.0,,,,,1753043441.144
203,ETH-258857201,1753049975625,2,0.038,0.037403,82.29,ETH-25JUL25-3700-C,3711.57,buy,1.0,1.0,,,,,1753049975.625
204,ETH-258873432,1753056223834,0,0.043,0.042733,79.23,ETH-25JUL25-3700-C,3758.48,sell,2.0,2.0,,,,,1753056223.834
205,ETH-258873983,1753056436481,2,0.042,0.041413,79.97,ETH-25JUL25-3700-C,3749.96,buy,1.0,1.0,,,,,1753056436.481
206,ETH-258874107,1753056560572,2,0.041,0.041067,78.23,ETH-25JUL25-3700-C,3748.42,sell,1.0,1.0,,,,,1753056560.572
207,ETH-258879433,1753057802225,2,0.039,0.03851,79.12,ETH-25JUL25-3700-C,3732.67,buy,2.0,2.0,,,,,1753057802.225
208,ETH-258879477,1753057809893,2,0.0385,0.038575,77.91,ETH-25JUL25-3700-C,3732.03,buy,1.0,1.0,,,,,1753057809.893
209,ETH-258905243,1753077629827,0,0.045,0.044596,76.04,ETH-25JUL25-3700-C,3785.03,sell,1.0,1.0,,,,,1753077629.827
210,ETH-258907264,1753079000587,0,0.0475,0.046751,76.88,ETH-25JUL25-3700-C,3799.4,sell,1.0,1.0,,,,,1753079000.587
211,ETH-258907527,1753079031587,0,0.048,0.047905,75.45,ETH-25JUL25-3700-C,3805.55,sell,1.0,1.0,,,,,1753079031.587
212,ETH-258907685,1753079068475,0,0.0485,0.047308,78.44,ETH-25JUL25-3700-C,3801.81,sell,1.0,1.0,,,,,1753079068.475
213,ETH-258911785,1753081368779,2,0.0465,0.045999,76.02,ETH-25JUL25-3700-C,3795.96,sell,30.0,30.0,,,,,1753081368.779
214,ETH-258913008,1753082288453,2,0.046,0.045754,75.43,ETH-25JUL25-3700-C,3794.04,sell,100.0,100.0,,,,,1753082288.453
215,ETH-258913012,1753082292765,3,0.046,0.045703,75.65,ETH-25JUL25-3700-C,3793.7,sell,100.0,100.0,,,,,1753082292.765
216,ETH-258917783,1753085033022,2,0.0445,0.044493,74.53,ETH-25JUL25-3700-C,3789.94,buy,10.0,10.0,,,,,1753085033.022
217,ETH-258935717,1753097068839,0,0.051,0.050145,78.46,ETH-25JUL25-3700-C,3821.95,buy,1.0,1.0,,,,,1753097068.839
218,ETH-258938024,1753097595100,0,0.0525,0.051942,78.18,ETH-25JUL25-3700-C,3831.35,buy,1.0,1.0,,,,,1753097595.1
219,ETH-258943408,1753099904294,2,0.047,0.046817,77.46,ETH-25JUL25-3700-C,3800.16,buy,4.0,4.0,,,,,1753099904.294
220,ETH-258956209,1753104996739,0,0.0475,0.046366,80.69,ETH-25JUL25-3700-C,3798.38,buy,5.0,5.0,,,,,1753104996.739
221,ETH-258972195,1753109443710,0,0.0555,0.0553,79.01,ETH-25JUL25-3700-C,3852.41,buy,1.0,1.0,,,,,1753109443.71
222,ETH-258985537,1753114587526,2,0.04,0.039972,75.1,ETH-25JUL25-3700-C,3766.72,buy,1.0,1.0,,,,,1753114587.526
223,ETH-259003598,1753120049555,2,0.038,0.03702,78.21,ETH-25JUL25-3700-C,3748.49,buy,45.0,45.0,,,,,1753120049.555
224,ETH-259015106,1753125180003,0,0.0405,0.040204,78.21,ETH-25JUL25-3700-C,3766.11,buy,14.0,14.0,,,,,1753125180.003
225,ETH-259015424,1753125429826,1,0.0405,0.040358,77.87,ETH-25JUL25-3700-C,3767.28,buy,7.0,7.0,,,,,1753125429.826
226,ETH-259021103,1753127788163,2,0.0355,0.035489,78.01,ETH-25JUL25-3700-C,3732.31,buy,22.0,22.0,,,,,1753127788.163
227,ETH-259021108,1753127789678,3,0.0355,0.035544,77.84,ETH-25JUL25-3700-C,3733.26,buy,19.0,19.0,,,,,1753127789.678
228,ETH-259021117,1753127790215,3,0.0355,0.035544,77.84,ETH-25JUL25-3700-C,3733.26,buy,10.0,10.0,,,,,1753127790.215
229,ETH-259021124,1753127790254,3,0.0355,0.035544,77.84,ETH-25JUL25-3700-C,3733.26,buy,1.0,1.0,,,,,1753127790.254
230,ETH-259021126,1753127790382,3,0.0355,0.035544,77.84,ETH-25JUL25-3700-C,3733.26,buy,1.0,1.0,,,,,1753127790.382
231,ETH-259021127,1753127790466,3,0.0355,0.035544,77.84,ETH-25JUL25-3700-C,3733.26,buy,10.0,10.0,,,,,1753127790.466
232,ETH-259035933,1753140286770,0,0.0375,0.037605,73.9,ETH-25JUL25-3700-C,3761.09,buy,10.0,10.0,,,,,1753140286.77
233,ETH-259035934,1753140286784,1,0.0375,0.037605,73.9,ETH-25JUL25-3700-C,3761.09,buy,3.0,3.0,,,,,1753140286.784
234,ETH-259035935,1753140286799,1,0.0375,0.037605,73.9,ETH-25JUL25-3700-C,3761.09,buy,5.0,5.0,,,,,1753140286.799
235,ETH-259035936,1753140286800,1,0.0375,0.037605,73.9,ETH-25JUL25-3700-C,3761.09,buy,32.0,32.0,,,,,1753140286.8
236,ETH-259062016,1753155444887,2,0.0305,0.030946,74.62,ETH-25JUL25-3700-C,3717.25,sell,6.0,6.0,,,,,1753155444.887
237,ETH-259062247,1753155452166,2,0.0295,0.030118,73.89,ETH-25JUL25-3700-C,3712.12,sell,4.0,4.0,,,,,1753155452.166
238,ETH-259064961,1753158079115,0,0.0305,0.030573,74.45,ETH-25JUL25-3700-C,3718.33,buy,2.0,2.0,,,,,1753158079.115
239,ETH-259064991,1753158108324,1,0.0305,0.030417,74.64,ETH-25JUL25-3700-C,3718.26,buy,2.0,2.0,,,,,1753158108.324
240,ETH-259065269,1753158293736,2,0.0295,0.029351,75.01,ETH-25JUL25-3700-C,3709.95,buy,2.0,2.0,,,,,1753158293.736
241,ETH-259065463,1753158422305,2,0.029,0.028745,75.14,ETH-25JUL25-3700-C,3706.67,buy,2.0,2.0,,,,,1753158422.305
242,ETH-259066266,1753158890248,3,0.029,0.028721,75.11,ETH-25JUL25-3700-C,3707.1,buy,1.0,1.0,,,,,1753158890.248
243,ETH-259068165,1753159398371,2,0.0275,0.02741,75.01,ETH-25JUL25-3700-C,3696.34,sell,9.0,9.0,,,,,1753159398.371
244,ETH-259071131,1753160217081,2,0.025,0.025177,74.95,ETH-25JUL25-3700-C,3677.13,sell,17.0,17.0,,,,,1753160217.081
245,ETH-259071144,1753160221335,3,0.025,0.02527,74.68,ETH-25JUL25-3700-C,3677.77,sell,16.0,16.0,,,,,1753160221.335
246,ETH-259076401,1753161178734,0,0.026,0.025743,75.78,ETH-25JUL25-3700-C,3682.04,buy,7.0,7.0,,,,,1753161178.734
247,ETH-259079741,1753162590924,0,0.0265,0.026218,74.81,ETH-25JUL25-3700-C,3689.12,buy,20.0,20.0,,,,,1753162590.924
248,ETH-259083726,1753164300959,2,0.026,0.026258,73.44,ETH-25JUL25-3700-C,3689.82,sell,14.0,14.0,,,,,1753164300.959
249,ETH-259083804,1753164378666,3,0.026,0.026607,72.56,ETH-25JUL25-3700-C,3692.04,sell,1.0,1.0,,,,,1753164378.666
250,ETH-259089713,1753168819251,0,0.0275,0.027191,73.76,ETH-25JUL25-3700-C,3702.32,buy,1.0,1.0,,,,,1753168819.251
251,ETH-259095853,1753171661965,2,0.02,0.02042,72.14,ETH-25JUL25-3700-C,3647.8,buy,7.0,7.0,,,,,1753171661.965
252,ETH-259101900,1753172868644,2,0.018,0.01796,72.61,ETH-25JUL25-3700-C,3628.32,buy,2.0,2.0,,,,,1753172868.644
253,ETH-259107679,1753174581850,0,0.02,0.020044,69.62,ETH-25JUL25-3700-C,3656.99,buy,5.0,5.0,,,,,1753174581.85
254,ETH-259107680,1753174581856,1,0.02,0.020044,69.62,ETH-25JUL25-3700-C,3656.99,buy,1.0,1.0,,,,,1753174581.856
255,ETH-259107768,1753174616257,2,0.0195,0.019893,69.17,ETH-25JUL25-3700-C,3653.6,sell,1.0,1.0,,,,,1753174616.257
256,ETH-259107958,1753174659235,2,0.0185,0.019047,68.37,ETH-25JUL25-3700-C,3647.3,sell,1.0,1.0,,,,,1753174659.235
257,ETH-259108253,1753174860406,3,0.0185,0.019103,68.36,ETH-25JUL25-3700-C,3647.38,sell,5.0,5.0,,,,,1753174860.406
258,ETH-259109640,1753175445814,2,0.0165,0.017401,67.31,ETH-25JUL25-3700-C,3631.7,sell,1.0,1.0,,,,,1753175445.814
259,ETH-259111532,1753175930979,3,0.0165,0.01678,68.0,ETH-25JUL25-3700-C,3629.74,sell,13.0,13.0,,,,,1753175930.979
260,ETH-259114498,1753176963003,0,0.019,0.018886,68.53,ETH-25JUL25-3700-C,3651.34,buy,6.0,6.0,,,,,1753176963.003
261,ETH-259114753,1753177001762,1,0.019,0.01953,66.72,ETH-25JUL25-3700-C,3656.78,sell,1.0,1.0,,,,,1753177001.762
262,ETH-259114850,1753177052687,0,0.0195,0.019508,68.11,ETH-25JUL25-3700-C,3656.96,buy,2.0,2.0,,,,,1753177052.687
263,ETH-259114880,1753177063010,1,0.0195,0.0196,67.84,ETH-25JUL25-3700-C,3657.22,sell,1.0,1.0,,,,,1753177063.01
264,ETH-259116053,1753177591731,0,0.02,0.020646,65.92,ETH-25JUL25-3700-C,3668.06,sell,1.0,1.0,,,,,1753177591.731
265,ETH-259116062,1753177595812,1,0.02,0.020618,66.02,ETH-25JUL25-3700-C,3667.42,sell,1.0,1.0,,,,,1753177595.812
266,ETH-259117730,1753178462586,2,0.0195,0.019993,66.1,ETH-25JUL25-3700-C,3664.33,sell,17.0,17.0,,,,,1753178462.586
267,ETH-259119889,1753179733231,2,0.019,0.019713,65.03,ETH-25JUL25-3700-C,3663.9,sell,1.0,1.0,,,,,1753179733.231
268,ETH-259120404,1753180091661,0,0.02,0.020575,65.39,ETH-25JUL25-3700-C,3670.98,sell,13.0,13.0,,,,,1753180091.661
269,ETH-259121402,1753180751952,0,0.0225,0.022333,67.4,ETH-25JUL25-3700-C,3685.83,buy,2.0,2.0,,,,,1753180751.952
270,ETH-259121409,1753180767768,1,0.0225,0.022354,67.39,ETH-25JUL25-3700-C,3685.59,buy,8.0,8.0,,,,,1753180767.768
271,ETH-259121471,1753180859658,1,0.0225,0.022381,67.33,ETH-25JUL25-3700-C,3685.85,buy,2.0,2.0,,,,,1753180859.658
272,ETH-259121591,1753180961666,2,0.022,0.022194,66.48,ETH-25JUL25-3700-C,3684.56,sell,8.0,8.0,,,,,1753180961.666
273,ETH-259121592,1753180965245,3,0.022,0.022183,66.49,ETH-25JUL25-3700-C,3684.47,sell,1.0,1.0,,,,,1753180965.245
274,ETH-259121593,1753180965995,3,0.022,0.022166,66.49,ETH-25JUL25-3700-C,3684.57,sell,1.0,1.0,,,,,1753180965.995
275,ETH-259121599,1753180991850,2,0.0215,0.022142,65.07,ETH-25JUL25-3700-C,3684.59,sell,2.0,2.0,,,,,1753180991.85
276,ETH-259121602,1753180994302,3,0.0215,0.022146,65.08,ETH-25JUL25-3700-C,3684.57,sell,1.0,1.0,,,,,1753180994.302
277,ETH-259122057,1753181599028,0,0.0225,0.023127,65.13,ETH-25JUL25-3700-C,3692.24,sell,1.0,1.0,,,,,1753181599.028
278,ETH-259123811,1753182755081,0,0.0235,0.023504,66.49,ETH-25JUL25-3700-C,3696.87,sell,17.0,17.0,,,,,1753182755.081
279,ETH-259124491,1753183174306,2,0.023,0.023318,65.67,ETH-25JUL25-3700-C,3695.64,sell,1.0,1.0,,,,,1753183174.306
280,ETH-259124518,1753183206413,0,0.0235,0.023588,66.49,ETH-25JUL25-3700-C,3696.7,sell,10.0,10.0,,,,,1753183206.413
281,ETH-259125188,1753183570513,0,0.024,0.02408,66.42,ETH-25JUL25-3700-C,3701.6,sell,5.0,5.0,,,,,1753183570.513
282,ETH-259129212,1753186241490,0,0.0255,0.024992,68.69,ETH-25JUL25-3700-C,3707.6,buy,17.0,17.0,,,,,1753186241.49
283,ETH-259129215,1753186249172,1,0.0255,0.025368,67.93,ETH-25JUL25-3700-C,3709.47,buy,8.0,8.0,,,,,1753186249.172
284,ETH-259129922,1753186927169,2,0.0235,0.02421,65.37,ETH-25JUL25-3700-C,3701.6,sell,5.0,5.0,,,,,1753186927.169
285,ETH-259132006,1753189406428,0,0.025,0.024959,67.74,ETH-25JUL25-3700-C,3707.56,sell,3.0,3.0,,,,,1753189406.428
286,ETH-259132084,1753189448770,2,0.024,0.024226,66.97,ETH-25JUL25-3700-C,3702.37,sell,50.0,50.0,,,,,1753189448.77
287,ETH-259132230,1753189586497,0,0.025,0.024961,67.7,ETH-25JUL25-3700-C,3707.64,sell,50.0,50.0,,,,,1753189586.497
288,ETH-259132289,1753189625159,2,0.0245,0.024436,67.82,ETH-25JUL25-3700-C,3703.78,sell,50.0,50.0,,,,,1753189625.159
289,ETH-259132308,1753189646736,2,0.024,0.024042,67.76,ETH-25JUL25-3700-C,3700.33,sell,19.0,19.0,,,,,1753189646.736
290,ETH-259132317,1753189648232,3,0.024,0.023969,67.84,ETH-25JUL25-3700-C,3700.13,sell,31.0,31.0,,,,,1753189648.232
291,ETH-259132996,1753190185019,0,0.0245,0.024494,67.77,ETH-25JUL25-3700-C,3704.16,sell,50.0,50.0,,,,,1753190185.019
292,ETH-259133027,1753190204043,1,0.0245,0.024315,68.21,ETH-25JUL25-3700-C,3703.14,sell,50.0,50.0,,,,,1753190204.043
293,ETH-259134383,1753190812173,2,0.0235,0.023565,66.81,ETH-25JUL25-3700-C,3699.27,sell,1.0,1.0,,,,,1753190812.173
294,ETH-259134907,1753191069909,2,0.023,0.022876,67.65,ETH-25JUL25-3700-C,3693.37,sell,12.0,12.0,,,,,1753191069.909
295,ETH-259134968,1753191095672,3,0.023,0.02281,68.25,ETH-25JUL25-3700-C,3691.63,sell,38.0,38.0,,,,,1753191095.672
296,ETH-259135637,1753191191941,2,0.0205,0.020472,68.39,ETH-25JUL25-3700-C,3671.39,sell,13.0,13.0,,,,,1753191191.941
297,ETH-259135638,1753191191969,3,0.0205,0.020472,68.39,ETH-25JUL25-3700-C,3671.39,sell,2.0,2.0,,,,,1753191191.969
298,ETH-259135645,1753191192259,3,0.0205,0.020472,68.39,ETH-25JUL25-3700-C,3671.39,sell,35.0,35.0,,,,,1753191192.259
299,ETH-259136091,1753191288679,0,0.0215,0.021317,68.79,ETH-25JUL25-3700-C,3678.15,sell,50.0,50.0,,,,,1753191288.679
300,ETH-259137968,1753191711955,0,0.0235,0.023515,68.5,ETH-25JUL25-3700-C,3695.58,sell,50.0,50.0,,,,,1753191711.955
301,ETH-259144672,1753192869527,2,0.018,0.017828,69.32,ETH-25JUL25-3700-C,3647.92,buy,8.0,8.0,,,,,1753192869.527
302,ETH-259144673,1753192869531,3,0.018,0.017828,69.32,ETH-25JUL25-3700-C,3647.92,sell,42.0,42.0,,,,,1753192869.531
303,ETH-259146774,1753193231136,0,0.0185,0.01902,67.58,ETH-25JUL25-3700-C,3658.46,sell,1.0,1.0,,,,,1753193231.136
304,ETH-259150265,1753194998502,0,0.0205,0.020894,67.39,ETH-25JUL25-3700-C,3676.39,sell,1.0,1.0,,,,,1753194998.502
305,ETH-259150569,1753195306538,1,0.0205,0.020841,67.37,ETH-25JUL25-3700-C,3676.32,sell,8.0,8.0,,,,,1753195306.538
306,ETH-259150579,1753195307274,1,0.0205,0.020871,67.31,ETH-25JUL25-3700-C,3676.47,sell,1.0,1.0,,,,,1753195307.274
307,ETH-259150583,1753195311656,1,0.0205,0.02096,67.14,ETH-25JUL25-3700-C,3676.94,sell,1.0,1.0,,,,,1753195311.656
308,ETH-259160636,1753200128021,0,0.026,0.025882,68.59,ETH-25JUL25-3700-C,3716.75,buy,9.0,9.0,,,,,1753200128.021
309,ETH-259173857,1753207487852,2,0.023,0.022927,66.98,ETH-25JUL25-3700-C,3701.94,buy,1.0,1.0,,,,,1753207487.852
310,ETH-259175812,1753208803466,3,0.023,0.022721,67.56,ETH-25JUL25-3700-C,3700.3,buy,10.0,10.0,,,,,1753208803.466
311,ETH-259179276,1753210662237,0,0.025,0.025791,64.26,ETH-25JUL25-3700-C,3723.47,sell,2.0,2.0,,,,,1753210662.237
312,ETH-259182044,1753212373013,2,0.023,0.022877,67.33,ETH-25JUL25-3700-C,3702.51,sell,1.0,1.0,,,,,1753212373.013
313,ETH-259184057,1753213515494,2,0.02,0.020311,65.91,ETH-25JUL25-3700-C,3683.16,sell,10.0,10.0,,,,,1753213515.494
314,ETH-259184407,1753213614375,2,0.019,0.018969,67.03,ETH-25JUL25-3700-C,3672.5,sell,10.0,10.0,,,,,1753213614.375
315,ETH-259185825,1753214082413,2,0.018,0.018256,66.61,ETH-25JUL25-3700-C,3665.25,sell,10.0,10.0,,,,,1753214082.413
316,ETH-259190185,1753215421312,0,0.022,0.022015,67.23,ETH-25JUL25-3700-C,3696.64,sell,19.0,19.0,,,,,1753215421.312
317,ETH-259192694,1753218300506,0,0.023,0.022994,67.28,ETH-25JUL25-3700-C,3705.58,buy,2.0,2.0,,,,,1753218300.506
318,ETH-259194912,1753222038367,0,0.0235,0.023494,65.89,ETH-25JUL25-3700-C,3713.62,buy,4.0,4.0,,,,,1753222038.367
319,ETH-259195409,1753222901072,0,0.024,0.024096,65.53,ETH-25JUL25-3700-C,3718.19,buy,10.0,10.0,,,,,1753222901.072
320,ETH-259197581,1753225600924,0,0.0255,0.025314,66.2,ETH-25JUL25-3700-C,3728.47,buy,2.0,2.0,,,,,1753225600.924
321,ETH-259197828,1753225888872,2,0.025,0.024802,66.11,ETH-25JUL25-3700-C,3725.43,buy,2.0,2.0,,,,,1753225888.872
322,ETH-259198014,1753226044196,0,0.0265,0.02625,66.09,ETH-25JUL25-3700-C,3735.12,buy,4.0,4.0,,,,,1753226044.196
323,ETH-259198511,1753226190087,0,0.028,0.027605,66.74,ETH-25JUL25-3700-C,3743.59,buy,1.0,1.0,,,,,1753226190.087
324,ETH-259198620,1753226220762,2,0.0275,0.027193,66.38,ETH-25JUL25-3700-C,3741.59,buy,3.0,3.0,,,,,1753226220.762
325,ETH-259202355,1753229832618,2,0.0265,0.026381,66.33,ETH-25JUL25-3700-C,3735.97,buy,2.0,2.0,,,,,1753229832.618
326,ETH-259206496,1753232524958,2,0.0245,0.02426,66.58,ETH-25JUL25-3700-C,3722.83,buy,15.0,15.0,,,,,1753232524.958
327,ETH-259207180,1753233020238,2,0.024,0.02411,65.53,ETH-25JUL25-3700-C,3721.75,buy,3.0,3.0,,,,,1753233020.238
328,ETH-259207181,1753233020317,3,0.024,0.02411,65.53,ETH-25JUL25-3700-C,3721.75,buy,1.0,1.0,,,,,1753233020.317
329,ETH-259207189,1753233023989,3,0.024,0.024133,65.55,ETH-25JUL25-3700-C,3721.67,buy,2.0,2.0,,,,,1753233023.989
330,ETH-259207190,1753233023998,3,0.024,0.024133,65.55,ETH-25JUL25-3700-C,3721.67,buy,2.0,2.0,,,,,1753233023.998
331,ETH-259207191,1753233024033,3,0.024,0.024133,65.55,ETH-25JUL25-3700-C,3721.67,buy,2.0,2.0,,,,,1753233024.033
332,ETH-259207192,1753233024114,3,0.024,0.024133,65.55,ETH-25JUL25-3700-C,3721.67,buy,60.0,60.0,,,,,1753233024.114
333,ETH-259207194,1753233026415,3,0.024,0.024088,65.32,ETH-25JUL25-3700-C,3722.29,buy,135.0,135.0,,,,,1753233026.415
334,ETH-259207195,1753233026729,3,0.024,0.024088,65.32,ETH-25JUL25-3700-C,3722.29,buy,104.0,104.0,,,,,1753233026.729
335,ETH-259207196,1753233026741,3,0.024,0.024088,65.32,ETH-25JUL25-3700-C,3722.29,buy,76.0,76.0,,,,,1753233026.741
336,ETH-259207638,1753233372626,0,0.0255,0.025189,65.95,ETH-25JUL25-3700-C,3730.96,buy,2.0,2.0,,,,,1753233372.626
337,ETH-259214702,1753238740071,2,0.0245,0.024791,63.41,ETH-25JUL25-3700-C,3732.22,sell,52.0,52.0,,,,,1753238740.071
338,ETH-259216813,1753240710703,0,0.0255,0.025209,64.4,ETH-25JUL25-3700-C,3736.64,sell,3.0,3.0,,,,,1753240710.703
339,ETH-259239393,1753260039766,2,0.0155,0.016146,61.98,ETH-25JUL25-3700-C,3676.64,sell,6.0,6.0,,,,,1753260039.766
340,ETH-259246904,1753264101308,2,0.014,0.013976,62.96,ETH-25JUL25-3700-C,3663.26,sell,7.0,7.0,,,,,1753264101.308
341,ETH-259247658,1753265039547,2,0.0125,0.013077,61.53,ETH-25JUL25-3700-C,3653.53,sell,1.0,1.0,,,,,1753265039.547
342,ETH-259249589,1753265881569,2,0.012,0.012621,61.21,ETH-25JUL25-3700-C,3649.82,sell,1.0,1.0,,,,,1753265881.569
343,ETH-259251573,1753268266572,0,0.0135,0.013982,60.07,ETH-25JUL25-3700-C,3668.08,sell,2.0,2.0,,,,,1753268266.572
344,ETH-259251624,1753268581947,2,0.013,0.013693,59.34,ETH-25JUL25-3700-C,3665.56,sell,1.0,1.0,,,,,1753268581.947
345,ETH-259251737,1753268848068,3,0.013,0.013571,59.64,ETH-25JUL25-3700-C,3664.54,sell,5.0,5.0,,,,,1753268848.068
346,ETH-259255580,1753273775360,0,0.0145,0.014721,60.75,ETH-25JUL25-3700-C,3677.24,buy,90.0,90.0,,,,,1753273775.36
347,ETH-259256984,1753274825123,2,0.013,0.01278,62.67,ETH-25JUL25-3700-C,3660.53,sell,16.0,16.0,,,,,1753274825.123
348,ETH-259256994,1753274843779,3,0.013,0.012866,63.05,ETH-25JUL25-3700-C,3659.59,sell,34.0,34.0,,,,,1753274843.779
349,ETH-259257202,1753275055637,3,0.013,0.013042,62.98,ETH-25JUL25-3700-C,3659.88,sell,50.0,50.0,,,,,1753275055.637
350,ETH-259257258,1753275080403,3,0.013,0.013152,62.6,ETH-25JUL25-3700-C,3660.74,sell,50.0,50.0,,,,,1753275080.403
351,ETH-259260386,1753276032249,2,0.011,0.010565,66.05,ETH-25JUL25-3700-C,3633.18,buy,104.0,104.0,,,,,1753276032.249
353,ETH-259260388,1753276032249,3,0.011,0.010565,66.05,ETH-25JUL25-3700-C,3633.18,buy,14.0,14.0,,,,,1753276032.249
354,ETH-259260389,1753276032249,3,0.011,0.010565,66.05,ETH-25JUL25-3700-C,3633.18,buy,381.0,381.0,,,,,1753276032.249
352,ETH-259260387,1753276032249,3,0.011,0.010565,66.05,ETH-25JUL25-3700-C,3633.18,buy,1.0,1.0,,,,,1753276032.249
355,ETH-259262491,1753276564593,0,0.0125,0.012444,64.64,ETH-25JUL25-3700-C,3652.1,sell,10.0,10.0,,,,,1753276564.593
356,ETH-259268335,1753278134966,2,0.01,0.009829,66.15,ETH-25JUL25-3700-C,3623.79,sell,30.0,30.0,,,,,1753278134.966
357,ETH-259277169,1753279062972,2,0.008,0.008264,66.55,ETH-25JUL25-3700-C,3599.28,sell,2.0,2.0,,,,,1753279062.972
358,ETH-259281509,1753280218288,3,0.008,0.008254,66.48,ETH-25JUL25-3700-C,3599.26,buy,2.0,2.0,,,,,1753280218.288
359,ETH-259285239,1753281904410,3,0.008,0.008298,65.28,ETH-25JUL25-3700-C,3604.18,sell,20.0,20.0,,,,,1753281904.41
360,ETH-259285249,1753281920231,2,0.0075,0.008221,63.23,ETH-25JUL25-3700-C,3603.73,sell,10.0,10.0,,,,,1753281920.231
361,ETH-259289878,1753284558081,0,0.008,0.007723,66.13,ETH-25JUL25-3700-C,3603.85,buy,18.0,18.0,,,,,1753284558.081
362,ETH-259289880,1753284558109,1,0.008,0.007723,66.13,ETH-25JUL25-3700-C,3603.85,buy,1.0,1.0,,,,,1753284558.109
363,ETH-259289893,1753284558167,1,0.008,0.007723,66.13,ETH-25JUL25-3700-C,3603.85,buy,4.0,4.0,,,,,1753284558.167
364,ETH-259293731,1753286403244,0,0.0115,0.011277,65.68,ETH-25JUL25-3700-C,3645.74,buy,2.0,2.0,,,,,1753286403.244
365,ETH-259299994,1753288474741,2,0.007,0.007123,64.52,ETH-25JUL25-3700-C,3597.23,sell,10.0,10.0,,,,,1753288474.741
366,ETH-259301228,1753288876586,2,0.006,0.00639,63.12,ETH-25JUL25-3700-C,3588.32,sell,3.0,3.0,,,,,1753288876.586
367,ETH-259301594,1753289076490,0,0.007,0.006823,65.63,ETH-25JUL25-3700-C,3595.12,buy,1.0,1.0,,,,,1753289076.49
368,ETH-259304503,1753290000967,2,0.0055,0.005323,65.95,ETH-25JUL25-3700-C,3572.72,buy,1.0,1.0,,,,,1753290000.967
369,ETH-259307793,1753290724181,2,0.005,0.005133,65.2,ETH-25JUL25-3700-C,3566.78,sell,1.0,1.0,,,,,1753290724.181
370,ETH-259311416,1753291555523,0,0.006,0.006149,66.3,ETH-25JUL25-3700-C,3579.97,sell,2.0,2.0,,,,,1753291555.523
371,ETH-259314109,1753292704790,0,0.007,0.006549,68.71,ETH-25JUL25-3700-C,3587.92,buy,5.0,5.0,,,,,1753292704.79
372,ETH-259314131,1753292714468,1,0.007,0.006317,69.96,ETH-25JUL25-3700-C,3584.61,buy,1.0,1.0,,,,,1753292714.468
373,ETH-259329376,1753303178695,2,0.0046,0.004459,69.94,ETH-25JUL25-3700-C,3555.1,sell,1.0,1.0,,,,,1753303178.695
375,ETH-259329451,1753303198118,3,0.0045,0.004251,70.41,ETH-25JUL25-3700-C,3551.77,sell,1.0,1.0,,,,,1753303198.118
374,ETH-259329450,1753303198118,2,0.0045,0.004251,70.41,ETH-25JUL25-3700-C,3551.77,sell,1.0,1.0,,,,,1753303198.118
376,ETH-259329452,1753303198118,3,0.0045,0.004251,70.41,ETH-25JUL25-3700-C,3551.77,sell,1.0,1.0,,,,,1753303198.118
377,ETH-259329504,1753303208830,2,0.0044,0.004125,70.49,ETH-25JUL25-3700-C,3549.62,sell,1.0,1.0,,,,,1753303208.83
378,ETH-259332046,1753304662379,0,0.0048,0.005225,65.44,ETH-25JUL25-3700-C,3574.28,sell,7.0,7.0,,,,,1753304662.379
379,ETH-259333443,1753305576142,2,0.0042,0.004079,68.5,ETH-25JUL25-3700-C,3554.31,sell,1.0,1.0,,,,,1753305576.142
380,ETH-259337047,1753306722883,2,0.0038,0.003562,67.61,ETH-25JUL25-3700-C,3549.11,buy,1.0,1.0,,,,,1753306722.883
381,ETH-259337048,1753306722883,3,0.0038,0.003562,67.61,ETH-25JUL25-3700-C,3549.11,buy,1.0,1.0,,,,,1753306722.883
382,ETH-259346680,1753312134937,0,0.008,0.007921,65.68,ETH-25JUL25-3700-C,3624.9,buy,2.0,2.0,,,,,1753312134.937
383,ETH-259347724,1753313285743,1,0.008,0.00833,63.98,ETH-25JUL25-3700-C,3630.57,sell,2.0,2.0,,,,,1753313285.743
384,ETH-259347725,1753313285743,1,0.008,0.00833,63.98,ETH-25JUL25-3700-C,3630.57,sell,17.0,17.0,,,,,1753313285.743
385,ETH-259351594,1753317213646,0,0.0085,0.008583,63.87,ETH-25JUL25-3700-C,3639.46,buy,1.0,1.0,,,,,1753317213.646
386,ETH-259358956,1753324593163,2,0.008,0.008247,60.07,ETH-25JUL25-3700-C,3647.58,buy,1.0,1.0,,,,,1753324593.163
387,ETH-259361450,1753327868730,0,0.009,0.009051,59.7,ETH-25JUL25-3700-C,3661.57,buy,7.0,7.0,,,,,1753327868.73
388,ETH-259363532,1753329832903,2,0.0075,0.007291,61.79,ETH-25JUL25-3700-C,3641.41,buy,7.0,7.0,,,,,1753329832.903
389,ETH-259363539,1753329832928,3,0.0075,0.007291,61.79,ETH-25JUL25-3700-C,3641.41,buy,3.0,3.0,,,,,1753329832.928
390,ETH-259365422,1753331534237,2,0.006,0.006201,58.92,ETH-25JUL25-3700-C,3631.69,sell,1.0,1.0,,,,,1753331534.237
391,ETH-259369299,1753333804714,2,0.0043,0.003996,64.5,ETH-25JUL25-3700-C,3593.83,buy,2.0,2.0,,,,,1753333804.714
393,ETH-259373886,1753335011545,3,0.0034,0.003497,63.78,ETH-25JUL25-3700-C,3581.28,sell,25.0,25.0,,,,,1753335011.545
392,ETH-259373885,1753335011545,2,0.0034,0.003497,63.78,ETH-25JUL25-3700-C,3581.28,sell,2.0,2.0,,,,,1753335011.545
395,ETH-259379346,1753337596795,3,0.0028,0.002877,66.4,ETH-25JUL25-3700-C,3562.5,sell,15.0,15.0,,,,,1753337596.795
394,ETH-259379345,1753337596795,2,0.0028,0.002877,66.4,ETH-25JUL25-3700-C,3562.5,sell,17.0,17.0,,,,,1753337596.795
396,ETH-259379347,1753337596802,3,0.0028,0.002877,66.4,ETH-25JUL25-3700-C,3562.5,buy,10.0,10.0,,,,,1753337596.802
397,ETH-259379348,1753337596808,3,0.0028,0.002877,66.4,ETH-25JUL25-3700-C,3562.5,buy,34.0,34.0,,,,,1753337596.808
398,ETH-259379366,1753337610488,3,0.0028,0.002824,66.65,ETH-25JUL25-3700-C,3561.68,buy,24.0,24.0,,,,,1753337610.488
399,ETH-259379459,1753337632231,2,0.0026,0.002823,64.88,ETH-25JUL25-3700-C,3562.2,sell,4.0,4.0,,,,,1753337632.231
401,ETH-259379461,1753337632231,3,0.0026,0.002823,64.88,ETH-25JUL25-3700-C,3562.2,sell,164.0,164.0,,,,,1753337632.231
400,ETH-259379460,1753337632231,3,0.0026,0.002823,64.88,ETH-25JUL25-3700-C,3562.2,sell,32.0,32.0,,,,,1753337632.231
402,ETH-259379642,1753337688900,0,0.003,0.003266,64.35,ETH-25JUL25-3700-C,3573.38,sell,100.0,100.0,,,,,1753337688.9
403,ETH-259380630,1753338165488,1,0.003,0.003077,64.8,ETH-25JUL25-3700-C,3572.68,buy,7.0,7.0,,,,,1753338165.488
404,ETH-259380631,1753338165686,1,0.003,0.003077,64.8,ETH-25JUL25-3700-C,3572.68,buy,14.0,14.0,,,,,1753338165.686
405,ETH-259380632,1753338165705,1,0.003,0.003077,64.8,ETH-25JUL25-3700-C,3572.68,buy,79.0,79.0,,,,,1753338165.705
406,ETH-259381455,1753338790121,0,0.0034,0.003198,66.45,ETH-25JUL25-3700-C,3577.07,buy,1.0,1.0,,,,,1753338790.121
407,ETH-259384149,1753339580628,2,0.0019,0.002021,66.29,ETH-25JUL25-3700-C,3540.56,sell,6.0,6.0,,,,,1753339580.628
408,ETH-259384150,1753339580631,3,0.0019,0.002021,66.29,ETH-25JUL25-3700-C,3540.56,buy,5.0,5.0,,,,,1753339580.631
409,ETH-259384151,1753339580636,3,0.0019,0.002021,66.29,ETH-25JUL25-3700-C,3540.56,buy,5.0,5.0,,,,,1753339580.636
410,ETH-259384152,1753339580640,3,0.0019,0.002021,66.29,ETH-25JUL25-3700-C,3540.56,buy,11.0,11.0,,,,,1753339580.64
411,ETH-259384167,1753339584702,3,0.0019,0.001998,66.52,ETH-25JUL25-3700-C,3540.1,buy,11.0,11.0,,,,,1753339584.702
412,ETH-259384168,1753339584839,3,0.0019,0.001998,66.52,ETH-25JUL25-3700-C,3540.1,buy,12.0,12.0,,,,,1753339584.839
413,ETH-259384182,1753339601770,2,0.0018,0.001937,65.71,ETH-25JUL25-3700-C,3539.61,sell,1.0,1.0,,,,,1753339601.77
414,ETH-259384187,1753339609133,0,0.0019,0.001995,66.13,ETH-25JUL25-3700-C,3541.46,buy,50.0,50.0,,,,,1753339609.133
415,ETH-259387020,1753340147479,0,0.0026,0.002407,70.58,ETH-25JUL25-3700-C,3547.91,buy,1.0,1.0,,,,,1753340147.479
416,ETH-259400775,1753341843548,0,0.003,0.003132,67.93,ETH-25JUL25-3700-C,3567.57,buy,5.0,5.0,,,,,1753341843.548
417,ETH-259400777,1753341846924,1,0.003,0.003196,67.62,ETH-25JUL25-3700-C,3568.39,buy,5.0,5.0,,,,,1753341846.924
418,ETH-259400779,1753341849902,1,0.003,0.003161,67.7,ETH-25JUL25-3700-C,3568.01,buy,5.0,5.0,,,,,1753341849.902
419,ETH-259400783,1753341856705,1,0.003,0.003145,67.71,ETH-25JUL25-3700-C,3568.42,buy,5.0,5.0,,,,,1753341856.705
420,ETH-259404578,1753343186524,0,0.0033,0.003472,67.49,ETH-25JUL25-3700-C,3576.51,sell,1.0,1.0,,,,,1753343186.524
421,ETH-259405141,1753343478524,0,0.0034,0.00357,67.36,ETH-25JUL25-3700-C,3579.16,sell,25.0,25.0,,,,,1753343478.524
422,ETH-259405142,1753343478552,1,0.0034,0.00357,67.36,ETH-25JUL25-3700-C,3579.16,buy,12.0,12.0,,,,,1753343478.552
423,ETH-259405144,1753343482510,1,0.0034,0.003573,67.31,ETH-25JUL25-3700-C,3579.27,buy,4.0,4.0,,,,,1753343482.51
424,ETH-259405167,1753343485115,1,0.0034,0.003565,67.3,ETH-25JUL25-3700-C,3579.25,buy,11.0,11.0,,,,,1753343485.115
425,ETH-259405804,1753343702622,1,0.0034,0.003414,66.24,ETH-25JUL25-3700-C,3582.84,buy,5.0,5.0,,,,,1753343702.622
426,ETH-259405812,1753343703199,1,0.0034,0.003414,66.24,ETH-25JUL25-3700-C,3582.84,buy,843.0,843.0,,,,,1753343703.199
427,ETH-259406672,1753343814099,0,0.0038,0.003812,66.36,ETH-25JUL25-3700-C,3590.21,buy,3.0,3.0,,,,,1753343814.099
428,ETH-259407443,1753343971573,0,0.0039,0.004089,65.64,ETH-25JUL25-3700-C,3594.19,sell,22.0,22.0,,,,,1753343971.573
429,ETH-259407857,1753344074202,2,0.0034,0.003784,64.45,ETH-25JUL25-3700-C,3588.74,sell,1.0,1.0,,,,,1753344074.202
430,ETH-259407898,1753344091475,0,0.0037,0.003657,67.49,ETH-25JUL25-3700-C,3586.3,sell,2.0,2.0,,,,,1753344091.475
431,ETH-259408056,1753344122623,2,0.0034,0.00379,64.39,ETH-25JUL25-3700-C,3588.66,sell,5.0,5.0,,,,,1753344122.623
432,ETH-259408281,1753344211636,2,0.0032,0.003499,64.88,ETH-25JUL25-3700-C,3583.6,sell,1.0,1.0,,,,,1753344211.636
433,ETH-259408315,1753344246573,3,0.0032,0.003459,64.98,ETH-25JUL25-3700-C,3583.21,sell,21.0,21.0,,,,,1753344246.573
434,ETH-259408608,1753344361799,0,0.0035,0.003783,63.93,ETH-25JUL25-3700-C,3592.17,sell,3.0,3.0,,,,,1753344361.799
435,ETH-259408770,1753344382176,0,0.0039,0.003822,66.16,ETH-25JUL25-3700-C,3595.75,buy,2.0,2.0,,,,,1753344382.176
436,ETH-259410673,1753344732312,0,0.0065,0.006201,69.35,ETH-25JUL25-3700-C,3624.29,buy,1.0,1.0,,,,,1753344732.312
437,ETH-259413972,1753345356989,2,0.0055,0.005518,64.79,ETH-25JUL25-3700-C,3622.44,buy,44.0,44.0,,,,,1753345356.989
438,ETH-259414611,1753345622069,2,0.005,0.005817,59.6,ETH-25JUL25-3700-C,3627.91,sell,1.0,1.0,,,,,1753345622.069
439,ETH-259415259,1753345896534,3,0.005,0.005641,59.69,ETH-25JUL25-3700-C,3628.9,sell,14.0,14.0,,,,,1753345896.534
440,ETH-259416508,1753346363189,0,0.006,0.006018,62.0,ETH-25JUL25-3700-C,3636.33,sell,97.0,97.0,,,,,1753346363.189
441,ETH-259417137,1753346590968,2,0.005,0.005398,58.66,ETH-25JUL25-3700-C,3631.24,sell,1.0,1.0,,,,,1753346590.968
442,ETH-259417603,1753346719231,3,0.005,0.00538,58.45,ETH-25JUL25-3700-C,3631.86,sell,4.0,4.0,,,,,1753346719.231
443,ETH-259418382,1753346888022,0,0.006,0.006101,59.21,ETH-25JUL25-3700-C,3642.82,buy,1.0,1.0,,,,,1753346888.022
444,ETH-259420128,1753347781845,2,0.005,0.005672,55.62,ETH-25JUL25-3700-C,3638.99,sell,1.0,1.0,,,,,1753347781.845
445,ETH-259420592,1753347994248,3,0.005,0.00555,55.71,ETH-25JUL25-3700-C,3639.26,sell,6.0,6.0,,,,,1753347994.248
446,ETH-259420913,1753348184314,0,0.0055,0.005496,58.75,ETH-25JUL25-3700-C,3638.95,buy,10.0,10.0,,,,,1753348184.314
447,ETH-259421814,1753348727345,2,0.0043,0.004518,58.2,ETH-25JUL25-3700-C,3624.11,sell,1.0,1.0,,,,,1753348727.345
448,ETH-259422197,1753348848758,0,0.0044,0.00466,57.82,ETH-25JUL25-3700-C,3626.5,sell,9.0,9.0,,,,,1753348848.758
449,ETH-259422389,1753348915448,0,0.0047,0.005065,57.27,ETH-25JUL25-3700-C,3632.65,sell,3.0,3.0,,,,,1753348915.448
450,ETH-259422391,1753348917299,1,0.0047,0.005086,57.16,ETH-25JUL25-3700-C,3632.84,sell,1.0,1.0,,,,,1753348917.299
451,ETH-259423727,1753349772728,2,0.0042,0.004586,56.54,ETH-25JUL25-3700-C,3627.42,sell,1.0,1.0,,,,,1753349772.728
452,ETH-259423803,1753349826132,3,0.0042,0.004525,56.93,ETH-25JUL25-3700-C,3626.74,sell,5.0,5.0,,,,,1753349826.132
453,ETH-259423808,1753349826853,3,0.0042,0.004522,56.91,ETH-25JUL25-3700-C,3626.8,sell,30.0,30.0,,,,,1753349826.853
454,ETH-259423809,1753349826853,2,0.0041,0.004522,56.28,ETH-25JUL25-3700-C,3626.8,sell,41.0,41.0,,,,,1753349826.853
455,ETH-259423879,1753349864588,2,0.004,0.004467,55.88,ETH-25JUL25-3700-C,3626.49,sell,3.0,3.0,,,,,1753349864.588
456,ETH-259424384,1753350026827,0,0.0043,0.004791,55.61,ETH-25JUL25-3700-C,3631.26,sell,4.0,4.0,,,,,1753350026.827
457,ETH-259427577,1753351426652,0,0.005,0.005477,55.7,ETH-25JUL25-3700-C,3641.88,sell,2.0,2.0,,,,,1753351426.652
458,ETH-259427578,1753351426652,1,0.005,0.005477,55.7,ETH-25JUL25-3700-C,3641.88,sell,8.0,8.0,,,,,1753351426.652
459,ETH-259428015,1753351447023,0,0.006,0.005712,60.0,ETH-25JUL25-3700-C,3644.93,buy,1.0,1.0,,,,,1753351447.023
460,ETH-259428980,1753351514455,0,0.0065,0.006817,56.58,ETH-25JUL25-3700-C,3657.42,sell,2.0,2.0,,,,,1753351514.455
463,ETH-259429795,1753351695783,3,0.005,0.005425,55.32,ETH-25JUL25-3700-C,3643.15,sell,100.0,100.0,,,,,1753351695.783
465,ETH-259429797,1753351695783,3,0.005,0.005425,55.32,ETH-25JUL25-3700-C,3643.15,sell,51.0,51.0,,,,,1753351695.783
462,ETH-259429794,1753351695783,3,0.005,0.005425,55.32,ETH-25JUL25-3700-C,3643.15,sell,52.0,52.0,,,,,1753351695.783
461,ETH-259429793,1753351695783,2,0.005,0.005425,55.32,ETH-25JUL25-3700-C,3643.15,sell,200.0,200.0,,,,,1753351695.783
464,ETH-259429796,1753351695783,3,0.005,0.005425,55.32,ETH-25JUL25-3700-C,3643.15,sell,97.0,97.0,,,,,1753351695.783
466,ETH-259430893,1753351921924,2,0.0046,0.004978,55.35,ETH-25JUL25-3700-C,3637.66,sell,1.0,1.0,,,,,1753351921.924
468,ETH-259431068,1753352111616,2,0.0045,0.004811,55.39,ETH-25JUL25-3700-C,3636.06,sell,17.0,17.0,,,,,1753352111.616
467,ETH-259431067,1753352111616,3,0.0046,0.004811,55.99,ETH-25JUL25-3700-C,3636.06,sell,10.0,10.0,,,,,1753352111.616
469,ETH-259431356,1753352222488,2,0.0041,0.004558,54.14,ETH-25JUL25-3700-C,3633.6,sell,68.0,68.0,,,,,1753352222.488
470,ETH-259431887,1753352483990,2,0.0038,0.003856,56.29,ETH-25JUL25-3700-C,3624.79,sell,10.0,10.0,,,,,1753352483.99
471,ETH-259432448,1753352671744,2,0.0033,0.003257,56.98,ETH-25JUL25-3700-C,3615.18,sell,8.0,8.0,,,,,1753352671.744
472,ETH-259432449,1753352671758,3,0.0033,0.003257,56.98,ETH-25JUL25-3700-C,3615.18,sell,1.0,1.0,,,,,1753352671.758
473,ETH-259432450,1753352672974,3,0.0033,0.003235,57.04,ETH-25JUL25-3700-C,3615.01,sell,2.0,2.0,,,,,1753352672.974
474,ETH-259432470,1753352674105,3,0.0033,0.003226,57.1,ETH-25JUL25-3700-C,3614.85,sell,9.0,9.0,,,,,1753352674.105
475,ETH-259432548,1753352683186,3,0.0033,0.002992,58.51,ETH-25JUL25-3700-C,3611.42,sell,8.0,8.0,,,,,1753352683.186
476,ETH-259432549,1753352683190,3,0.0033,0.002992,58.51,ETH-25JUL25-3700-C,3611.42,sell,2.0,2.0,,,,,1753352683.19
477,ETH-259433536,1753352850898,2,0.003,0.002752,59.36,ETH-25JUL25-3700-C,3603.36,sell,11.0,11.0,,,,,1753352850.898
478,ETH-259433831,1753352893535,0,0.0031,0.002994,59.36,ETH-25JUL25-3700-C,3605.37,buy,100.0,100.0,,,,,1753352893.535
479,ETH-259434553,1753353056360,0,0.0032,0.002964,60.69,ETH-25JUL25-3700-C,3604.02,buy,58.0,58.0,,,,,1753353056.36
481,ETH-259434555,1753353056360,1,0.0032,0.002964,60.69,ETH-25JUL25-3700-C,3604.02,buy,1.0,1.0,,,,,1753353056.36
480,ETH-259434554,1753353056360,1,0.0032,0.002964,60.69,ETH-25JUL25-3700-C,3604.02,buy,506.0,506.0,,,,,1753353056.36
482,ETH-259434556,1753353056365,1,0.0032,0.002964,60.69,ETH-25JUL25-3700-C,3604.02,sell,164.0,164.0,,,,,1753353056.365
483,ETH-259434557,1753353056366,1,0.0032,0.002964,60.69,ETH-25JUL25-3700-C,3604.02,sell,60.0,60.0,,,,,1753353056.366
484,ETH-259434849,1753353084920,2,0.0027,0.002808,58.48,ETH-25JUL25-3700-C,3599.83,sell,300.0,300.0,,,,,1753353084.92
485,ETH-259435018,1753353101625,2,0.0026,0.002748,58.4,ETH-25JUL25-3700-C,3597.78,sell,7.0,7.0,,,,,1753353101.625
487,ETH-259435407,1753353171041,1,0.0027,0.002762,59.64,ETH-25JUL25-3700-C,3596.76,sell,13.0,13.0,,,,,1753353171.041
486,ETH-259435406,1753353171041,0,0.0027,0.002762,59.64,ETH-25JUL25-3700-C,3596.76,sell,106.0,106.0,,,,,1753353171.041
488,ETH-259435521,1753353197522,2,0.0025,0.002644,58.95,ETH-25JUL25-3700-C,3594.44,sell,11.0,11.0,,,,,1753353197.522
493,ETH-259435608,1753353236610,3,0.0024,0.00274,57.56,ETH-25JUL25-3700-C,3595.92,sell,63.0,63.0,,,,,1753353236.61
490,ETH-259435605,1753353236610,3,0.0025,0.00274,58.38,ETH-25JUL25-3700-C,3595.92,sell,171.0,171.0,,,,,1753353236.61
491,ETH-259435606,1753353236610,2,0.0024,0.00274,57.56,ETH-25JUL25-3700-C,3595.92,sell,97.0,97.0,,,,,1753353236.61
489,ETH-259435604,1753353236610,3,0.0025,0.00274,58.38,ETH-25JUL25-3700-C,3595.92,sell,2.0,2.0,,,,,1753353236.61
492,ETH-259435607,1753353236610,3,0.0024,0.00274,57.56,ETH-25JUL25-3700-C,3595.92,sell,167.0,167.0,,,,,1753353236.61
494,ETH-259436434,1753353616533,0,0.0026,0.00293,56.63,ETH-25JUL25-3700-C,3603.09,sell,38.0,38.0,,,,,1753353616.533
495,ETH-259436745,1753353732711,0,0.003,0.003129,57.16,ETH-25JUL25-3700-C,3609.69,buy,10.0,10.0,,,,,1753353732.711
496,ETH-259437534,1753354040824,0,0.0035,0.003418,58.81,ETH-25JUL25-3700-C,3614.5,buy,3.0,3.0,,,,,1753354040.824
497,ETH-259439118,1753354677421,1,0.0035,0.003758,56.03,ETH-25JUL25-3700-C,3622.3,sell,9.0,9.0,,,,,1753354677.421
498,ETH-259439254,1753354901810,2,0.0034,0.003725,55.49,ETH-25JUL25-3700-C,3622.22,sell,1.0,1.0,,,,,1753354901.81
499,ETH-259439255,1753354901810,3,0.0034,0.003725,55.49,ETH-25JUL25-3700-C,3622.22,sell,1.0,1.0,,,,,1753354901.81
500,ETH-259440691,1753355265461,0,0.0041,0.004497,55.28,ETH-25JUL25-3700-C,3633.52,sell,1.0,1.0,,,,,1753355265.461
501,ETH-259441298,1753355472951,0,0.005,0.005248,55.03,ETH-25JUL25-3700-C,3645.53,sell,1.0,1.0,,,,,1753355472.951
502,ETH-259441318,1753355473676,1,0.005,0.005383,55.04,ETH-25JUL25-3700-C,3645.51,sell,19.0,19.0,,,,,1753355473.676
503,ETH-259441892,1753355508284,0,0.006,0.005444,60.65,ETH-25JUL25-3700-C,3646.06,buy,5.0,5.0,,,,,1753355508.284
504,ETH-259441893,1753355508284,1,0.006,0.005444,60.65,ETH-25JUL25-3700-C,3646.06,buy,195.0,195.0,,,,,1753355508.284
505,ETH-259442374,1753355574165,2,0.0055,0.005215,59.11,ETH-25JUL25-3700-C,3643.62,buy,14.0,14.0,,,,,1753355574.165
506,ETH-259442375,1753355574165,3,0.0055,0.005215,59.11,ETH-25JUL25-3700-C,3643.62,buy,186.0,186.0,,,,,1753355574.165
507,ETH-259444304,1753355939135,0,0.006,0.005888,58.11,ETH-25JUL25-3700-C,3652.88,buy,1.0,1.0,,,,,1753355939.135
508,ETH-259446796,1753356746178,2,0.0055,0.005554,57.39,ETH-25JUL25-3700-C,3648.81,sell,2.0,2.0,,,,,1753356746.178
510,ETH-259447130,1753356846068,1,0.006,0.005797,59.0,ETH-25JUL25-3700-C,3651.61,buy,1.0,1.0,,,,,1753356846.068
509,ETH-259447129,1753356846068,0,0.006,0.005797,59.0,ETH-25JUL25-3700-C,3651.61,buy,2.0,2.0,,,,,1753356846.068
511,ETH-259447259,1753356907604,1,0.006,0.005882,58.75,ETH-25JUL25-3700-C,3651.59,buy,2.0,2.0,,,,,1753356907.604
512,ETH-259447260,1753356907606,1,0.006,0.005882,58.75,ETH-25JUL25-3700-C,3651.59,sell,1.0,1.0,,,,,1753356907.606
513,ETH-259447474,1753357141879,2,0.0055,0.006002,56.08,ETH-25JUL25-3700-C,3651.89,sell,1.0,1.0,,,,,1753357141.879
514,ETH-259447539,1753357174389,0,0.006,0.006083,58.63,ETH-25JUL25-3700-C,3652.67,sell,6.0,6.0,,,,,1753357174.389
515,ETH-259448287,1753357775698,2,0.0055,0.006078,56.39,ETH-25JUL25-3700-C,3651.97,sell,1.0,1.0,,,,,1753357775.698
516,ETH-259449763,1753358396012,0,0.0065,0.006455,59.86,ETH-25JUL25-3700-C,3657.16,sell,7.0,7.0,,,,,1753358396.012
517,ETH-259449921,1753358521083,2,0.006,0.006745,55.66,ETH-25JUL25-3700-C,3659.5,sell,1.0,1.0,,,,,1753358521.083
518,ETH-259450417,1753359129231,2,0.005,0.00565,55.19,ETH-25JUL25-3700-C,3649.56,sell,7.0,7.0,,,,,1753359129.231
519,ETH-259450884,1753359223804,3,0.005,0.004885,59.49,ETH-25JUL25-3700-C,3641.5,buy,3.0,3.0,,,,,1753359223.804
520,ETH-259451004,1753359255113,3,0.005,0.004929,59.21,ETH-25JUL25-3700-C,3641.41,buy,1.0,1.0,,,,,1753359255.113
521,ETH-259451080,1753359307922,0,0.0055,0.005232,60.07,ETH-25JUL25-3700-C,3645.74,buy,3.0,3.0,,,,,1753359307.922
522,ETH-259451846,1753359826443,2,0.0049,0.004962,58.14,ETH-25JUL25-3700-C,3643.07,sell,3.0,3.0,,,,,1753359826.443
523,ETH-259451925,1753359903105,0,0.005,0.005027,58.06,ETH-25JUL25-3700-C,3644.12,buy,3.0,3.0,,,,,1753359903.105
524,ETH-259452461,1753360455284,2,0.0047,0.004523,59.19,ETH-25JUL25-3700-C,3638.53,buy,10.0,10.0,,,,,1753360455.284
525,ETH-259453536,1753360896890,2,0.0043,0.004144,59.84,ETH-25JUL25-3700-C,3631.83,sell,50.0,50.0,,,,,1753360896.89
527,ETH-259453570,1753360941588,3,0.0037,0.00397,57.38,ETH-25JUL25-3700-C,3628.37,sell,10.0,10.0,,,,,1753360941.588
528,ETH-259453571,1753360941588,2,0.0036,0.00397,56.68,ETH-25JUL25-3700-C,3628.37,sell,7.0,7.0,,,,,1753360941.588
526,ETH-259453569,1753360941588,2,0.0037,0.00397,57.38,ETH-25JUL25-3700-C,3628.37,sell,6.0,6.0,,,,,1753360941.588
529,ETH-259453730,1753360998644,0,0.0038,0.003778,59.43,ETH-25JUL25-3700-C,3625.57,sell,50.0,50.0,,,,,1753360998.644
530,ETH-259455231,1753362086543,0,0.0043,0.00476,55.74,ETH-25JUL25-3700-C,3641.11,sell,6.0,6.0,,,,,1753362086.543
531,ETH-259455232,1753362086543,1,0.0043,0.00476,55.74,ETH-25JUL25-3700-C,3641.11,sell,4.0,4.0,,,,,1753362086.543
532,ETH-259456026,1753362988668,0,0.0045,0.004911,55.51,ETH-25JUL25-3700-C,3645.26,sell,1.0,1.0,,,,,1753362988.668
533,ETH-259456027,1753362989393,1,0.0045,0.00492,55.45,ETH-25JUL25-3700-C,3645.29,sell,17.0,17.0,,,,,1753362989.393
534,ETH-259456840,1753363685528,0,0.0049,0.004828,57.52,ETH-25JUL25-3700-C,3647.12,buy,1.0,1.0,,,,,1753363685.528
535,ETH-259456841,1753363685565,1,0.0049,0.004828,57.52,ETH-25JUL25-3700-C,3647.12,sell,2.0,2.0,,,,,1753363685.565
536,ETH-259456969,1753363702664,0,0.005,0.004951,57.3,ETH-25JUL25-3700-C,3648.38,buy,1.0,1.0,,,,,1753363702.664
537,ETH-259457174,1753363862645,2,0.0045,0.004603,56.11,ETH-25JUL25-3700-C,3644.75,sell,50.0,50.0,,,,,1753363862.645
538,ETH-259457268,1753363870226,2,0.0041,0.004264,56.45,ETH-25JUL25-3700-C,3638.79,sell,5.0,5.0,,,,,1753363870.226
539,ETH-259457275,1753363870290,3,0.0041,0.004264,56.45,ETH-25JUL25-3700-C,3638.79,sell,3.0,3.0,,,,,1753363870.29
540,ETH-259457284,1753363870332,3,0.0041,0.004264,56.45,ETH-25JUL25-3700-C,3638.79,sell,3.0,3.0,,,,,1753363870.332
541,ETH-259457286,1753363870341,3,0.0041,0.004264,56.45,ETH-25JUL25-3700-C,3638.79,sell,17.0,17.0,,,,,1753363870.341
542,ETH-259458580,1753364251591,0,0.0044,0.004779,54.61,ETH-25JUL25-3700-C,3646.98,sell,5.0,5.0,,,,,1753364251.591
543,ETH-259458581,1753364251591,2,0.0043,0.004779,53.97,ETH-25JUL25-3700-C,3646.98,sell,3.0,3.0,,,,,1753364251.591
544,ETH-259462829,1753366355406,2,0.0034,0.003334,57.07,ETH-25JUL25-3700-C,3629.71,sell,5.0,5.0,,,,,1753366355.406
545,ETH-259464109,1753366867531,0,0.0035,0.003543,56.45,ETH-25JUL25-3700-C,3632.77,buy,1.0,1.0,,,,,1753366867.531
546,ETH-259464113,1753366877535,1,0.0035,0.003681,55.49,ETH-25JUL25-3700-C,3634.71,buy,1.0,1.0,,,,,1753366877.535
547,ETH-259464120,1753366879080,0,0.0036,0.003676,56.24,ETH-25JUL25-3700-C,3634.62,buy,1.0,1.0,,,,,1753366879.08
548,ETH-259464121,1753366879263,2,0.0035,0.003676,55.53,ETH-25JUL25-3700-C,3634.62,buy,1.0,1.0,,,,,1753366879.263
549,ETH-259464135,1753366888576,3,0.0035,0.003801,54.76,ETH-25JUL25-3700-C,3636.08,sell,1.0,1.0,,,,,1753366888.576
550,ETH-259464136,1753366892052,3,0.0035,0.003764,55.29,ETH-25JUL25-3700-C,3635.13,sell,1.0,1.0,,,,,1753366892.052
551,ETH-259464141,1753366898891,0,0.0036,0.003739,55.78,ETH-25JUL25-3700-C,3635.61,buy,1.0,1.0,,,,,1753366898.891
552,ETH-259464155,1753366909724,0,0.0037,0.003802,56.16,ETH-25JUL25-3700-C,3636.37,buy,1.0,1.0,,,,,1753366909.724
553,ETH-259464226,1753367020403,2,0.0035,0.003441,57.35,ETH-25JUL25-3700-C,3631.34,sell,1.0,1.0,,,,,1753367020.403
554,ETH-259465893,1753367536508,0,0.0069,0.006236,59.67,ETH-25JUL25-3700-C,3667.79,buy,1000.0,1000.0,1.0,BLOCK-213246,,,1753367536.508
555,ETH-259467202,1753367742656,0,0.008,0.007926,58.37,ETH-25JUL25-3700-C,3680.1,sell,2.0,2.0,,,,,1753367742.656
556,ETH-259467258,1753367748374,2,0.0075,0.007789,56.43,ETH-25JUL25-3700-C,3677.84,sell,2.0,2.0,,,,,1753367748.374
557,ETH-259467259,1753367748378,3,0.0075,0.007789,56.43,ETH-25JUL25-3700-C,3677.84,sell,30.0,30.0,,,,,1753367748.378
558,ETH-259467832,1753367826736,0,0.009,0.008898,59.26,ETH-25JUL25-3700-C,3687.62,buy,10.0,10.0,,,,,1753367826.736
559,ETH-259469645,1753368093866,0,0.0095,0.009986,58.98,ETH-25JUL25-3700-C,3693.11,sell,3.0,3.0,,,,,1753368093.866
560,ETH-259470508,1753368232534,0,0.01,0.009965,61.36,ETH-25JUL25-3700-C,3693.94,buy,2.0,2.0,,,,,1753368232.534
561,ETH-259470509,1753368232534,1,0.01,0.009965,61.36,ETH-25JUL25-3700-C,3693.94,buy,1.0,1.0,,,,,1753368232.534
562,ETH-259470510,1753368232538,1,0.01,0.009965,61.36,ETH-25JUL25-3700-C,3693.94,sell,5.0,5.0,,,,,1753368232.538
563,ETH-259470591,1753368264857,1,0.01,0.010015,61.47,ETH-25JUL25-3700-C,3693.76,sell,6.0,6.0,,,,,1753368264.857
564,ETH-259470640,1753368297124,1,0.01,0.009918,62.53,ETH-25JUL25-3700-C,3692.36,sell,6.0,6.0,,,,,1753368297.124
566,ETH-259470697,1753368332619,1,0.0105,0.01019,64.19,ETH-25JUL25-3700-C,3694.07,buy,4.0,4.0,,,,,1753368332.619
565,ETH-259470696,1753368332619,0,0.0105,0.01019,64.19,ETH-25JUL25-3700-C,3694.07,buy,63.0,63.0,,,,,1753368332.619
567,ETH-259470698,1753368332619,1,0.0105,0.01019,64.19,ETH-25JUL25-3700-C,3694.07,buy,1.0,1.0,,,,,1753368332.619
568,ETH-259470699,1753368332619,1,0.0105,0.01019,64.19,ETH-25JUL25-3700-C,3694.07,buy,7.0,7.0,,,,,1753368332.619
570,ETH-259470701,1753368332622,1,0.0105,0.01019,64.19,ETH-25JUL25-3700-C,3694.07,sell,17.0,17.0,,,,,1753368332.622
569,ETH-259470700,1753368332622,1,0.0105,0.01019,64.19,ETH-25JUL25-3700-C,3694.07,sell,8.0,8.0,,,,,1753368332.622
571,ETH-259470711,1753368342898,1,0.0105,0.010252,63.72,ETH-25JUL25-3700-C,3694.71,sell,100.0,100.0,,,,,1753368342.898
574,ETH-259471131,1753368545475,1,0.0105,0.010932,58.98,ETH-25JUL25-3700-C,3701.32,sell,2.0,2.0,,,,,1753368545.475
573,ETH-259471130,1753368545475,1,0.0105,0.010932,58.98,ETH-25JUL25-3700-C,3701.32,sell,4.0,4.0,,,,,1753368545.475
572,ETH-259471129,1753368545475,1,0.0105,0.010932,58.98,ETH-25JUL25-3700-C,3701.32,sell,4.0,4.0,,,,,1753368545.475
575,ETH-259471180,1753368558904,0,0.011,0.010903,61.96,ETH-25JUL25-3700-C,3701.64,buy,1.0,1.0,,,,,1753368558.904
576,ETH-259472157,1753368688285,0,0.0135,0.013319,63.2,ETH-25JUL25-3700-C,3717.32,buy,10.0,10.0,,,,,1753368688.285
577,ETH-259474129,1753369023601,0,0.016,0.016252,63.29,ETH-25JUL25-3700-C,3732.76,sell,1.0,1.0,,,,,1753369023.601
578,ETH-259474211,1753369033505,1,0.016,0.016257,63.25,ETH-25JUL25-3700-C,3732.69,buy,4.0,4.0,,,,,1753369033.505
579,ETH-259474214,1753369034233,1,0.016,0.016257,63.25,ETH-25JUL25-3700-C,3732.69,buy,1.0,1.0,,,,,1753369034.233
580,ETH-259474216,1753369034992,1,0.016,0.016266,63.34,ETH-25JUL25-3700-C,3732.59,buy,5.0,5.0,,,,,1753369034.992
581,ETH-259476584,1753369405857,0,0.017,0.017086,65.51,ETH-25JUL25-3700-C,3736.45,buy,3.0,3.0,,,,,1753369405.857
582,ETH-259479937,1753369880059,0,0.02,0.020529,62.91,ETH-25JUL25-3700-C,3756.93,buy,1.0,1.0,,,,,1753369880.059
583,ETH-259483675,1753370287838,2,0.0195,0.019898,66.36,ETH-25JUL25-3700-C,3751.75,buy,4.0,4.0,,,,,1753370287.838
584,ETH-259484971,1753370448330,2,0.019,0.019375,65.39,ETH-25JUL25-3700-C,3749.88,sell,1.0,1.0,,,,,1753370448.33
585,ETH-259485381,1753370481521,2,0.0165,0.017473,60.85,ETH-25JUL25-3700-C,3739.91,sell,10.0,10.0,,,,,1753370481.521
586,ETH-259485412,1753370482665,3,0.0165,0.017441,60.96,ETH-25JUL25-3700-C,3739.8,sell,20.0,20.0,,,,,1753370482.665
587,ETH-259486590,1753370706679,0,0.017,0.017123,65.2,ETH-25JUL25-3700-C,3738.88,buy,1.0,1.0,,,,,1753370706.679
588,ETH-259489501,1753371319069,2,0.0135,0.014245,60.48,ETH-25JUL25-3700-C,3721.37,sell,13.0,13.0,,,,,1753371319.069
589,ETH-259489502,1753371319069,3,0.0135,0.014245,60.48,ETH-25JUL25-3700-C,3721.37,sell,2.0,2.0,,,,,1753371319.069
590,ETH-259492410,1753373170642,2,0.013,0.012824,64.05,ETH-25JUL25-3700-C,3716.0,buy,2.0,2.0,,,,,1753373170.642
591,ETH-259492592,1753373345817,0,0.0135,0.01324,63.31,ETH-25JUL25-3700-C,3720.06,buy,1.0,1.0,,,,,1753373345.817
592,ETH-259492644,1753373442378,2,0.013,0.013547,58.63,ETH-25JUL25-3700-C,3721.6,sell,2.0,2.0,,,,,1753373442.378
593,ETH-259492645,1753373442378,3,0.013,0.013547,58.63,ETH-25JUL25-3700-C,3721.6,sell,36.0,36.0,,,,,1753373442.378
594,ETH-259492646,1753373442380,3,0.013,0.013547,58.63,ETH-25JUL25-3700-C,3721.6,buy,92.0,92.0,,,,,1753373442.38
596,ETH-259492648,1753373442382,3,0.013,0.013547,58.63,ETH-25JUL25-3700-C,3721.6,buy,2.0,2.0,,,,,1753373442.382
595,ETH-259492647,1753373442382,3,0.013,0.013547,58.63,ETH-25JUL25-3700-C,3721.6,buy,20.0,20.0,,,,,1753373442.382
597,ETH-259492649,1753373442384,3,0.013,0.013547,58.63,ETH-25JUL25-3700-C,3721.6,buy,1.0,1.0,,,,,1753373442.384
598,ETH-259492650,1753373442386,3,0.013,0.013547,58.63,ETH-25JUL25-3700-C,3721.6,buy,1.0,1.0,,,,,1753373442.386
599,ETH-259492651,1753373442391,3,0.013,0.013547,58.63,ETH-25JUL25-3700-C,3721.6,buy,60.0,60.0,,,,,1753373442.391
600,ETH-259492652,1753373442395,3,0.013,0.013547,58.63,ETH-25JUL25-3700-C,3721.6,buy,60.0,60.0,,,,,1753373442.395
601,ETH-259492653,1753373442403,3,0.013,0.013547,58.63,ETH-25JUL25-3700-C,3721.6,buy,60.0,60.0,,,,,1753373442.403
602,ETH-259492654,1753373442412,3,0.013,0.013547,58.63,ETH-25JUL25-3700-C,3721.6,buy,60.0,60.0,,,,,1753373442.412
603,ETH-259492655,1753373442422,3,0.013,0.013547,58.63,ETH-25JUL25-3700-C,3721.6,buy,6.0,6.0,,,,,1753373442.422
604,ETH-259494105,1753374208360,2,0.0115,0.012106,58.46,ETH-25JUL25-3700-C,3712.54,sell,2.0,2.0,,,,,1753374208.36
605,ETH-259495139,1753374615992,2,0.011,0.010336,66.56,ETH-25JUL25-3700-C,3699.16,buy,1.0,1.0,,,,,1753374615.992
606,ETH-259495819,1753374812176,2,0.0095,0.009786,61.91,ETH-25JUL25-3700-C,3693.91,sell,3.0,3.0,,,,,1753374812.176
607,ETH-259495820,1753374812201,3,0.0095,0.009786,61.91,ETH-25JUL25-3700-C,3693.91,sell,7.0,7.0,,,,,1753374812.201
608,ETH-259497004,1753375087418,2,0.0085,0.008248,65.57,ETH-25JUL25-3700-C,3681.1,buy,1.0,1.0,,,,,1753375087.418
609,ETH-259497952,1753375395646,3,0.0085,0.008319,65.32,ETH-25JUL25-3700-C,3681.11,sell,8.0,8.0,,,,,1753375395.646
610,ETH-259497953,1753375395675,3,0.0085,0.008319,65.32,ETH-25JUL25-3700-C,3681.11,sell,7.0,7.0,,,,,1753375395.675
611,ETH-259497967,1753375411464,3,0.0085,0.008428,65.37,ETH-25JUL25-3700-C,3681.06,sell,5.0,5.0,,,,,1753375411.464
612,ETH-259499630,1753376302744,2,0.008,0.008105,63.36,ETH-25JUL25-3700-C,3680.21,sell,5.0,5.0,,,,,1753376302.744
614,ETH-259499912,1753376435898,1,0.0085,0.008715,62.72,ETH-25JUL25-3700-C,3685.06,buy,1.0,1.0,,,,,1753376435.898
613,ETH-259499911,1753376435898,0,0.0085,0.008715,62.72,ETH-25JUL25-3700-C,3685.06,buy,1.0,1.0,,,,,1753376435.898
615,ETH-259499982,1753376497217,1,0.0085,0.008865,61.96,ETH-25JUL25-3700-C,3686.58,buy,10.0,10.0,,,,,1753376497.217
616,ETH-259500569,1753376739525,0,0.0115,0.011339,64.12,ETH-25JUL25-3700-C,3706.91,sell,10.0,10.0,,,,,1753376739.525
618,ETH-259500739,1753376892705,3,0.011,0.011028,61.82,ETH-25JUL25-3700-C,3706.13,buy,9.0,9.0,,,,,1753376892.705
617,ETH-259500738,1753376892705,2,0.011,0.011028,61.82,ETH-25JUL25-3700-C,3706.13,buy,3.0,3.0,,,,,1753376892.705
619,ETH-259501050,1753377144977,0,0.012,0.012193,61.02,ETH-25JUL25-3700-C,3714.01,buy,1.0,1.0,,,,,1753377144.977
620,ETH-259501051,1753377144977,1,0.012,0.012193,61.02,ETH-25JUL25-3700-C,3714.01,buy,3.0,3.0,,,,,1753377144.977
621,ETH-259501845,1753377464007,2,0.011,0.011102,61.66,ETH-25JUL25-3700-C,3706.55,buy,1.0,1.0,,,,,1753377464.007
622,ETH-259502129,1753377820723,0,0.0125,0.012489,61.27,ETH-25JUL25-3700-C,3717.62,buy,1.0,1.0,,,,,1753377820.723
623,ETH-259503369,1753378905772,0,0.014,0.013806,63.35,ETH-25JUL25-3700-C,3725.68,buy,2.0,2.0,,,,,1753378905.772
624,ETH-259503374,1753378911566,1,0.014,0.013762,63.62,ETH-25JUL25-3700-C,3725.42,buy,1.0,1.0,,,,,1753378911.566
625,ETH-259505376,1753380663230,0,0.015,0.015537,57.21,ETH-25JUL25-3700-C,3738.17,sell,1.0,1.0,,,,,1753380663.23
626,ETH-259509941,1753384891188,0,0.0175,0.017772,59.06,ETH-25JUL25-3700-C,3753.05,sell,1.0,1.0,,,,,1753384891.188
627,ETH-259510613,1753385140940,2,0.015,0.015584,57.15,ETH-25JUL25-3700-C,3741.13,sell,10.0,10.0,,,,,1753385140.94
628,ETH-259515508,1753387558112,2,0.013,0.013377,55.78,ETH-25JUL25-3700-C,3732.22,buy,1.0,1.0,,,,,1753387558.112
629,ETH-259526171,1753395599402,2,0.009,0.008849,54.79,ETH-25JUL25-3700-C,3712.84,buy,1.0,1.0,,,,,1753395599.402
630,ETH-259526172,1753395599402,3,0.009,0.008849,54.79,ETH-25JUL25-3700-C,3712.84,buy,1.0,1.0,,,,,1753395599.402
631,ETH-259526562,1753395667696,0,0.01,0.009978,54.19,ETH-25JUL25-3700-C,3719.36,buy,1.0,1.0,,,,,1753395667.696
632,ETH-259526834,1753395848621,2,0.009,0.008732,55.69,ETH-25JUL25-3700-C,3711.49,buy,1.0,1.0,,,,,1753395848.621
633,ETH-259527398,1753396163387,0,0.0095,0.009287,55.18,ETH-25JUL25-3700-C,3715.6,buy,1.0,1.0,,,,,1753396163.387
634,ETH-259527601,1753396477662,2,0.009,0.009238,51.91,ETH-25JUL25-3700-C,3715.22,sell,1.0,1.0,,,,,1753396477.662
635,ETH-259529065,1753397540719,0,0.0105,0.010242,56.69,ETH-25JUL25-3700-C,3721.45,buy,1.0,1.0,,,,,1753397540.719
636,ETH-259540340,1753401261168,2,0.007,0.006935,52.4,ETH-25JUL25-3700-C,3704.64,buy,1.0,1.0,,,,,1753401261.168
637,ETH-259542310,1753401829567,2,0.0065,0.006967,47.81,ETH-25JUL25-3700-C,3705.03,sell,4.0,4.0,,,,,1753401829.567
638,ETH-259542529,1753401852538,2,0.0055,0.006003,47.67,ETH-25JUL25-3700-C,3698.79,sell,1.0,1.0,,,,,1753401852.538
639,ETH-259542530,1753401852549,3,0.0055,0.006003,47.67,ETH-25JUL25-3700-C,3698.79,sell,1.0,1.0,,,,,1753401852.549
640,ETH-259542531,1753401852577,3,0.0055,0.006003,47.67,ETH-25JUL25-3700-C,3698.79,sell,2.0,2.0,,,,,1753401852.577
641,ETH-259542532,1753401852586,3,0.0055,0.006003,47.67,ETH-25JUL25-3700-C,3698.79,sell,10.0,10.0,,,,,1753401852.586
642,ETH-259543847,1753401968702,2,0.0046,0.00504,48.24,ETH-25JUL25-3700-C,3690.72,sell,3.0,3.0,,,,,1753401968.702
643,ETH-259544015,1753402048053,2,0.0044,0.004638,49.16,ETH-25JUL25-3700-C,3688.01,sell,17.0,17.0,,,,,1753402048.053
644,ETH-259544016,1753402048066,3,0.0044,0.004638,49.16,ETH-25JUL25-3700-C,3688.01,sell,1.0,1.0,,,,,1753402048.066
645,ETH-259544098,1753402074205,3,0.0044,0.00469,48.99,ETH-25JUL25-3700-C,3687.98,sell,3.0,3.0,,,,,1753402074.205
646,ETH-259544186,1753402116229,2,0.0043,0.004509,50.02,ETH-25JUL25-3700-C,3686.27,sell,2.0,2.0,,,,,1753402116.229
647,ETH-259544187,1753402116474,3,0.0043,0.004495,50.03,ETH-25JUL25-3700-C,3686.25,sell,7.0,7.0,,,,,1753402116.474
648,ETH-259544373,1753402235111,0,0.0045,0.004657,50.06,ETH-25JUL25-3700-C,3687.51,sell,1.0,1.0,,,,,1753402235.111
649,ETH-259544386,1753402247379,2,0.0044,0.004499,50.82,ETH-25JUL25-3700-C,3685.97,sell,2.0,2.0,,,,,1753402247.379
650,ETH-259544405,1753402266253,0,0.0046,0.00473,50.84,ETH-25JUL25-3700-C,3687.75,sell,2.0,2.0,,,,,1753402266.253
651,ETH-259544406,1753402266256,1,0.0046,0.00473,50.84,ETH-25JUL25-3700-C,3687.75,sell,3.0,3.0,,,,,1753402266.256
652,ETH-259544408,1753402268644,1,0.0046,0.004735,50.69,ETH-25JUL25-3700-C,3687.72,sell,2.0,2.0,,,,,1753402268.644
653,ETH-259544445,1753402297847,2,0.0045,0.004874,49.0,ETH-25JUL25-3700-C,3688.45,sell,5.0,5.0,,,,,1753402297.847
654,ETH-259544474,1753402331580,0,0.0046,0.004883,50.07,ETH-25JUL25-3700-C,3688.52,sell,3.0,3.0,,,,,1753402331.58
655,ETH-259544475,1753402331593,1,0.0046,0.004883,50.07,ETH-25JUL25-3700-C,3688.52,sell,2.0,2.0,,,,,1753402331.593
656,ETH-259544476,1753402331604,1,0.0046,0.004883,50.07,ETH-25JUL25-3700-C,3688.52,sell,1.0,1.0,,,,,1753402331.604
657,ETH-259544494,1753402360810,2,0.0044,0.004645,49.93,ETH-25JUL25-3700-C,3687.09,sell,2.0,2.0,,,,,1753402360.81
658,ETH-259545864,1753403030333,2,0.0041,0.004265,51.69,ETH-25JUL25-3700-C,3683.29,sell,2.0,2.0,,,,,1753403030.333
659,ETH-259546110,1753403119029,0,0.0042,0.004357,51.11,ETH-25JUL25-3700-C,3684.86,sell,2.0,2.0,,,,,1753403119.029
660,ETH-259550073,1753404092525,2,0.0032,0.002901,61.26,ETH-25JUL25-3700-C,3663.94,sell,1.0,1.0,,,,,1753404092.525
661,ETH-259550126,1753404100166,2,0.003,0.002784,60.33,ETH-25JUL25-3700-C,3661.28,sell,1.0,1.0,,,,,1753404100.166
662,ETH-259553722,1753404881319,2,0.0028,0.003065,57.69,ETH-25JUL25-3700-C,3663.87,sell,10.0,10.0,,,,,1753404881.319
663,ETH-259553742,1753404882138,0,0.0029,0.003102,58.96,ETH-25JUL25-3700-C,3663.61,buy,10.0,10.0,,,,,1753404882.138
664,ETH-259554681,1753405002988,0,0.003,0.003097,60.01,ETH-25JUL25-3700-C,3663.96,sell,3.0,3.0,,,,,1753405002.988
665,ETH-259554693,1753405004869,1,0.003,0.003068,60.58,ETH-25JUL25-3700-C,3663.28,sell,3.0,3.0,,,,,1753405004.869
666,ETH-259554694,1753405006901,1,0.003,0.003012,60.82,ETH-25JUL25-3700-C,3662.6,sell,4.0,4.0,,,,,1753405006.901
667,ETH-259555315,1753405307128,2,0.0028,0.002861,59.43,ETH-25JUL25-3700-C,3662.41,buy,10.0,10.0,,,,,1753405307.128
668,ETH-259555721,1753405399095,0,0.0029,0.002872,61.19,ETH-25JUL25-3700-C,3661.74,sell,60.0,60.0,,,,,1753405399.095
669,ETH-259558739,1753406249836,2,0.0026,0.002417,60.73,ETH-25JUL25-3700-C,3659.57,buy,11.0,11.0,,,,,1753406249.836
670,ETH-259560027,1753406768774,2,0.0019,0.001935,60.59,ETH-25JUL25-3700-C,3649.2,buy,4.0,4.0,,,,,1753406768.774
671,ETH-259560032,1753406770155,3,0.0019,0.001937,60.48,ETH-25JUL25-3700-C,3649.56,buy,4.0,4.0,,,,,1753406770.155
672,ETH-259560039,1753406773756,3,0.0019,0.00198,59.91,ETH-25JUL25-3700-C,3649.86,buy,2.0,2.0,,,,,1753406773.756
673,ETH-259560781,1753407006581,0,0.0023,0.002594,57.7,ETH-25JUL25-3700-C,3659.8,sell,105.0,105.0,,,,,1753407006.581
674,ETH-259561869,1753407189640,1,0.0023,0.002338,59.01,ETH-25JUL25-3700-C,3658.58,buy,11.0,11.0,,,,,1753407189.64
675,ETH-259564082,1753407600392,0,0.003,0.003389,53.37,ETH-25JUL25-3700-C,3674.99,sell,4.0,4.0,,,,,1753407600.392
676,ETH-259564689,1753407794195,0,0.0034,0.003649,54.7,ETH-25JUL25-3700-C,3678.33,sell,2.0,2.0,,,,,1753407794.195
677,ETH-259564777,1753407851063,0,0.0035,0.003831,53.73,ETH-25JUL25-3700-C,3680.44,sell,3.0,3.0,,,,,1753407851.063
678,ETH-259564778,1753407851070,1,0.0035,0.003831,53.73,ETH-25JUL25-3700-C,3680.44,sell,4.0,4.0,,,,,1753407851.07
679,ETH-259565761,1753407920195,0,0.0037,0.003684,56.01,ETH-25JUL25-3700-C,3680.32,buy,10.0,10.0,,,,,1753407920.195
680,ETH-259566391,1753408051706,2,0.0036,0.003749,53.29,ETH-25JUL25-3700-C,3681.58,sell,3.0,3.0,,,,,1753408051.706
681,ETH-259567721,1753408181279,2,0.0025,0.002634,53.06,ETH-25JUL25-3700-C,3670.59,sell,2.0,2.0,,,,,1753408181.279
682,ETH-259567747,1753408182377,3,0.0025,0.002622,53.24,ETH-25JUL25-3700-C,3670.4,sell,2.0,2.0,,,,,1753408182.377
683,ETH-259567760,1753408184232,3,0.0025,0.002616,53.53,ETH-25JUL25-3700-C,3669.62,sell,2.0,2.0,,,,,1753408184.232
684,ETH-259567762,1753408184241,3,0.0025,0.002616,53.53,ETH-25JUL25-3700-C,3669.62,sell,1.0,1.0,,,,,1753408184.241
685,ETH-259567764,1753408184254,3,0.0025,0.002616,53.53,ETH-25JUL25-3700-C,3669.62,sell,3.0,3.0,,,,,1753408184.254
686,ETH-259567765,1753408184264,3,0.0025,0.002616,53.53,ETH-25JUL25-3700-C,3669.62,sell,3.0,3.0,,,,,1753408184.264
687,ETH-259568771,1753408446587,0,0.0032,0.003054,56.44,ETH-25JUL25-3700-C,3674.98,buy,10.0,10.0,,,,,1753408446.587
688,ETH-259569078,1753408656538,0,0.0042,0.004432,52.94,ETH-25JUL25-3700-C,3688.52,sell,3.0,3.0,,,,,1753408656.538
689,ETH-259569175,1753408737009,0,0.0045,0.004829,52.61,ETH-25JUL25-3700-C,3691.49,sell,6.0,6.0,,,,,1753408737.009
690,ETH-259569569,1753409189445,2,0.0035,0.003691,53.2,ETH-25JUL25-3700-C,3682.48,buy,3.0,3.0,,,,,1753409189.445
691,ETH-259569572,1753409190354,3,0.0035,0.003683,53.19,ETH-25JUL25-3700-C,3682.49,buy,2.0,2.0,,,,,1753409190.354
692,ETH-259569577,1753409192640,3,0.0035,0.003684,52.07,ETH-25JUL25-3700-C,3683.63,buy,5.0,5.0,,,,,1753409192.64
693,ETH-259569596,1753409203378,0,0.0037,0.004006,51.87,ETH-25JUL25-3700-C,3685.76,sell,3.0,3.0,,,,,1753409203.378
694,ETH-259569642,1753409273747,0,0.0039,0.004168,51.88,ETH-25JUL25-3700-C,3687.57,sell,1.0,1.0,,,,,1753409273.747
695,ETH-259569643,1753409273751,1,0.0039,0.004168,51.88,ETH-25JUL25-3700-C,3687.57,sell,1.0,1.0,,,,,1753409273.751
696,ETH-259569662,1753409290828,0,0.0043,0.003982,56.84,ETH-25JUL25-3700-C,3686.57,sell,56.0,56.0,,,,,1753409290.828
697,ETH-259569663,1753409290835,1,0.0043,0.003982,56.84,ETH-25JUL25-3700-C,3686.57,sell,4.0,4.0,,,,,1753409290.835
698,ETH-259569712,1753409324873,2,0.004,0.003967,55.03,ETH-25JUL25-3700-C,3685.72,sell,2.0,2.0,,,,,1753409324.873
699,ETH-259569875,1753409531802,3,0.004,0.004086,55.2,ETH-25JUL25-3700-C,3685.98,sell,2.0,2.0,,,,,1753409531.802
700,ETH-259569880,1753409546674,3,0.004,0.003933,56.38,ETH-25JUL25-3700-C,3684.81,sell,1.0,1.0,,,,,1753409546.674
701,ETH-259569882,1753409546952,3,0.004,0.003922,56.35,ETH-25JUL25-3700-C,3684.83,sell,25.0,25.0,,,,,1753409546.952
702,ETH-259570216,1753409991660,2,0.003,0.00308,53.57,ETH-25JUL25-3700-C,3677.87,buy,11.0,11.0,,,,,1753409991.66
703,ETH-259573157,1753411603211,2,0.0009,0.000803,60.02,ETH-25JUL25-3700-C,3637.01,sell,6.0,6.0,,,,,1753411603.211
704,ETH-259577715,1753412775884,2,0.0006,0.000522,73.27,ETH-25JUL25-3700-C,3608.64,sell,3.0,3.0,,,,,1753412775.884
705,ETH-259581139,1753413766736,0,0.0009,0.001031,67.36,ETH-25JUL25-3700-C,3631.35,sell,4.0,4.0,,,,,1753413766.736
706,ETH-259586293,1753414979791,2,0.0005,0.000491,85.93,ETH-25JUL25-3700-C,3591.82,sell,1.0,1.0,,,,,1753414979.791
707,ETH-259591290,1753416884777,2,0.0003,0.00032,85.04,ETH-25JUL25-3700-C,3589.02,sell,7.0,7.0,,,,,1753416884.777
708,ETH-259591361,1753416919428,3,0.0003,0.000348,83.56,ETH-25JUL25-3700-C,3590.54,buy,3.0,3.0,,,,,1753416919.428
709,ETH-259592941,1753417333173,3,0.0003,0.000338,84.45,ETH-25JUL25-3700-C,3590.56,sell,7.0,7.0,,,,,1753417333.173
710,ETH-259592942,1753417333190,3,0.0003,0.000338,84.45,ETH-25JUL25-3700-C,3590.56,sell,2.0,2.0,,,,,1753417333.19
711,ETH-259595662,1753417978538,0,0.0006,0.000697,79.83,ETH-25JUL25-3700-C,3618.22,sell,5.0,5.0,,,,,1753417978.538
712,ETH-259596103,1753418033856,0,0.0007,0.00066,82.96,ETH-25JUL25-3700-C,3619.09,buy,5.0,5.0,,,,,1753418033.856
713,ETH-259599384,1753419276779,0,0.0009,0.000853,74.98,ETH-25JUL25-3700-C,3639.65,buy,90.0,90.0,,,,,1753419276.779
714,ETH-259600959,1753420063112,2,0.0007,0.000796,69.88,ETH-25JUL25-3700-C,3642.89,sell,6.0,6.0,,,,,1753420063.112
715,ETH-259606691,1753422540967,2,0.0002,0.000156,73.59,ETH-25JUL25-3700-C,3625.76,sell,12.0,12.0,,,,,1753422540.967
716,ETH-259606693,1753422556666,3,0.0002,0.000156,73.51,ETH-25JUL25-3700-C,3625.67,sell,6.0,6.0,,,,,1753422556.666
717,ETH-259614138,1753425851065,3,0.0002,0.00029,80.49,ETH-25JUL25-3700-C,3640.64,sell,1.0,1.0,,,,,1753425851.065
719,ETH-259614358,1753425926046,3,0.0001,0.000276,71.97,ETH-25JUL25-3700-C,3639.41,sell,4.0,4.0,,,,,1753425926.046
718,ETH-259614357,1753425926046,2,0.0001,0.000276,71.97,ETH-25JUL25-3700-C,3639.41,sell,8.0,8.0,,,,,1753425926.046
720,ETH-259615032,1753426631201,3,0.0001,0.000112,84.89,ETH-25JUL25-3700-C,3634.07,sell,5.0,5.0,,,,,1753426631.201
721,ETH-259615033,1753426631201,3,0.0001,0.000112,84.89,ETH-25JUL25-3700-C,3634.07,sell,1.0,1.0,,,,,1753426631.201
