trade_seq,trade_id,timestamp,tick_direction,price,mark_price,iv,instrument_name,index_price,direction,contracts,amount,block_trade_leg_count,block_trade_id,block_rfq_id,combo_id,combo_trade_id,unix_sec
1,ETH-258146868,1752740925233,1,0.0037,0.00395,87.14,ETH-25JUL25-4200-C,3437.7,sell,1.0,1.0,,,,,,1752740925.233
2,ETH-258154378,1752743162662,0,0.004,0.004163,86.74,ETH-25JUL25-4200-C,3457.51,buy,15.0,15.0,,,,,,1752743162.662
6,ETH-258162057,1752745558816,1,0.0044,0.004518,87.13,ETH-25JUL25-4200-C,3474.37,sell,63.0,63.0,,,,,,1752745558.816
3,ETH-258162054,1752745558816,0,0.0044,0.004518,87.13,ETH-25JUL25-4200-C,3474.37,sell,104.0,104.0,,,,,,1752745558.816
5,ETH-258162056,1752745558816,1,0.0044,0.004518,87.13,ETH-25JUL25-4200-C,3474.37,sell,12.0,12.0,,,,,,1752745558.816
4,ETH-258162055,1752745558816,1,0.0044,0.004518,87.13,ETH-25JUL25-4200-C,3474.37,sell,21.0,21.0,,,,,,1752745558.816
7,ETH-258164787,1752746486492,1,0.0044,0.004517,87.64,ETH-25JUL25-4200-C,3468.94,buy,1.0,1.0,,,,,,1752746486.492
8,ETH-258165470,1752746765103,2,0.0042,0.004239,87.86,ETH-25JUL25-4200-C,3456.92,buy,15.0,15.0,,,,,,1752746765.103
9,ETH-258168728,1752747901537,0,0.0045,0.004566,87.6,ETH-25JUL25-4200-C,3473.41,buy,1.0,1.0,,,,,,1752747901.537
10,ETH-258172723,1752750022722,2,0.0041,0.004208,87.34,ETH-25JUL25-4200-C,3458.69,sell,1.0,1.0,,,,,,1752750022.722
11,ETH-258173353,1752750312756,2,0.004,0.004123,87.52,ETH-25JUL25-4200-C,3452.06,sell,1.0,1.0,,,,,,1752750312.756
12,ETH-258173411,1752750367471,3,0.004,0.0041,87.65,ETH-25JUL25-4200-C,3450.96,sell,2.0,2.0,,,,,,1752750367.471
13,ETH-258173412,1752750367471,3,0.004,0.0041,87.65,ETH-25JUL25-4200-C,3450.96,sell,13.0,13.0,,,,,,1752750367.471
14,ETH-258184186,1752754322596,2,0.0038,0.003823,89.43,ETH-25JUL25-4200-C,3426.43,buy,14.0,14.0,,,,,,1752754322.596
15,ETH-258184187,1752754325231,2,0.0037,0.003826,88.87,ETH-25JUL25-4200-C,3426.86,buy,1.0,1.0,,,,,,1752754325.231
16,ETH-258215637,1752761565023,2,0.0026,0.00265,84.84,ETH-25JUL25-4200-C,3409.24,sell,1.0,1.0,,,,,,1752761565.023
17,ETH-258281876,1752785639012,2,0.0024,0.002393,84.93,ETH-25JUL25-4200-C,3412.46,sell,5.0,5.0,,,,ETH-ICOND-25JUL25-2900_3100_4200_4500,ETH-258281873,1752785639.012
18,ETH-258293163,1752787721078,0,0.0035,0.003547,85.31,ETH-25JUL25-4200-C,3475.93,buy,23.0,23.0,,,,,,1752787721.078
19,ETH-258294901,1752788114618,0,0.0038,0.003497,87.79,ETH-25JUL25-4200-C,3467.26,buy,1.0,1.0,,,,,,1752788114.618
20,ETH-258296199,1752788285846,2,0.0032,0.003202,86.01,ETH-25JUL25-4200-C,3452.0,buy,1.0,1.0,,,,,,1752788285.846
21,ETH-258296200,1752788285969,3,0.0032,0.003202,86.01,ETH-25JUL25-4200-C,3452.0,buy,4.0,4.0,,,,,,1752788285.969
22,ETH-258296220,1752788289261,3,0.0032,0.003236,85.99,ETH-25JUL25-4200-C,3452.18,buy,13.0,13.0,,,,,,1752788289.261
23,ETH-258296310,1752788302562,3,0.0032,0.003253,85.66,ETH-25JUL25-4200-C,3455.34,buy,1.0,1.0,,,,,,1752788302.562
24,ETH-258296497,1752788360404,3,0.0032,0.003053,86.11,ETH-25JUL25-4200-C,3450.92,buy,2.0,2.0,,,,,,1752788360.404
25,ETH-258296718,1752788419784,3,0.0032,0.003179,85.38,ETH-25JUL25-4200-C,3458.03,buy,1.0,1.0,,,,,,1752788419.784
26,ETH-258296928,1752788477239,3,0.0032,0.003206,85.07,ETH-25JUL25-4200-C,3461.85,buy,38.0,38.0,,,,,,1752788477.239
27,ETH-258298107,1752788855895,0,0.0039,0.003566,88.02,ETH-25JUL25-4200-C,3470.52,buy,1.0,1.0,,,,,,1752788855.895
28,ETH-258298880,1752789044308,0,0.004,0.003571,89.06,ETH-25JUL25-4200-C,3465.41,buy,1.0,1.0,,,,,,1752789044.308
29,ETH-258299232,1752789226948,0,0.0041,0.00379,88.51,ETH-25JUL25-4200-C,3474.88,buy,1.0,1.0,,,,,,1752789226.948
30,ETH-258299691,1752789427194,1,0.0041,0.003853,88.32,ETH-25JUL25-4200-C,3477.01,buy,1.0,1.0,,,,,,1752789427.194
31,ETH-258300362,1752789632110,2,0.004,0.003702,88.7,ETH-25JUL25-4200-C,3468.85,buy,1.0,1.0,,,,,,1752789632.11
32,ETH-258301670,1752789836439,0,0.0042,0.003897,88.75,ETH-25JUL25-4200-C,3477.98,buy,1.0,1.0,,,,,,1752789836.439
33,ETH-258327893,1752799943202,0,0.0043,0.004195,84.76,ETH-25JUL25-4200-C,3527.73,buy,10.0,10.0,,,,,,1752799943.202
34,ETH-258328703,1752800167752,1,0.0043,0.004202,84.24,ETH-25JUL25-4200-C,3533.2,buy,20.0,20.0,,,,,,1752800167.752
35,ETH-258337066,1752801484869,0,0.0065,0.006535,88.12,ETH-25JUL25-4200-C,3582.27,buy,1.0,1.0,,,,,,1752801484.869
36,ETH-258337067,1752801484876,1,0.0065,0.006535,88.12,ETH-25JUL25-4200-C,3582.27,buy,13.0,13.0,,,,,,1752801484.876
37,ETH-258340982,1752802311506,1,0.0065,0.00621,88.11,ETH-25JUL25-4200-C,3581.64,buy,21.0,21.0,,,,,,1752802311.506
38,ETH-258340999,1752802315912,1,0.0065,0.006236,88.09,ETH-25JUL25-4200-C,3581.85,buy,23.0,23.0,,,,,,1752802315.912
39,ETH-258341116,1752802365873,2,0.0063,0.006284,87.37,ETH-25JUL25-4200-C,3581.8,sell,250.0,250.0,2.0,BLOCK-211846,,ETH-CS-25JUL25-4000_4200,,1752802365.873
40,ETH-258357283,1752805808592,0,0.0065,0.006461,84.78,ETH-25JUL25-4200-C,3613.67,buy,3.0,3.0,,,,,,1752805808.592
41,ETH-258357901,1752806115345,1,0.0065,0.006377,84.0,ETH-25JUL25-4200-C,3620.75,buy,1.0,1.0,,,,,,1752806115.345
43,ETH-258361969,1752806878504,3,0.0055,0.005797,82.74,ETH-25JUL25-4200-C,3599.87,sell,29.0,29.0,,,,,,1752806878.504
42,ETH-258361968,1752806878504,2,0.0055,0.005797,82.74,ETH-25JUL25-4200-C,3599.87,sell,30.0,30.0,,,,,,1752806878.504
44,ETH-258361970,1752806878504,3,0.0055,0.005797,82.74,ETH-25JUL25-4200-C,3599.87,sell,15.0,15.0,,,,,,1752806878.504
45,ETH-258361971,1752806878504,3,0.0055,0.005797,82.74,ETH-25JUL25-4200-C,3599.87,sell,48.0,48.0,,,,,,1752806878.504
47,ETH-258374809,1752814440007,3,0.0055,0.005641,81.74,ETH-25JUL25-4200-C,3613.0,sell,31.0,31.0,,,,,,1752814440.007
46,ETH-258374808,1752814440007,3,0.0055,0.005641,81.74,ETH-25JUL25-4200-C,3613.0,sell,2.0,2.0,,,,,,1752814440.007
48,ETH-258374810,1752814440007,3,0.0055,0.005641,81.74,ETH-25JUL25-4200-C,3613.0,sell,47.0,47.0,,,,,,1752814440.007
50,ETH-258374812,1752814440021,3,0.0055,0.005641,81.74,ETH-25JUL25-4200-C,3613.0,buy,1.0,1.0,,,,,,1752814440.021
49,ETH-258374811,1752814440021,3,0.0055,0.005641,81.74,ETH-25JUL25-4200-C,3613.0,buy,8.0,8.0,,,,,,1752814440.021
51,ETH-258374813,1752814440027,3,0.0055,0.005641,81.74,ETH-25JUL25-4200-C,3613.0,buy,160.0,160.0,,,,,,1752814440.027
52,ETH-258374814,1752814440031,3,0.0055,0.005641,81.74,ETH-25JUL25-4200-C,3613.0,buy,39.0,39.0,,,,,,1752814440.031
53,ETH-258374815,1752814440204,3,0.0055,0.005643,81.74,ETH-25JUL25-4200-C,3613.02,buy,1.0,1.0,,,,,,1752814440.204
54,ETH-258374820,1752814447655,3,0.0055,0.005597,81.71,ETH-25JUL25-4200-C,3613.26,buy,97.0,97.0,,,,,,1752814447.655
55,ETH-258374821,1752814447657,3,0.0055,0.005597,81.71,ETH-25JUL25-4200-C,3613.26,buy,8.0,8.0,,,,,,1752814447.657
56,ETH-258374863,1752814449919,3,0.0055,0.005583,81.67,ETH-25JUL25-4200-C,3613.59,buy,106.0,106.0,,,,,,1752814449.919
61,ETH-258375607,1752814591913,3,0.0055,0.005833,80.75,ETH-25JUL25-4200-C,3622.1,sell,159.0,159.0,,,,,,1752814591.913
58,ETH-258375604,1752814591913,3,0.0055,0.005833,80.75,ETH-25JUL25-4200-C,3622.1,sell,120.0,120.0,,,,,,1752814591.913
57,ETH-258375603,1752814591913,3,0.0055,0.005833,80.75,ETH-25JUL25-4200-C,3622.1,sell,168.0,168.0,,,,,,1752814591.913
59,ETH-258375605,1752814591913,3,0.0055,0.005833,80.75,ETH-25JUL25-4200-C,3622.1,sell,551.0,551.0,,,,,,1752814591.913
60,ETH-258375606,1752814591913,3,0.0055,0.005833,80.75,ETH-25JUL25-4200-C,3622.1,sell,2.0,2.0,,,,,,1752814591.913
62,ETH-258380372,1752815352445,0,0.006,0.006134,80.55,ETH-25JUL25-4200-C,3640.84,buy,2.0,2.0,,,,,,1752815352.445
63,ETH-258395226,1752818434902,0,0.0075,0.007535,82.89,ETH-25JUL25-4200-C,3668.82,buy,97.0,97.0,,,,,,1752818434.902
64,ETH-258395227,1752818434918,1,0.0075,0.007535,82.89,ETH-25JUL25-4200-C,3668.82,buy,1.0,1.0,,,,,,1752818434.918
65,ETH-258397779,1752819036461,2,0.0065,0.006561,82.32,ETH-25JUL25-4200-C,3643.59,buy,1.0,1.0,,,,,,1752819036.461
66,ETH-258399774,1752819853367,3,0.0065,0.006659,81.94,ETH-25JUL25-4200-C,3646.82,sell,1.0,1.0,,,,,,1752819853.367
67,ETH-258401241,1752820748405,0,0.007,0.007038,82.4,ETH-25JUL25-4200-C,3658.52,buy,2.0,2.0,,,,,,1752820748.405
68,ETH-258403892,1752822429718,2,0.0065,0.006894,80.15,ETH-25JUL25-4200-C,3664.33,sell,10.0,10.0,,,,,,1752822429.718
69,ETH-258403961,1752822471908,0,0.007,0.006995,81.47,ETH-25JUL25-4200-C,3667.76,buy,2.0,2.0,,,,,,1752822471.908
70,ETH-258434579,1752825660028,2,0.006,0.005872,83.7,ETH-25JUL25-4200-C,3617.79,buy,10.0,10.0,,,,,,1752825660.028
71,ETH-258434580,1752825660028,3,0.006,0.005872,83.7,ETH-25JUL25-4200-C,3617.79,buy,1.0,1.0,,,,,,1752825660.028
72,ETH-258436544,1752825856091,2,0.005,0.005646,79.96,ETH-25JUL25-4200-C,3616.02,sell,40.0,40.0,,,,,,1752825856.091
73,ETH-258438366,1752826182181,0,0.0059,0.005457,83.13,ETH-25JUL25-4200-C,3619.99,buy,125.0,125.0,2.0,BLOCK-212006,9156.0,ETH-CS-25JUL25-3600_4200,,1752826182.181
74,ETH-258451187,1752828981661,2,0.0047,0.004962,79.98,ETH-25JUL25-4200-C,3608.39,buy,2.0,2.0,,,,,,1752828981.661
75,ETH-258463595,1752834900562,0,0.0049,0.004704,79.77,ETH-25JUL25-4200-C,3620.82,buy,4.0,4.0,,,,,,1752834900.562
76,ETH-258463686,1752835011417,1,0.0049,0.004745,80.08,ETH-25JUL25-4200-C,3618.44,buy,22.0,22.0,,,,,,1752835011.417
77,ETH-258466149,1752835908288,0,0.0051,0.005085,80.81,ETH-25JUL25-4200-C,3619.93,sell,63.0,63.0,4.0,BLOCK-212047,,ETH-CCOND-25JUL25-3700_3800_4000_4200,,1752835908.288
78,ETH-258472130,1752837049925,2,0.005,0.005258,80.0,ETH-25JUL25-4200-C,3624.55,sell,2.0,2.0,,,,,,1752837049.925
79,ETH-258472749,1752837582206,2,0.0046,0.004633,80.66,ETH-25JUL25-4200-C,3603.02,sell,20.0,20.0,,,,,,1752837582.206
80,ETH-258475180,1752838849662,0,0.005,0.005116,81.09,ETH-25JUL25-4200-C,3615.27,buy,1.0,1.0,,,,,,1752838849.662
81,ETH-258492132,1752845771999,0,0.0065,0.006378,84.99,ETH-25JUL25-4200-C,3637.18,buy,2.0,2.0,,,,,,1752845771.999
82,ETH-258492138,1752845778031,1,0.0065,0.006457,84.84,ETH-25JUL25-4200-C,3638.48,sell,58.0,58.0,,,,,,1752845778.031
83,ETH-258492806,1752846015317,1,0.0065,0.00668,83.93,ETH-25JUL25-4200-C,3646.19,buy,196.0,196.0,,,,,,1752846015.317
84,ETH-258492807,1752846015323,1,0.0065,0.00668,83.93,ETH-25JUL25-4200-C,3646.19,buy,26.0,26.0,,,,,,1752846015.323
85,ETH-258492813,1752846019413,1,0.0065,0.006643,84.04,ETH-25JUL25-4200-C,3645.33,buy,222.0,222.0,,,,,,1752846019.413
86,ETH-258492821,1752846023105,1,0.0065,0.006641,84.03,ETH-25JUL25-4200-C,3645.39,buy,112.0,112.0,,,,,,1752846023.105
87,ETH-258493189,1752846181912,1,0.0065,0.00646,83.78,ETH-25JUL25-4200-C,3647.95,buy,87.0,87.0,,,,,,1752846181.912
88,ETH-258493203,1752846186818,1,0.0065,0.006468,83.71,ETH-25JUL25-4200-C,3648.5,buy,23.0,23.0,,,,,,1752846186.818
89,ETH-258493502,1752846309631,2,0.006,0.006206,82.78,ETH-25JUL25-4200-C,3640.92,sell,1.0,1.0,,,,,,1752846309.631
90,ETH-258499159,1752847880365,0,0.007,0.006988,83.17,ETH-25JUL25-4200-C,3669.74,sell,60.0,60.0,,,,,,1752847880.365
91,ETH-258500099,1752848156764,1,0.007,0.006851,83.62,ETH-25JUL25-4200-C,3665.69,buy,1.0,1.0,,,,,,1752848156.764
92,ETH-258500105,1752848157870,1,0.007,0.006844,83.7,ETH-25JUL25-4200-C,3665.01,buy,1.0,1.0,,,,,,1752848157.87
93,ETH-258500108,1752848158978,1,0.007,0.006821,83.74,ETH-25JUL25-4200-C,3664.68,buy,1.0,1.0,,,,,,1752848158.978
94,ETH-258500185,1752848178008,2,0.0065,0.006688,82.44,ETH-25JUL25-4200-C,3660.67,sell,30.0,30.0,,,,,,1752848178.008
95,ETH-258503566,1752848509583,2,0.0055,0.0055,82.93,ETH-25JUL25-4200-C,3623.15,buy,153.0,153.0,,,,,,1752848509.583
96,ETH-258507321,1752848841423,2,0.0046,0.004842,82.8,ETH-25JUL25-4200-C,3590.42,sell,2.0,2.0,,,,,,1752848841.423
97,ETH-258508406,1752849057380,0,0.0055,0.005224,84.96,ETH-25JUL25-4200-C,3605.49,buy,20.0,20.0,,,,,,1752849057.38
98,ETH-258509655,1752849170309,2,0.0046,0.004448,84.55,ETH-25JUL25-4200-C,3575.35,buy,1.0,1.0,,,,,,1752849170.309
99,ETH-258510245,1752849213433,0,0.0048,0.004686,84.57,ETH-25JUL25-4200-C,3583.2,buy,20.0,20.0,,,,,,1752849213.433
100,ETH-258510833,1752849287658,1,0.0048,0.004687,84.53,ETH-25JUL25-4200-C,3583.79,buy,4.0,4.0,,,,,,1752849287.658
101,ETH-258511221,1752849322073,2,0.0047,0.004471,84.9,ETH-25JUL25-4200-C,3576.55,buy,3.0,3.0,,,,,,1752849322.073
102,ETH-258512467,1752849502032,2,0.0045,0.004631,83.57,ETH-25JUL25-4200-C,3580.27,buy,1.0,1.0,,,,,,1752849502.032
103,ETH-258516077,1752849919525,0,0.0049,0.004804,85.23,ETH-25JUL25-4200-C,3582.08,buy,2.0,2.0,,,,,,1752849919.525
104,ETH-258516104,1752849924863,1,0.0049,0.004832,85.18,ETH-25JUL25-4200-C,3582.59,sell,18.0,18.0,,,,,,1752849924.863
106,ETH-258521825,1752851034460,1,0.005,0.004816,85.42,ETH-25JUL25-4200-C,3586.64,buy,92.0,92.0,,,,,,1752851034.46
105,ETH-258521824,1752851034460,0,0.005,0.004816,85.42,ETH-25JUL25-4200-C,3586.64,buy,137.0,137.0,,,,,,1752851034.46
107,ETH-258524178,1752851576070,2,0.0047,0.004657,86.36,ETH-25JUL25-4200-C,3566.26,sell,20.0,20.0,,,,,,1752851576.07
108,ETH-258526645,1752851846742,2,0.0043,0.004172,86.04,ETH-25JUL25-4200-C,3552.35,sell,11.0,11.0,,,,,,1752851846.742
109,ETH-258526660,1752851846766,3,0.0043,0.004172,86.04,ETH-25JUL25-4200-C,3552.35,sell,1.0,1.0,,,,,,1752851846.766
110,ETH-258526721,1752851848289,3,0.0043,0.004158,86.28,ETH-25JUL25-4200-C,3550.17,sell,4.0,4.0,,,,,,1752851848.289
111,ETH-258526722,1752851848412,3,0.0043,0.004158,86.28,ETH-25JUL25-4200-C,3550.17,sell,7.0,7.0,,,,,,1752851848.412
112,ETH-258540192,1752854416818,0,0.0045,0.004431,85.53,ETH-25JUL25-4200-C,3566.94,buy,100.0,100.0,,,,,,1752854416.818
113,ETH-258540443,1752854433229,1,0.0045,0.004499,85.24,ETH-25JUL25-4200-C,3569.42,buy,100.0,100.0,,,,,,1752854433.229
114,ETH-258551833,1752859154082,2,0.0044,0.004233,83.47,ETH-25JUL25-4200-C,3584.88,buy,10.0,10.0,,,,,,1752859154.082
115,ETH-258551856,1752859165570,0,0.0045,0.004314,83.58,ETH-25JUL25-4200-C,3587.95,buy,5.0,5.0,,,,,,1752859165.57
116,ETH-258555641,1752859939693,0,0.0046,0.004788,80.9,ETH-25JUL25-4200-C,3616.94,sell,10.0,10.0,,,,,,1752859939.693
117,ETH-258558555,1752860757529,1,0.0046,0.004393,82.49,ETH-25JUL25-4200-C,3602.91,buy,10.0,10.0,,,,,,1752860757.529
118,ETH-258562073,1752862098451,2,0.0043,0.004325,81.43,ETH-25JUL25-4200-C,3601.01,buy,10.0,10.0,,,,,,1752862098.451
119,ETH-258563018,1752862551224,2,0.0039,0.00379,82.77,ETH-25JUL25-4200-C,3571.85,sell,20.0,20.0,,,,,,1752862551.224
120,ETH-258564856,1752863187003,0,0.0045,0.004298,82.64,ETH-25JUL25-4200-C,3599.85,buy,1.0,1.0,,,,,,1752863187.003
121,ETH-258565970,1752863455986,1,0.0045,0.004374,81.95,ETH-25JUL25-4200-C,3606.79,buy,67.0,67.0,,,,,,1752863455.986
122,ETH-258625630,1752887640071,2,0.0024,0.002594,80.77,ETH-25JUL25-4200-C,3525.59,sell,1.0,1.0,,,,,,1752887640.071
123,ETH-258634335,1752896810100,0,0.0036,0.003524,81.07,ETH-25JUL25-4200-C,3596.06,buy,10.0,10.0,,,,,,1752896810.1
124,ETH-258638791,1752902642444,2,0.0032,0.003335,80.58,ETH-25JUL25-4200-C,3584.48,sell,1.0,1.0,,,,,,1752902642.444
125,ETH-258641273,1752908075889,2,0.003,0.003228,80.65,ETH-25JUL25-4200-C,3576.51,sell,10.0,10.0,,,,,,1752908075.889
126,ETH-258651174,1752915905562,2,0.0028,0.002598,82.03,ETH-25JUL25-4200-C,3557.83,sell,4.0,4.0,,,,,,1752915905.562
127,ETH-258653763,1752917503587,2,0.0025,0.002658,79.48,ETH-25JUL25-4200-C,3564.47,buy,1.0,1.0,,,,,,1752917503.587
128,ETH-258655245,1752918953232,0,0.0029,0.002537,82.6,ETH-25JUL25-4200-C,3560.43,buy,20.0,20.0,,,,ETH-ICOND-25JUL25-3200_3300_4000_4200,ETH-258655241,1752918953.232
129,ETH-258656823,1752921716589,2,0.0025,0.002718,79.32,ETH-25JUL25-4200-C,3569.28,sell,1.0,1.0,,,,,,1752921716.589
130,ETH-258657181,1752922555706,2,0.0024,0.002524,79.84,ETH-25JUL25-4200-C,3558.69,sell,4.0,4.0,,,,,,1752922555.706
131,ETH-258657209,1752922599707,0,0.0028,0.002557,82.38,ETH-25JUL25-4200-C,3559.28,buy,30.0,30.0,,,,,,1752922599.707
132,ETH-258657210,1752922599707,1,0.0028,0.002557,82.38,ETH-25JUL25-4200-C,3559.28,buy,16.0,16.0,,,,,,1752922599.707
133,ETH-258662132,1752928003284,2,0.0025,0.00277,81.28,ETH-25JUL25-4200-C,3555.91,sell,4.0,4.0,,,,,,1752928003.284
134,ETH-258682318,1752952913080,2,0.0021,0.002373,79.83,ETH-25JUL25-4200-C,3562.9,sell,2.0,2.0,,,,,,1752952913.08
135,ETH-258686309,1752956079904,0,0.0028,0.00261,82.73,ETH-25JUL25-4200-C,3583.17,sell,1.0,1.0,,,,,,1752956079.904
136,ETH-258686540,1752956425644,0,0.003,0.00289,84.29,ETH-25JUL25-4200-C,3580.57,buy,50.0,50.0,,,,,,1752956425.644
137,ETH-258696096,1752972214015,2,0.0029,0.002918,84.37,ETH-25JUL25-4200-C,3587.07,buy,50.0,50.0,,,,,,1752972214.015
138,ETH-258696124,1752972236614,2,0.0027,0.002914,83.06,ETH-25JUL25-4200-C,3587.18,sell,6.0,6.0,,,,,,1752972236.614
139,ETH-258705461,1752979769854,0,0.0036,0.00346,85.02,ETH-25JUL25-4200-C,3621.72,buy,1.0,1.0,,,,,,1752979769.854
141,ETH-258705467,1752979784049,1,0.0037,0.003471,85.66,ETH-25JUL25-4200-C,3621.07,buy,17.0,17.0,,,,,,1752979784.049
140,ETH-258705466,1752979784049,0,0.0037,0.003471,85.66,ETH-25JUL25-4200-C,3621.07,buy,16.0,16.0,,,,,,1752979784.049
142,ETH-258705468,1752979784051,1,0.0037,0.003471,85.66,ETH-25JUL25-4200-C,3621.07,sell,8.0,8.0,,,,,,1752979784.051
143,ETH-258705469,1752979784065,1,0.0037,0.003471,85.66,ETH-25JUL25-4200-C,3621.07,sell,9.0,9.0,,,,,,1752979784.065
144,ETH-258719217,1752984576172,0,0.0046,0.004388,87.44,ETH-25JUL25-4200-C,3648.72,sell,2.0,2.0,,,,,,1752984576.172
145,ETH-258719259,1752984620478,2,0.0043,0.004356,86.02,ETH-25JUL25-4200-C,3648.08,buy,1.0,1.0,,,,,,1752984620.478
146,ETH-258721097,1752985401463,0,0.0044,0.004552,85.57,ETH-25JUL25-4200-C,3655.99,buy,1.0,1.0,,,,,,1752985401.463
147,ETH-258721339,1752985745147,0,0.0045,0.004588,85.84,ETH-25JUL25-4200-C,3657.92,buy,1.0,1.0,,,,,,1752985745.147
148,ETH-258723717,1752987201020,0,0.0049,0.004942,88.2,ETH-25JUL25-4200-C,3654.89,buy,2.0,2.0,,,,,,1752987201.02
149,ETH-258724771,1752987739841,0,0.005,0.005108,87.89,ETH-25JUL25-4200-C,3661.24,buy,1.0,1.0,,,,,,1752987739.841
150,ETH-258725246,1752988236940,2,0.0047,0.004774,88.31,ETH-25JUL25-4200-C,3647.43,buy,1.0,1.0,,,,,,1752988236.94
151,ETH-258725895,1752989112392,2,0.0046,0.004558,88.44,ETH-25JUL25-4200-C,3643.19,buy,8.0,8.0,,,,,,1752989112.392
152,ETH-258727082,1752990813941,0,0.0049,0.004678,89.54,ETH-25JUL25-4200-C,3647.26,buy,1.0,1.0,,,,,,1752990813.941
153,ETH-258729595,1752993676371,2,0.0048,0.004839,88.14,ETH-25JUL25-4200-C,3657.02,buy,1.0,1.0,,,,,,1752993676.371
154,ETH-258732144,1752996789891,0,0.005,0.005171,87.3,ETH-25JUL25-4200-C,3673.14,buy,6.0,6.0,,,,,,1752996789.891
155,ETH-258737930,1752999113568,1,0.005,0.005238,86.46,ETH-25JUL25-4200-C,3682.19,sell,1.0,1.0,,,,,,1752999113.568
156,ETH-258737969,1752999119442,1,0.005,0.005239,86.46,ETH-25JUL25-4200-C,3682.2,buy,2.0,2.0,,,,,,1752999119.442
157,ETH-258738210,1752999342607,1,0.005,0.005272,86.19,ETH-25JUL25-4200-C,3684.5,buy,1.0,1.0,,,,,,1752999342.607
158,ETH-258738568,1752999471503,1,0.005,0.00523,86.22,ETH-25JUL25-4200-C,3684.16,buy,8.0,8.0,,,,,,1752999471.503
159,ETH-258738569,1752999471507,1,0.005,0.00523,86.22,ETH-25JUL25-4200-C,3684.16,buy,8.0,8.0,,,,,,1752999471.507
161,ETH-258741390,1753000806155,1,0.0055,0.005392,87.25,ETH-25JUL25-4200-C,3693.68,buy,10.0,10.0,,,,,,1753000806.155
160,ETH-258741389,1753000806155,0,0.0055,0.005392,87.25,ETH-25JUL25-4200-C,3693.68,buy,100.0,100.0,,,,,,1753000806.155
162,ETH-258748811,1753001977893,0,0.0065,0.006497,89.13,ETH-25JUL25-4200-C,3711.21,buy,5.0,5.0,,,,,,1753001977.893
163,ETH-258752085,1753002485396,1,0.0065,0.006768,89.72,ETH-25JUL25-4200-C,3707.6,sell,5.0,5.0,,,,,,1753002485.396
164,ETH-258755933,1753004232642,0,0.007,0.007047,91.21,ETH-25JUL25-4200-C,3712.62,buy,1.0,1.0,,,,,,1753004232.642
165,ETH-258757757,1753005600673,1,0.007,0.006823,91.94,ETH-25JUL25-4200-C,3708.75,buy,15.0,15.0,,,,,,1753005600.673
166,ETH-258757781,1753005623248,1,0.007,0.006856,91.85,ETH-25JUL25-4200-C,3709.35,buy,8.0,8.0,,,,,,1753005623.248
167,ETH-258758949,1753006462371,2,0.0065,0.006956,89.9,ETH-25JUL25-4200-C,3709.79,sell,5.0,5.0,,,,,,1753006462.371
168,ETH-258759039,1753006662338,3,0.0065,0.00689,90.13,ETH-25JUL25-4200-C,3708.19,sell,2.0,2.0,,,,,,1753006662.338
169,ETH-258759488,1753006949854,3,0.0065,0.006521,91.21,ETH-25JUL25-4200-C,3700.54,buy,1.0,1.0,,,,,,1753006949.854
170,ETH-258761218,1753008566563,2,0.006,0.006542,88.7,ETH-25JUL25-4200-C,3704.63,sell,5.0,5.0,,,,,,1753008566.563
171,ETH-258761230,1753008587240,3,0.006,0.006531,88.7,ETH-25JUL25-4200-C,3704.65,sell,5.0,5.0,,,,,,1753008587.24
172,ETH-258761847,1753009214071,0,0.0065,0.00644,91.19,ETH-25JUL25-4200-C,3702.41,buy,21.0,21.0,,,,,,1753009214.071
173,ETH-258770654,1753011200575,0,0.007,0.007106,90.24,ETH-25JUL25-4200-C,3726.01,buy,1.0,1.0,,,,,,1753011200.575
174,ETH-258773830,1753011950357,0,0.0075,0.007621,90.39,ETH-25JUL25-4200-C,3738.83,buy,1.0,1.0,,,,,,1753011950.357
175,ETH-258775027,1753012078598,0,0.008,0.007894,91.16,ETH-25JUL25-4200-C,3745.89,sell,2.0,2.0,,,,,,1753012078.598
176,ETH-258776250,1753012152178,0,0.0085,0.008236,91.57,ETH-25JUL25-4200-C,3755.56,buy,120.0,120.0,,,,,,1753012152.178
177,ETH-258781214,1753013740076,2,0.008,0.008068,91.24,ETH-25JUL25-4200-C,3747.14,buy,34.0,34.0,,,,,,1753013740.076
178,ETH-258783298,1753014621464,2,0.0075,0.007477,92.08,ETH-25JUL25-4200-C,3729.01,buy,1.0,1.0,,,,,,1753014621.464
180,ETH-258785722,1753016651036,0,0.0085,0.008011,93.66,ETH-25JUL25-4200-C,3745.47,buy,9.0,9.0,,,,,,1753016651.036
179,ETH-258785721,1753016651036,0,0.008,0.008011,91.83,ETH-25JUL25-4200-C,3745.47,buy,1.0,1.0,,,,,,1753016651.036
181,ETH-258786389,1753017099688,2,0.008,0.008131,91.2,ETH-25JUL25-4200-C,3750.15,buy,15.0,15.0,,,,,,1753017099.688
182,ETH-258788134,1753018195831,0,0.0085,0.007922,93.98,ETH-25JUL25-4200-C,3743.98,buy,1.0,1.0,,,,,,1753018195.831
183,ETH-258789292,1753019131619,2,0.0075,0.007445,90.64,ETH-25JUL25-4200-C,3741.75,buy,100.0,100.0,,,,,,1753019131.619
184,ETH-258796046,1753023832888,0,0.0085,0.00807,92.3,ETH-25JUL25-4200-C,3759.38,buy,200.0,200.0,,,,ETH-CBUT-25JUL25-3800_4000_4200,ETH-258796045,1753023832.888
185,ETH-258796406,1753023900509,0,0.0087,0.008107,92.84,ETH-25JUL25-4200-C,3760.62,buy,63.0,63.0,,,,ETH-CBUT-25JUL25-3800_4000_4200,ETH-258796405,1753023900.509
186,ETH-258797008,1753024153272,2,0.0083,0.00799,91.75,ETH-25JUL25-4200-C,3758.65,buy,63.0,63.0,,,,ETH-CBUT-25JUL25-3800_4000_4200,ETH-258797005,1753024153.272
188,ETH-258797046,1753024186307,1,0.0084,0.008077,91.82,ETH-25JUL25-4200-C,3760.62,buy,11.0,11.0,,,,ETH-CBUT-25JUL25-3800_4000_4200,ETH-258797040,1753024186.307
187,ETH-258797045,1753024186307,0,0.0084,0.008077,91.82,ETH-25JUL25-4200-C,3760.62,buy,63.0,63.0,,,,ETH-CBUT-25JUL25-3800_4000_4200,ETH-258797039,1753024186.307
189,ETH-258797167,1753024306869,2,0.008,0.008131,90.13,ETH-25JUL25-4200-C,3762.31,buy,1.0,1.0,,,,,,1753024306.869
190,ETH-258798534,1753025014484,3,0.008,0.007775,91.74,ETH-25JUL25-4200-C,3751.9,sell,1.0,1.0,,,,,,1753025014.484
191,ETH-258800334,1753025638728,0,0.0085,0.00867,90.09,ETH-25JUL25-4200-C,3775.6,buy,10.0,10.0,,,,,,1753025638.728
192,ETH-258802293,1753026198361,2,0.008,0.008406,88.95,ETH-25JUL25-4200-C,3771.33,sell,2.0,2.0,,,,,,1753026198.361
193,ETH-258802294,1753026198361,3,0.008,0.008406,88.95,ETH-25JUL25-4200-C,3771.33,sell,1.0,1.0,,,,,,1753026198.361
194,ETH-258802473,1753026377812,0,0.0085,0.008313,90.47,ETH-25JUL25-4200-C,3773.3,buy,1.0,1.0,,,,,,1753026377.812
195,ETH-258802498,1753026398840,1,0.0085,0.008376,90.19,ETH-25JUL25-4200-C,3775.16,sell,2.0,2.0,,,,,,1753026398.84
196,ETH-258802535,1753026414129,1,0.0085,0.008395,90.22,ETH-25JUL25-4200-C,3775.05,sell,2.0,2.0,,,,,,1753026414.129
197,ETH-258802783,1753026572491,1,0.0085,0.008536,89.69,ETH-25JUL25-4200-C,3778.93,buy,2.0,2.0,,,,,,1753026572.491
198,ETH-258804860,1753027236304,1,0.0085,0.008935,88.53,ETH-25JUL25-4200-C,3787.9,sell,1.0,1.0,,,,,,1753027236.304
199,ETH-258806993,1753027785308,1,0.0085,0.008558,90.23,ETH-25JUL25-4200-C,3777.78,buy,20.0,20.0,,,,,,1753027785.308
200,ETH-258807261,1753027837247,2,0.008,0.008445,89.18,ETH-25JUL25-4200-C,3772.7,sell,1.0,1.0,,,,,,1753027837.247
201,ETH-258808371,1753028279842,3,0.008,0.008551,88.52,ETH-25JUL25-4200-C,3777.51,sell,3.0,3.0,,,,,,1753028279.842
202,ETH-258809156,1753028438262,3,0.008,0.008151,89.94,ETH-25JUL25-4200-C,3768.16,buy,1.0,1.0,,,,,,1753028438.262
203,ETH-258811020,1753029143437,0,0.009,0.009087,89.62,ETH-25JUL25-4200-C,3795.03,buy,10.0,10.0,,,,,,1753029143.437
204,ETH-258811765,1753029384707,1,0.009,0.008949,89.96,ETH-25JUL25-4200-C,3792.9,buy,1.0,1.0,,,,,,1753029384.707
205,ETH-258811769,1753029387710,1,0.009,0.008986,89.85,ETH-25JUL25-4200-C,3793.56,buy,1.0,1.0,,,,,,1753029387.71
206,ETH-258812544,1753029640837,0,0.0095,0.009478,89.92,ETH-25JUL25-4200-C,3804.17,buy,1.0,1.0,,,,,,1753029640.837
207,ETH-258814777,1753029983117,0,0.01,0.009741,90.73,ETH-25JUL25-4200-C,3810.61,buy,100.0,100.0,,,,ETH-CBUT-25JUL25-3800_4000_4200,ETH-258814774,1753029983.117
208,ETH-258815340,1753030086664,2,0.0099,0.00975,90.37,ETH-25JUL25-4200-C,3810.91,buy,100.0,100.0,,,,ETH-CBUT-25JUL25-3800_4000_4200,ETH-258815337,1753030086.664
209,ETH-258816515,1753030401590,0,0.01,0.009965,90.13,ETH-25JUL25-4200-C,3814.51,buy,10.0,10.0,,,,,,1753030401.59
210,ETH-258816521,1753030404316,0,0.0105,0.009965,91.78,ETH-25JUL25-4200-C,3814.39,buy,3.0,3.0,,,,,,1753030404.316
211,ETH-258816681,1753030459076,2,0.01,0.010032,90.04,ETH-25JUL25-4200-C,3815.15,sell,2.0,2.0,,,,,,1753030459.076
212,ETH-258816682,1753030459076,2,0.0095,0.010032,88.38,ETH-25JUL25-4200-C,3815.15,sell,2.0,2.0,,,,,,1753030459.076
213,ETH-258819597,1753031080395,2,0.0085,0.008754,90.52,ETH-25JUL25-4200-C,3779.41,sell,5.0,5.0,,,,,,1753031080.395
214,ETH-258819781,1753031142542,0,0.009,0.009077,91.15,ETH-25JUL25-4200-C,3786.82,buy,10.0,10.0,,,,,,1753031142.542
215,ETH-258825341,1753033477741,2,0.0075,0.00783,90.26,ETH-25JUL25-4200-C,3757.94,sell,8.0,8.0,,,,,,1753033477.741
216,ETH-258829518,1753034444371,3,0.0075,0.007492,92.42,ETH-25JUL25-4200-C,3744.29,buy,1.0,1.0,,,,,,1753034444.371
217,ETH-258830114,1753034656908,0,0.0077,0.007838,91.78,ETH-25JUL25-4200-C,3753.93,sell,80.0,80.0,4.0,BLOCK-212265,9292.0,ETH-CCOND-25JUL25-3850_4000_4200_4500,,1753034656.908
218,ETH-258837356,1753040030950,0,0.008,0.008063,91.02,ETH-25JUL25-4200-C,3770.24,buy,3.0,3.0,,,,,,1753040030.95
219,ETH-258843997,1753045002709,2,0.0076,0.007298,93.82,ETH-25JUL25-4200-C,3745.5,sell,75.0,75.0,,,,ETH-CBUT-25JUL25-3800_4000_4200,ETH-258843994,1753045002.709
220,ETH-258844015,1753045005644,2,0.0074,0.007268,93.14,ETH-25JUL25-4200-C,3744.44,sell,25.0,25.0,,,,ETH-CBUT-25JUL25-3800_4000_4200,ETH-258844013,1753045005.644
221,ETH-258845215,1753045760055,0,0.0075,0.006866,95.48,ETH-25JUL25-4200-C,3732.23,buy,20.0,20.0,,,,,,1753045760.055
222,ETH-258845216,1753045760055,1,0.0075,0.006866,95.48,ETH-25JUL25-4200-C,3732.23,buy,130.0,130.0,,,,,,1753045760.055
224,ETH-258848498,1753047569873,1,0.008,0.007706,93.74,ETH-25JUL25-4200-C,3757.82,buy,18.0,18.0,,,,,,1753047569.873
223,ETH-258848497,1753047569873,0,0.008,0.007706,93.74,ETH-25JUL25-4200-C,3757.82,buy,11.0,11.0,,,,,,1753047569.873
225,ETH-258848499,1753047569891,1,0.008,0.007706,93.74,ETH-25JUL25-4200-C,3757.82,sell,1.0,1.0,,,,,,1753047569.891
226,ETH-258848672,1753047671186,0,0.0085,0.008148,95.43,ETH-25JUL25-4200-C,3758.96,buy,270.0,270.0,,,,,,1753047671.186
227,ETH-258849029,1753047856050,1,0.0085,0.008436,94.74,ETH-25JUL25-4200-C,3763.88,sell,2.0,2.0,,,,,,1753047856.05
228,ETH-258849105,1753047974953,1,0.0085,0.00855,94.36,ETH-25JUL25-4200-C,3766.42,sell,40.0,40.0,,,,,,1753047974.953
229,ETH-258849969,1753048822588,2,0.0075,0.008417,90.75,ETH-25JUL25-4200-C,3766.18,sell,150.0,150.0,,,,,,1753048822.588
230,ETH-258857003,1753049939784,2,0.0055,0.005945,92.19,ETH-25JUL25-4200-C,3699.43,sell,10.0,10.0,,,,,,1753049939.784
231,ETH-258860517,1753050980157,0,0.007,0.006881,93.73,ETH-25JUL25-4200-C,3735.69,sell,20.0,20.0,,,,,,1753050980.157
232,ETH-258862752,1753051854806,0,0.008,0.007697,93.98,ETH-25JUL25-4200-C,3761.0,buy,3.0,3.0,,,,,,1753051854.806
233,ETH-258866032,1753052902336,2,0.007,0.007151,91.97,ETH-25JUL25-4200-C,3748.3,sell,30.0,30.0,,,,,,1753052902.336
234,ETH-258866055,1753052906926,3,0.007,0.007205,91.86,ETH-25JUL25-4200-C,3749.05,sell,1.0,1.0,,,,,,1753052906.926
235,ETH-258867034,1753053478467,3,0.007,0.007176,91.57,ETH-25JUL25-4200-C,3751.67,sell,5.0,5.0,,,,,,1753053478.467
236,ETH-258867543,1753053750022,3,0.007,0.007009,92.26,ETH-25JUL25-4200-C,3747.49,sell,30.0,30.0,,,,,,1753053750.022
237,ETH-258867550,1753053753983,3,0.007,0.007062,92.08,ETH-25JUL25-4200-C,3748.68,sell,1.0,1.0,,,,,,1753053753.983
238,ETH-258867551,1753053754047,3,0.007,0.007062,92.08,ETH-25JUL25-4200-C,3748.68,sell,1.0,1.0,,,,,,1753053754.047
239,ETH-258867558,1753053754172,3,0.007,0.007062,92.08,ETH-25JUL25-4200-C,3748.68,sell,1.0,1.0,,,,,,1753053754.172
240,ETH-258867724,1753053874789,3,0.007,0.007182,91.68,ETH-25JUL25-4200-C,3751.32,sell,1.0,1.0,,,,,,1753053874.789
241,ETH-258867734,1753053884795,3,0.007,0.007151,91.67,ETH-25JUL25-4200-C,3751.42,sell,1.0,1.0,,,,,,1753053884.795
242,ETH-258867738,1753053895012,3,0.007,0.007182,91.63,ETH-25JUL25-4200-C,3751.68,sell,1.0,1.0,,,,,,1753053895.012
243,ETH-258867740,1753053897052,3,0.007,0.00717,91.68,ETH-25JUL25-4200-C,3751.35,sell,5.0,5.0,,,,,,1753053897.052
244,ETH-258867876,1753054032530,3,0.007,0.0072,91.33,ETH-25JUL25-4200-C,3753.86,sell,27.0,27.0,,,,,,1753054032.53
245,ETH-258868908,1753054630038,2,0.0065,0.00674,90.66,ETH-25JUL25-4200-C,3745.28,sell,30.0,30.0,,,,,,1753054630.038
246,ETH-258871237,1753055372089,0,0.007,0.007078,89.99,ETH-25JUL25-4200-C,3763.74,sell,30.0,30.0,,,,,,1753055372.089
247,ETH-258880214,1753058230560,2,0.0055,0.005511,90.69,ETH-25JUL25-4200-C,3717.62,sell,1.0,1.0,,,,,,1753058230.56
248,ETH-258880215,1753058230589,3,0.0055,0.005511,90.69,ETH-25JUL25-4200-C,3717.62,sell,1.0,1.0,,,,,,1753058230.589
249,ETH-258880216,1753058230619,3,0.0055,0.005511,90.69,ETH-25JUL25-4200-C,3717.62,sell,1.0,1.0,,,,,,1753058230.619
250,ETH-258880221,1753058232935,3,0.0055,0.005521,90.48,ETH-25JUL25-4200-C,3719.04,sell,7.0,7.0,,,,,,1753058232.935
251,ETH-258881498,1753058939075,0,0.006,0.006054,89.98,ETH-25JUL25-4200-C,3738.29,buy,5.0,5.0,,,,,,1753058939.075
252,ETH-258881506,1753058940907,1,0.006,0.006066,89.89,ETH-25JUL25-4200-C,3738.87,buy,5.0,5.0,,,,,,1753058940.907
253,ETH-258881914,1753059019256,0,0.0065,0.006128,91.73,ETH-25JUL25-4200-C,3741.3,buy,20.0,20.0,,,,,,1753059019.256
254,ETH-258881917,1753059024096,2,0.006,0.006123,89.55,ETH-25JUL25-4200-C,3741.47,buy,14.0,14.0,,,,,,1753059024.096
255,ETH-258881919,1753059024533,3,0.006,0.006134,89.49,ETH-25JUL25-4200-C,3741.86,buy,6.0,6.0,,,,,,1753059024.533
256,ETH-258886387,1753061915885,2,0.005,0.005073,90.39,ETH-25JUL25-4200-C,3705.08,sell,23.0,23.0,,,,,,1753061915.885
257,ETH-258886429,1753061942187,3,0.005,0.005037,90.52,ETH-25JUL25-4200-C,3704.36,sell,20.0,20.0,,,,,,1753061942.187
258,ETH-258887778,1753062984517,0,0.0055,0.005532,90.24,ETH-25JUL25-4200-C,3723.58,sell,9.0,9.0,,,,,,1753062984.517
260,ETH-258888557,1753063655796,1,0.0055,0.005844,88.49,ETH-25JUL25-4200-C,3735.66,sell,19.0,19.0,,,,,,1753063655.796
259,ETH-258888556,1753063655796,1,0.0055,0.005844,88.49,ETH-25JUL25-4200-C,3735.66,sell,1.0,1.0,,,,,,1753063655.796
261,ETH-258890534,1753064951480,0,0.006,0.006007,89.8,ETH-25JUL25-4200-C,3743.08,sell,30.0,30.0,,,,,,1753064951.48
263,ETH-258893688,1753067529686,1,0.0065,0.006589,89.63,ETH-25JUL25-4200-C,3762.15,sell,8.0,8.0,,,,,,1753067529.686
262,ETH-258893687,1753067529686,0,0.0065,0.006589,89.63,ETH-25JUL25-4200-C,3762.15,sell,20.0,20.0,,,,,,1753067529.686
264,ETH-258897085,1753071456846,2,0.006,0.006139,88.3,ETH-25JUL25-4200-C,3758.83,sell,1.0,1.0,,,,,,1753071456.846
265,ETH-258897106,1753071466479,3,0.006,0.006139,88.27,ETH-25JUL25-4200-C,3759.1,sell,29.0,29.0,,,,,,1753071466.479
266,ETH-258897277,1753071530214,3,0.006,0.006153,88.14,ETH-25JUL25-4200-C,3760.04,sell,6.0,6.0,,,,,,1753071530.214
267,ETH-258902163,1753075191610,2,0.0055,0.005687,86.91,ETH-25JUL25-4200-C,3756.32,sell,7.0,7.0,,,,,,1753075191.61
268,ETH-258902560,1753075755484,2,0.005,0.005674,84.46,ETH-25JUL25-4200-C,3757.38,sell,4.0,4.0,,,,,,1753075755.484
269,ETH-258902589,1753075821242,0,0.0055,0.005667,86.75,ETH-25JUL25-4200-C,3757.78,sell,30.0,30.0,,,,,,1753075821.242
270,ETH-258905886,1753077956571,0,0.006,0.006199,85.48,ETH-25JUL25-4200-C,3782.09,sell,2.0,2.0,,,,,,1753077956.571
271,ETH-258905950,1753078056532,1,0.006,0.006473,84.95,ETH-25JUL25-4200-C,3786.1,sell,10.0,10.0,,,,,,1753078056.532
272,ETH-258907858,1753079135337,0,0.007,0.006992,86.31,ETH-25JUL25-4200-C,3806.27,buy,1.0,1.0,,,,,,1753079135.337
273,ETH-258907859,1753079135370,1,0.007,0.006992,86.31,ETH-25JUL25-4200-C,3806.27,buy,7.0,7.0,,,,,,1753079135.37
274,ETH-258907861,1753079135548,1,0.007,0.006992,86.31,ETH-25JUL25-4200-C,3806.27,buy,2.0,2.0,,,,,,1753079135.548
275,ETH-258907995,1753079160032,1,0.007,0.007062,85.76,ETH-25JUL25-4200-C,3809.74,sell,30.0,30.0,,,,,,1753079160.032
276,ETH-258908079,1753079184634,1,0.007,0.007097,85.6,ETH-25JUL25-4200-C,3810.79,sell,18.0,18.0,,,,,,1753079184.634
277,ETH-258911043,1753080512842,2,0.0065,0.006497,86.74,ETH-25JUL25-4200-C,3791.16,buy,100.0,100.0,,,,,,1753080512.842
278,ETH-258911044,1753080513008,3,0.0065,0.006497,86.74,ETH-25JUL25-4200-C,3791.16,sell,30.0,30.0,,,,,,1753080513.008
279,ETH-258911054,1753080517418,3,0.0065,0.006498,86.66,ETH-25JUL25-4200-C,3791.64,sell,3.0,3.0,,,,,,1753080517.418
280,ETH-258911063,1753080532019,3,0.0065,0.006547,86.52,ETH-25JUL25-4200-C,3792.53,sell,14.0,14.0,,,,,,1753080532.019
281,ETH-258911592,1753081314014,0,0.007,0.006908,87.89,ETH-25JUL25-4200-C,3797.55,sell,30.0,30.0,,,,,,1753081314.014
282,ETH-258911885,1753081473014,1,0.007,0.006979,87.36,ETH-25JUL25-4200-C,3800.96,sell,17.0,17.0,,,,,,1753081473.014
283,ETH-258912379,1753081720748,2,0.0065,0.006849,85.65,ETH-25JUL25-4200-C,3799.19,sell,23.0,23.0,,,,,,1753081720.748
284,ETH-258912380,1753081722824,3,0.0065,0.006877,85.75,ETH-25JUL25-4200-C,3798.6,sell,17.0,17.0,,,,,,1753081722.824
285,ETH-258912395,1753081728792,3,0.0065,0.006867,85.6,ETH-25JUL25-4200-C,3799.61,sell,3.0,3.0,,,,,,1753081728.792
286,ETH-258912396,1753081728840,3,0.0065,0.006867,85.6,ETH-25JUL25-4200-C,3799.61,sell,15.0,15.0,,,,,,1753081728.84
287,ETH-258912400,1753081737232,3,0.0065,0.006771,85.83,ETH-25JUL25-4200-C,3798.07,buy,21.0,21.0,,,,,,1753081737.232
288,ETH-258912403,1753081743106,3,0.0065,0.006746,85.77,ETH-25JUL25-4200-C,3798.38,buy,18.0,18.0,,,,,,1753081743.106
289,ETH-258913828,1753082926187,3,0.0065,0.006622,85.58,ETH-25JUL25-4200-C,3800.31,buy,1.0,1.0,,,,,,1753082926.187
290,ETH-258922123,1753087512900,2,0.006,0.005982,85.79,ETH-25JUL25-4200-C,3790.88,buy,3.0,3.0,,,,,,1753087512.9
291,ETH-258924263,1753088626711,2,0.005,0.005509,83.65,ETH-25JUL25-4200-C,3775.45,sell,1.0,1.0,,,,,,1753088626.711
292,ETH-258925048,1753089173755,0,0.0055,0.005664,84.96,ETH-25JUL25-4200-C,3782.86,sell,1.0,1.0,,,,,,1753089173.755
293,ETH-258926374,1753090580261,1,0.0055,0.005594,86.46,ETH-25JUL25-4200-C,3773.22,sell,4.0,4.0,,,,,,1753090580.261
294,ETH-258926375,1753090580308,1,0.0055,0.005594,86.46,ETH-25JUL25-4200-C,3773.22,sell,14.0,14.0,,,,,,1753090580.308
295,ETH-258926381,1753090582184,1,0.0055,0.005522,86.72,ETH-25JUL25-4200-C,3771.53,sell,7.0,7.0,,,,,,1753090582.184
296,ETH-258927118,1753090869439,2,0.0049,0.005006,85.62,ETH-25JUL25-4200-C,3760.23,buy,25.0,25.0,,,,,,1753090869.439
297,ETH-258927429,1753090925135,0,0.005,0.005049,85.75,ETH-25JUL25-4200-C,3762.67,buy,39.0,39.0,,,,,,1753090925.135
298,ETH-258929841,1753093707011,1,0.005,0.005214,84.39,ETH-25JUL25-4200-C,3773.99,sell,110.0,110.0,,,,,,1753093707.011
299,ETH-258931991,1753094890554,0,0.0068,0.006747,86.08,ETH-25JUL25-4200-C,3815.37,sell,125.0,125.0,2.0,BLOCK-212347,9360.0,ETH-CDIAG-1AUG25_25JUL25-4000_4200,,1753094890.554
300,ETH-258932099,1753094927895,0,0.007,0.006892,86.33,ETH-25JUL25-4200-C,3818.91,buy,60.0,60.0,,,,,,1753094927.895
301,ETH-258932523,1753095055010,1,0.007,0.006812,86.61,ETH-25JUL25-4200-C,3817.45,sell,10.0,10.0,,,,,,1753095055.01
302,ETH-258936856,1753097189286,1,0.007,0.007282,85.8,ETH-25JUL25-4200-C,3823.41,sell,1.0,1.0,,,,,,1753097189.286
303,ETH-258938756,1753097776997,0,0.008,0.007633,88.97,ETH-25JUL25-4200-C,3828.63,buy,13.0,13.0,,,,,,1753097776.997
304,ETH-258938757,1753097776997,1,0.008,0.007633,88.97,ETH-25JUL25-4200-C,3828.63,buy,12.0,12.0,,,,,,1753097776.997
305,ETH-258940375,1753098727324,2,0.0075,0.007426,88.81,ETH-25JUL25-4200-C,3818.53,sell,1.0,1.0,,,,,,1753098727.324
306,ETH-258947390,1753102192811,0,0.008,0.007465,90.15,ETH-25JUL25-4200-C,3825.51,buy,3.0,3.0,,,,,,1753102192.811
307,ETH-258948406,1753102645576,2,0.0065,0.007022,86.18,ETH-25JUL25-4200-C,3812.88,sell,3.0,3.0,,,,,,1753102645.576
308,ETH-258950061,1753103115011,3,0.0065,0.00644,89.64,ETH-25JUL25-4200-C,3791.58,sell,8.0,8.0,,,,,,1753103115.011
309,ETH-258950074,1753103115603,3,0.0065,0.00644,89.64,ETH-25JUL25-4200-C,3791.58,sell,9.0,9.0,,,,,,1753103115.603
310,ETH-258950076,1753103115841,3,0.0065,0.00644,89.64,ETH-25JUL25-4200-C,3791.58,sell,4.0,4.0,,,,,,1753103115.841
311,ETH-258950739,1753103210179,3,0.0065,0.006462,90.51,ETH-25JUL25-4200-C,3786.46,sell,5.0,5.0,,,,,,1753103210.179
312,ETH-258950740,1753103210207,3,0.0065,0.006462,90.51,ETH-25JUL25-4200-C,3786.46,sell,4.0,4.0,,,,,,1753103210.207
313,ETH-258951512,1753103499890,3,0.0065,0.006535,90.79,ETH-25JUL25-4200-C,3784.45,sell,1.0,1.0,,,,,,1753103499.89
314,ETH-258951513,1753103501958,3,0.0065,0.006506,90.81,ETH-25JUL25-4200-C,3784.33,sell,1.0,1.0,,,,,,1753103501.958
315,ETH-258951519,1753103508770,3,0.0065,0.006503,90.85,ETH-25JUL25-4200-C,3784.09,sell,4.0,4.0,,,,,,1753103508.77
316,ETH-258951520,1753103510173,3,0.0065,0.0065,90.84,ETH-25JUL25-4200-C,3784.15,sell,4.0,4.0,,,,,,1753103510.173
317,ETH-258951607,1753103558559,3,0.0065,0.006504,90.93,ETH-25JUL25-4200-C,3783.76,sell,1.0,1.0,,,,,,1753103558.559
319,ETH-258951614,1753103558600,3,0.0065,0.006504,90.93,ETH-25JUL25-4200-C,3783.76,sell,1.0,1.0,,,,,,1753103558.6
318,ETH-258951613,1753103558600,3,0.0065,0.006504,90.93,ETH-25JUL25-4200-C,3783.76,sell,6.0,6.0,,,,,,1753103558.6
320,ETH-258951628,1753103559730,3,0.0065,0.006509,90.95,ETH-25JUL25-4200-C,3783.69,sell,60.0,60.0,,,,,,1753103559.73
321,ETH-258951629,1753103559735,3,0.0065,0.006509,90.95,ETH-25JUL25-4200-C,3783.69,sell,39.0,39.0,,,,,,1753103559.735
322,ETH-258951630,1753103559735,3,0.0065,0.006509,90.95,ETH-25JUL25-4200-C,3783.69,sell,21.0,21.0,,,,,,1753103559.735
324,ETH-258951634,1753103559984,3,0.0065,0.006509,90.95,ETH-25JUL25-4200-C,3783.69,sell,70.0,70.0,,,,,,1753103559.984
323,ETH-258951633,1753103559984,3,0.0065,0.006509,90.95,ETH-25JUL25-4200-C,3783.69,sell,29.0,29.0,,,,,,1753103559.984
325,ETH-258951635,1753103559989,3,0.0065,0.006509,90.95,ETH-25JUL25-4200-C,3783.69,sell,1.0,1.0,,,,,,1753103559.989
326,ETH-258951636,1753103560068,3,0.0065,0.006509,90.95,ETH-25JUL25-4200-C,3783.69,sell,1.0,1.0,,,,,,1753103560.068
327,ETH-258951637,1753103560546,3,0.0065,0.006505,91.01,ETH-25JUL25-4200-C,3783.27,sell,2.0,2.0,,,,,,1753103560.546
328,ETH-258951641,1753103560606,3,0.0065,0.006505,91.01,ETH-25JUL25-4200-C,3783.27,sell,1.0,1.0,,,,,,1753103560.606
329,ETH-258951642,1753103560622,3,0.0065,0.006505,91.01,ETH-25JUL25-4200-C,3783.27,sell,2.0,2.0,,,,,,1753103560.622
330,ETH-258951643,1753103560645,3,0.0065,0.006505,91.01,ETH-25JUL25-4200-C,3783.27,sell,3.0,3.0,,,,,,1753103560.645
331,ETH-258951644,1753103560645,3,0.0065,0.006505,91.01,ETH-25JUL25-4200-C,3783.27,sell,13.0,13.0,,,,,,1753103560.645
332,ETH-258951648,1753103560807,3,0.0065,0.006505,91.01,ETH-25JUL25-4200-C,3783.27,sell,1.0,1.0,,,,,,1753103560.807
333,ETH-258951650,1753103560987,3,0.0065,0.006505,91.01,ETH-25JUL25-4200-C,3783.27,sell,2.0,2.0,,,,,,1753103560.987
334,ETH-258951651,1753103560993,3,0.0065,0.006505,91.01,ETH-25JUL25-4200-C,3783.27,sell,1.0,1.0,,,,,,1753103560.993
335,ETH-258951653,1753103561001,3,0.0065,0.006505,91.01,ETH-25JUL25-4200-C,3783.27,sell,1.0,1.0,,,,,,1753103561.001
336,ETH-258951657,1753103561010,3,0.0065,0.006505,91.01,ETH-25JUL25-4200-C,3783.27,sell,2.0,2.0,,,,,,1753103561.01
337,ETH-258951658,1753103561016,3,0.0065,0.006505,91.01,ETH-25JUL25-4200-C,3783.27,sell,13.0,13.0,,,,,,1753103561.016
338,ETH-258951659,1753103561019,3,0.0065,0.006505,91.01,ETH-25JUL25-4200-C,3783.27,sell,1.0,1.0,,,,,,1753103561.019
339,ETH-258951667,1753103561093,3,0.0065,0.006505,91.01,ETH-25JUL25-4200-C,3783.27,sell,1.0,1.0,,,,,,1753103561.093
343,ETH-258951673,1753103561104,3,0.0065,0.006505,91.01,ETH-25JUL25-4200-C,3783.27,sell,2.0,2.0,,,,,,1753103561.104
345,ETH-258951675,1753103561104,3,0.0065,0.006505,91.01,ETH-25JUL25-4200-C,3783.27,sell,2.0,2.0,,,,,,1753103561.104
346,ETH-258951676,1753103561104,3,0.0065,0.006505,91.01,ETH-25JUL25-4200-C,3783.27,sell,1.0,1.0,,,,,,1753103561.104
341,ETH-258951671,1753103561104,3,0.0065,0.006505,91.01,ETH-25JUL25-4200-C,3783.27,sell,2.0,2.0,,,,,,1753103561.104
342,ETH-258951672,1753103561104,3,0.0065,0.006505,91.01,ETH-25JUL25-4200-C,3783.27,sell,2.0,2.0,,,,,,1753103561.104
344,ETH-258951674,1753103561104,3,0.0065,0.006505,91.01,ETH-25JUL25-4200-C,3783.27,sell,2.0,2.0,,,,,,1753103561.104
340,ETH-258951670,1753103561104,3,0.0065,0.006505,91.01,ETH-25JUL25-4200-C,3783.27,sell,45.0,45.0,,,,,,1753103561.104
347,ETH-258967256,1753108121675,0,0.0075,0.007661,87.23,ETH-25JUL25-4200-C,3836.54,buy,7.0,7.0,,,,,,1753108121.675
348,ETH-258967311,1753108128213,1,0.0075,0.007527,87.64,ETH-25JUL25-4200-C,3834.12,buy,1.0,1.0,,,,,,1753108128.213
349,ETH-258970895,1753109178156,0,0.008,0.008212,86.26,ETH-25JUL25-4200-C,3855.24,buy,1.0,1.0,,,,,,1753109178.156
350,ETH-258974517,1753110330541,2,0.007,0.007182,85.21,ETH-25JUL25-4200-C,3839.52,sell,32.0,32.0,,,,,,1753110330.541
351,ETH-258978785,1753112313051,2,0.006,0.006565,83.65,ETH-25JUL25-4200-C,3824.15,sell,3.0,3.0,,,,,,1753112313.051
352,ETH-258983409,1753114134100,2,0.005,0.005493,83.76,ETH-25JUL25-4200-C,3795.73,sell,2.0,2.0,,,,,,1753114134.1
353,ETH-258996870,1753117754680,3,0.005,0.005349,85.68,ETH-25JUL25-4200-C,3786.86,sell,16.0,16.0,,,,,,1753117754.68
354,ETH-258996871,1753117754682,3,0.005,0.005349,85.68,ETH-25JUL25-4200-C,3786.86,buy,8.0,8.0,,,,,,1753117754.682
355,ETH-258996872,1753117754684,3,0.005,0.005349,85.68,ETH-25JUL25-4200-C,3786.86,buy,1.0,1.0,,,,,,1753117754.684
356,ETH-258996873,1753117754689,3,0.005,0.005349,85.68,ETH-25JUL25-4200-C,3786.86,buy,15.0,15.0,,,,,,1753117754.689
357,ETH-259030276,1753131647128,2,0.0045,0.004527,89.92,ETH-25JUL25-4200-C,3754.04,buy,61.0,61.0,,,,,,1753131647.128
358,ETH-259030498,1753131738721,2,0.0044,0.004414,89.47,ETH-25JUL25-4200-C,3753.66,buy,54.0,54.0,,,,,,1753131738.721
359,ETH-259030585,1753131874519,3,0.0044,0.004426,89.09,ETH-25JUL25-4200-C,3756.46,buy,1.0,1.0,,,,,,1753131874.519
360,ETH-259030652,1753131959816,0,0.0045,0.004529,88.65,ETH-25JUL25-4200-C,3762.94,buy,59.0,59.0,,,,,,1753131959.816
361,ETH-259030773,1753132233007,2,0.0044,0.004409,88.51,ETH-25JUL25-4200-C,3760.69,buy,59.0,59.0,,,,,,1753132233.007
362,ETH-259031288,1753132593395,2,0.0042,0.004213,88.78,ETH-25JUL25-4200-C,3752.58,buy,30.0,30.0,,,,,,1753132593.395
363,ETH-259031815,1753133574205,3,0.0042,0.004307,88.21,ETH-25JUL25-4200-C,3757.08,sell,3.0,3.0,,,,,,1753133574.205
364,ETH-259031816,1753133579289,2,0.0041,0.004287,87.75,ETH-25JUL25-4200-C,3756.37,sell,2.0,2.0,,,,,,1753133579.289
365,ETH-259031817,1753133580021,3,0.0041,0.004285,87.74,ETH-25JUL25-4200-C,3756.44,sell,38.0,38.0,,,,,,1753133580.021
366,ETH-259033003,1753134712253,2,0.004,0.004157,87.37,ETH-25JUL25-4200-C,3756.21,sell,5.0,5.0,,,,,,1753134712.253
367,ETH-259033004,1753134712259,3,0.004,0.004157,87.37,ETH-25JUL25-4200-C,3756.21,sell,75.0,75.0,,,,,,1753134712.259
368,ETH-259033005,1753134716365,3,0.004,0.004154,87.39,ETH-25JUL25-4200-C,3756.13,sell,1.0,1.0,,,,,,1753134716.365
369,ETH-259033464,1753135399862,2,0.0038,0.003894,87.24,ETH-25JUL25-4200-C,3749.63,buy,1.0,1.0,,,,,,1753135399.862
370,ETH-259034247,1753137111742,0,0.0044,0.004286,87.78,ETH-25JUL25-4200-C,3769.86,buy,1.0,1.0,,,,,,1753137111.742
371,ETH-259034947,1753138283953,2,0.0041,0.004173,86.1,ETH-25JUL25-4200-C,3771.67,buy,100.0,100.0,,,,,,1753138283.953
372,ETH-259034948,1753138286478,3,0.0041,0.00418,86.06,ETH-25JUL25-4200-C,3771.91,buy,3.0,3.0,,,,,,1753138286.478
373,ETH-259035125,1753138824228,2,0.004,0.003967,86.85,ETH-25JUL25-4200-C,3763.5,sell,2.0,2.0,,,,,,1753138824.228
374,ETH-259035193,1753138982064,3,0.004,0.003906,87.32,ETH-25JUL25-4200-C,3760.33,sell,2.0,2.0,,,,,,1753138982.064
375,ETH-259035388,1753139243921,2,0.0037,0.003887,86.15,ETH-25JUL25-4200-C,3756.84,sell,10.0,10.0,,,,,,1753139243.921
376,ETH-259036375,1753140937490,0,0.0041,0.004101,85.91,ETH-25JUL25-4200-C,3775.57,buy,31.0,31.0,,,,,,1753140937.49
377,ETH-259036839,1753142086613,2,0.0037,0.003811,85.54,ETH-25JUL25-4200-C,3763.86,sell,3.0,3.0,,,,,,1753142086.613
378,ETH-259036840,1753142091664,3,0.0037,0.003796,85.58,ETH-25JUL25-4200-C,3763.6,sell,4.0,4.0,,,,,,1753142091.664
379,ETH-259036863,1753142188810,0,0.0038,0.003815,85.84,ETH-25JUL25-4200-C,3765.71,buy,23.0,23.0,,,,,,1753142188.81
380,ETH-259036865,1753142190871,1,0.0038,0.003815,85.86,ETH-25JUL25-4200-C,3765.6,sell,3.0,3.0,,,,,,1753142190.871
381,ETH-259037039,1753142623582,2,0.0037,0.003701,86.07,ETH-25JUL25-4200-C,3761.31,sell,6.0,6.0,,,,,,1753142623.582
382,ETH-259038167,1753144111758,0,0.0039,0.003944,85.06,ETH-25JUL25-4200-C,3776.65,sell,3.0,3.0,,,,,,1753144111.758
383,ETH-259038169,1753144120024,1,0.0039,0.003943,85.07,ETH-25JUL25-4200-C,3776.65,sell,1.0,1.0,,,,,,1753144120.024
384,ETH-259038171,1753144122094,1,0.0039,0.003938,85.08,ETH-25JUL25-4200-C,3776.58,sell,2.0,2.0,,,,,,1753144122.094
385,ETH-259038174,1753144126234,1,0.0039,0.00394,85.08,ETH-25JUL25-4200-C,3776.56,sell,1.0,1.0,,,,,,1753144126.234
386,ETH-259038177,1753144130168,1,0.0039,0.003933,85.1,ETH-25JUL25-4200-C,3776.43,sell,12.0,12.0,,,,,,1753144130.168
387,ETH-259039525,1753144846820,2,0.0033,0.003531,84.86,ETH-25JUL25-4200-C,3755.42,sell,1.0,1.0,,,,,,1753144846.82
388,ETH-259039896,1753145154309,0,0.0035,0.003564,85.82,ETH-25JUL25-4200-C,3757.1,buy,10.0,10.0,,,,,,1753145154.309
389,ETH-259053227,1753149304889,0,0.0044,0.004262,85.93,ETH-25JUL25-4200-C,3793.85,sell,32.0,32.0,,,,,,1753149304.889
390,ETH-259053228,1753149304908,1,0.0044,0.004262,85.93,ETH-25JUL25-4200-C,3793.85,sell,2.0,2.0,,,,,,1753149304.908
391,ETH-259055251,1753150367463,2,0.004,0.004025,86.16,ETH-25JUL25-4200-C,3779.29,sell,3.0,3.0,,,,,,1753150367.463
392,ETH-259056325,1753151926643,2,0.0038,0.00407,84.18,ETH-25JUL25-4200-C,3786.09,sell,60.0,60.0,,,,,,1753151926.643
393,ETH-259058402,1753153053112,2,0.0031,0.002992,87.2,ETH-25JUL25-4200-C,3739.24,buy,100.0,100.0,,,,,,1753153053.112
394,ETH-259058403,1753153055641,3,0.0031,0.003038,86.86,ETH-25JUL25-4200-C,3741.4,buy,100.0,100.0,,,,,,1753153055.641
395,ETH-259058468,1753153084758,2,0.003,0.002912,87.31,ETH-25JUL25-4200-C,3734.07,buy,48.0,48.0,,,,,,1753153084.758
396,ETH-259062361,1753155542047,3,0.003,0.002888,90.12,ETH-25JUL25-4200-C,3718.11,sell,3.0,3.0,,,,,,1753155542.047
397,ETH-259078670,1753162089804,2,0.0021,0.001983,89.14,ETH-25JUL25-4200-C,3683.47,sell,1.0,1.0,,,,,,1753162089.804
398,ETH-259086231,1753166071835,0,0.0023,0.002277,87.84,ETH-25JUL25-4200-C,3708.08,buy,75.0,75.0,,,,,,1753166071.835
400,ETH-259086896,1753166801581,3,0.002,0.002143,86.67,ETH-25JUL25-4200-C,3698.88,sell,20.0,20.0,,,,,,1753166801.581
399,ETH-259086895,1753166801581,2,0.002,0.002143,86.67,ETH-25JUL25-4200-C,3698.88,sell,177.0,177.0,,,,,,1753166801.581
401,ETH-259086897,1753166801592,3,0.002,0.002143,86.67,ETH-25JUL25-4200-C,3698.88,buy,3.0,3.0,,,,,,1753166801.592
402,ETH-259086899,1753166807122,3,0.002,0.002143,86.71,ETH-25JUL25-4200-C,3698.65,buy,200.0,200.0,,,,,,1753166807.122
403,ETH-259086901,1753166810247,3,0.002,0.00214,86.7,ETH-25JUL25-4200-C,3698.72,buy,200.0,200.0,,,,,,1753166810.247
404,ETH-259090074,1753169118863,3,0.002,0.002006,85.23,ETH-25JUL25-4200-C,3711.48,buy,87.0,87.0,,,,,,1753169118.863
405,ETH-259090090,1753169125824,3,0.002,0.002009,85.14,ETH-25JUL25-4200-C,3712.1,buy,113.0,113.0,,,,,,1753169125.824
406,ETH-259094590,1753171307738,2,0.0014,0.001525,86.66,ETH-25JUL25-4200-C,3661.85,sell,22.0,22.0,,,,,,1753171307.738
407,ETH-259099491,1753172406331,2,0.0012,0.00133,86.53,ETH-25JUL25-4200-C,3644.84,sell,3.0,3.0,,,,,,1753172406.331
409,ETH-259102038,1753172959622,1,0.0014,0.001202,90.93,ETH-25JUL25-4200-C,3632.38,buy,20.0,20.0,,,,,,1753172959.622
408,ETH-259102037,1753172959622,0,0.0014,0.001202,90.93,ETH-25JUL25-4200-C,3632.38,buy,20.0,20.0,,,,,,1753172959.622
410,ETH-259109075,1753175273720,2,0.0013,0.001126,89.71,ETH-25JUL25-4200-C,3634.72,buy,23.0,23.0,,,,,,1753175273.72
411,ETH-259109076,1753175273731,3,0.0013,0.001126,89.71,ETH-25JUL25-4200-C,3634.72,sell,17.0,17.0,,,,,,1753175273.731
412,ETH-259109566,1753175415541,2,0.001,0.001116,86.03,ETH-25JUL25-4200-C,3631.65,sell,1.0,1.0,,,,,,1753175415.541
413,ETH-259110746,1753175751430,3,0.001,0.001091,86.18,ETH-25JUL25-4200-C,3630.88,sell,49.0,49.0,,,,,,1753175751.43
414,ETH-259118087,1753178675758,0,0.0011,0.001012,82.67,ETH-25JUL25-4200-C,3671.14,buy,1.0,1.0,,,,,,1753178675.758
415,ETH-259122680,1753182002812,1,0.0011,0.001249,79.3,ETH-25JUL25-4200-C,3699.72,buy,20.0,20.0,,,,,,1753182002.812
416,ETH-259124517,1753183204544,0,0.0013,0.001143,82.31,ETH-25JUL25-4200-C,3697.94,buy,1.0,1.0,,,,,,1753183204.544
417,ETH-259125575,1753183802774,2,0.0011,0.001135,79.64,ETH-25JUL25-4200-C,3700.13,buy,20.0,20.0,,,,,,1753183802.774
418,ETH-259128686,1753185601761,0,0.0012,0.001158,80.16,ETH-25JUL25-4200-C,3707.7,buy,20.0,20.0,,,,,,1753185601.761
419,ETH-259128764,1753185673813,2,0.001,0.001152,77.7,ETH-25JUL25-4200-C,3706.56,sell,1.0,1.0,,,,,,1753185673.813
420,ETH-259129080,1753186151873,0,0.0013,0.001166,81.33,ETH-25JUL25-4200-C,3708.5,buy,2.0,2.0,,,,,,1753186151.873
421,ETH-259129675,1753186741994,2,0.0011,0.001146,79.98,ETH-25JUL25-4200-C,3701.19,buy,20.0,20.0,,,,,,1753186741.994
422,ETH-259130235,1753187402845,0,0.0012,0.001194,81.09,ETH-25JUL25-4200-C,3703.11,buy,20.0,20.0,,,,,,1753187402.845
423,ETH-259131882,1753189201261,1,0.0012,0.001141,81.34,ETH-25JUL25-4200-C,3703.29,buy,20.0,20.0,,,,,,1753189201.261
424,ETH-259134652,1753191002450,2,0.0011,0.00112,81.09,ETH-25JUL25-4200-C,3697.95,buy,20.0,20.0,,,,,,1753191002.45
425,ETH-259136190,1753191298098,0,0.0012,0.001054,85.74,ETH-25JUL25-4200-C,3674.82,buy,50.0,50.0,,,,,,1753191298.098
426,ETH-259144396,1753192803125,2,0.0008,0.000854,83.8,ETH-25JUL25-4200-C,3647.61,sell,10.0,10.0,,,,,,1753192803.125
427,ETH-259144399,1753192803627,3,0.0008,0.000854,83.8,ETH-25JUL25-4200-C,3647.61,buy,10.0,10.0,,,,,,1753192803.627
428,ETH-259147051,1753193318229,0,0.0011,0.000942,86.55,ETH-25JUL25-4200-C,3662.18,buy,10.0,10.0,,,,,,1753193318.229
429,ETH-259149599,1753194569775,2,0.001,0.000981,85.52,ETH-25JUL25-4200-C,3660.7,sell,1.0,1.0,,,,,,1753194569.775
430,ETH-259149617,1753194601390,2,0.0009,0.001,83.77,ETH-25JUL25-4200-C,3662.4,sell,15.0,15.0,,,,,,1753194601.39
431,ETH-259150069,1753194959112,0,0.001,0.001112,83.34,ETH-25JUL25-4200-C,3677.11,buy,4.0,4.0,,,,,,1753194959.112
432,ETH-259155021,1753197391767,1,0.001,0.001232,79.86,ETH-25JUL25-4200-C,3704.61,sell,1.0,1.0,,,,,,1753197391.767
433,ETH-259155714,1753197649341,0,0.0012,0.001379,80.27,ETH-25JUL25-4200-C,3720.36,buy,1.0,1.0,,,,,,1753197649.341
434,ETH-259158554,1753198770299,0,0.0016,0.001497,85.42,ETH-25JUL25-4200-C,3718.73,buy,23.0,23.0,,,,,,1753198770.299
435,ETH-259158663,1753198875029,0,0.0017,0.001501,87.17,ETH-25JUL25-4200-C,3714.45,buy,7.0,7.0,,,,,,1753198875.029
436,ETH-259159347,1753199347798,2,0.0016,0.001521,85.45,ETH-25JUL25-4200-C,3719.84,buy,7.0,7.0,,,,,,1753199347.798
437,ETH-259167851,1753203961737,2,0.0014,0.001353,84.32,ETH-25JUL25-4200-C,3717.86,sell,1.0,1.0,,,,,,1753203961.737
438,ETH-259180459,1753211430626,2,0.0011,0.001074,82.73,ETH-25JUL25-4200-C,3712.3,buy,29.0,29.0,,,,,,1753211430.626
439,ETH-259186581,1753214257968,2,0.0009,0.00075,87.2,ETH-25JUL25-4200-C,3665.32,buy,2.0,2.0,,,,,,1753214257.968
440,ETH-259186582,1753214257978,3,0.0009,0.00075,87.2,ETH-25JUL25-4200-C,3665.32,sell,18.0,18.0,,,,,,1753214257.978
441,ETH-259205377,1753231174860,0,0.0014,0.001254,85.42,ETH-25JUL25-4200-C,3746.07,buy,28.0,28.0,,,,,,1753231174.86
442,ETH-259205378,1753231174878,1,0.0014,0.001254,85.42,ETH-25JUL25-4200-C,3746.07,sell,10.0,10.0,,,,,,1753231174.878
443,ETH-259205781,1753231552468,1,0.0014,0.0013,85.46,ETH-25JUL25-4200-C,3746.63,buy,12.0,12.0,,,,,,1753231552.468
444,ETH-259205796,1753231601953,1,0.0014,0.001307,85.4,ETH-25JUL25-4200-C,3747.11,buy,9.0,9.0,,,,,,1753231601.953
445,ETH-259205797,1753231601966,1,0.0014,0.001307,85.4,ETH-25JUL25-4200-C,3747.11,sell,41.0,41.0,,,,,,1753231601.966
446,ETH-259206319,1753232402656,2,0.0011,0.001135,84.78,ETH-25JUL25-4200-C,3727.41,buy,15.0,15.0,,,,,,1753232402.656
447,ETH-259209787,1753236002779,3,0.0011,0.00109,83.51,ETH-25JUL25-4200-C,3740.38,buy,15.0,15.0,,,,,,1753236002.779
448,ETH-259216226,1753239602573,3,0.0011,0.001175,83.23,ETH-25JUL25-4200-C,3746.92,buy,15.0,15.0,,,,,,1753239602.573
449,ETH-259219573,1753243202615,2,0.0009,0.00089,83.61,ETH-25JUL25-4200-C,3730.46,buy,15.0,15.0,,,,,,1753243202.615
450,ETH-259221698,1753246806184,3,0.0009,0.000976,83.43,ETH-25JUL25-4200-C,3736.35,buy,15.0,15.0,,,,,,1753246806.184
451,ETH-259221989,1753247170388,0,0.0011,0.000924,87.93,ETH-25JUL25-4200-C,3728.25,buy,20.0,20.0,,,,,,1753247170.388
452,ETH-259241938,1753261851651,2,0.0008,0.000625,93.67,ETH-25JUL25-4200-C,3684.38,buy,1.0,1.0,,,,,,1753261851.651
453,ETH-259244544,1753262968166,2,0.0006,0.000575,93.26,ETH-25JUL25-4200-C,3661.48,sell,3.0,3.0,,,,,,1753262968.166
454,ETH-259248757,1753265438732,2,0.0005,0.000535,93.32,ETH-25JUL25-4200-C,3648.31,sell,25.0,25.0,,,,,,1753265438.732
455,ETH-259251891,1753269200604,2,0.0003,0.0004,86.39,ETH-25JUL25-4200-C,3658.1,sell,1.0,1.0,,,,,,1753269200.604
456,ETH-259257221,1753275077825,0,0.0004,0.000333,91.25,ETH-25JUL25-4200-C,3660.69,buy,168.0,168.0,2.0,BLOCK-212810,9614.0,ETH-CSR12-25JUL25-3850_4200,,1753275077.825
457,ETH-259298129,1753287593364,2,0.0003,0.000317,100.14,ETH-25JUL25-4200-C,3605.81,buy,2.0,2.0,,,,,,1753287593.364
458,ETH-259308655,1753290998061,3,0.0003,0.000281,106.39,ETH-25JUL25-4200-C,3573.37,sell,1.0,1.0,,,,,,1753290998.061
459,ETH-259308664,1753290998105,3,0.0003,0.000281,106.39,ETH-25JUL25-4200-C,3573.37,sell,8.0,8.0,,,,,,1753290998.105
460,ETH-259317349,1753295413568,0,0.0004,0.000344,108.92,ETH-25JUL25-4200-C,3594.45,buy,10.0,10.0,,,,,,1753295413.568
461,ETH-259329967,1753303300077,2,0.0002,0.000254,107.77,ETH-25JUL25-4200-C,3562.03,sell,169.0,169.0,,,,,,1753303300.077
462,ETH-259330129,1753303412154,3,0.0002,0.000177,106.97,ETH-25JUL25-4200-C,3567.3,buy,1.0,1.0,,,,,,1753303412.154
463,ETH-259346780,1753312167853,3,0.0002,0.000161,101.16,ETH-25JUL25-4200-C,3625.94,buy,99.0,99.0,,,,,,1753312167.853
464,ETH-259348153,1753313812803,3,0.0002,0.00025,101.06,ETH-25JUL25-4200-C,3631.48,sell,2.0,2.0,,,,,,1753313812.803
466,ETH-259348169,1753313826199,3,0.0001,0.000226,93.19,ETH-25JUL25-4200-C,3631.42,sell,97.0,97.0,,,,,,1753313826.199
465,ETH-259348168,1753313826199,2,0.0001,0.000226,93.19,ETH-25JUL25-4200-C,3631.42,sell,1.0,1.0,,,,,,1753313826.199
469,ETH-259348181,1753313887767,3,0.0001,0.000197,93.11,ETH-25JUL25-4200-C,3632.12,sell,37.0,37.0,,,,,,1753313887.767
468,ETH-259348180,1753313887767,3,0.0001,0.000197,93.11,ETH-25JUL25-4200-C,3632.12,sell,20.0,20.0,,,,,,1753313887.767
467,ETH-259348179,1753313887767,3,0.0001,0.000197,93.11,ETH-25JUL25-4200-C,3632.12,sell,3.0,3.0,,,,,,1753313887.767
470,ETH-259348182,1753313887769,3,0.0001,0.000197,93.11,ETH-25JUL25-4200-C,3632.12,buy,40.0,40.0,,,,,,1753313887.769
471,ETH-259348184,1753313895340,3,0.0001,0.000197,93.1,ETH-25JUL25-4200-C,3632.15,buy,100.0,100.0,,,,,,1753313895.34
472,ETH-259348191,1753313902071,3,0.0001,0.000198,92.97,ETH-25JUL25-4200-C,3632.94,buy,100.0,100.0,,,,,,1753313902.071
473,ETH-259348193,1753313908166,3,0.0001,0.000202,92.86,ETH-25JUL25-4200-C,3633.6,buy,100.0,100.0,,,,,,1753313908.166
474,ETH-259348196,1753313913662,3,0.0001,0.000201,92.89,ETH-25JUL25-4200-C,3633.56,buy,79.0,79.0,,,,,,1753313913.662
475,ETH-259348197,1753313913667,3,0.0001,0.000201,92.89,ETH-25JUL25-4200-C,3633.56,buy,21.0,21.0,,,,,,1753313913.667
476,ETH-259348199,1753313919730,3,0.0001,0.0002,92.97,ETH-25JUL25-4200-C,3633.11,buy,20.0,20.0,,,,,,1753313919.73
477,ETH-259348200,1753313919733,3,0.0001,0.0002,92.97,ETH-25JUL25-4200-C,3633.11,buy,8.0,8.0,,,,,,1753313919.733
478,ETH-259348201,1753313920838,3,0.0001,0.0002,92.97,ETH-25JUL25-4200-C,3633.15,buy,20.0,20.0,,,,,,1753313920.838
479,ETH-259348202,1753313932094,3,0.0001,0.000199,92.94,ETH-25JUL25-4200-C,3633.34,buy,52.0,52.0,,,,,,1753313932.094
480,ETH-259384272,1753339640006,3,0.0001,8e-06,122.04,ETH-25JUL25-4200-C,3539.34,buy,250.0,250.0,,,,,,1753339640.006
481,ETH-259384273,1753339640006,3,0.0001,8e-06,122.04,ETH-25JUL25-4200-C,3539.34,buy,16.0,16.0,,,,,,1753339640.006
482,ETH-259384286,1753339640278,3,0.0001,8e-06,122.04,ETH-25JUL25-4200-C,3539.34,sell,534.0,534.0,,,,,,1753339640.278
483,ETH-259490662,1753371822735,3,0.0001,3.7e-05,108.39,ETH-25JUL25-4200-C,3738.02,sell,1.0,1.0,,,,,,1753371822.735
484,ETH-259499614,1753376292960,3,0.0001,6e-06,126.19,ETH-25JUL25-4200-C,3678.83,buy,1.0,1.0,,,,,,1753376292.96
485,ETH-259499833,1753376385313,3,0.0001,8e-06,123.97,ETH-25JUL25-4200-C,3688.88,buy,2.0,2.0,,,,,,1753376385.313
486,ETH-259499834,1753376385315,3,0.0001,8e-06,123.97,ETH-25JUL25-4200-C,3688.88,sell,1.0,1.0,,,,,,1753376385.315
