trade_seq,trade_id,timestamp,tick_direction,price,mark_price,iv,instrument_name,index_price,direction,contracts,amount,block_trade_leg_count,block_trade_id,combo_id,combo_trade_id,liquidation,block_rfq_id,unix_sec
2001,ETH-256161534,1751303643015,0,0.032,0.031835,61.94,ETH-25JUL25-2700-C,2479.28,buy,1.0,1.0,,,,,,,1751303643.015
2002,ETH-256161836,1751303653196,0,0.0325,0.03235,61.94,ETH-25JUL25-2700-C,2483.36,buy,1.0,1.0,,,,,,,1751303653.196
2003,ETH-256171257,1751311429233,0,0.0355,0.035382,61.89,ETH-25JUL25-2700-C,2508.79,buy,1.0,1.0,,,,,,,1751311429.233
2004,ETH-256171258,1751311429233,1,0.0355,0.035382,61.89,ETH-25JUL25-2700-C,2508.79,buy,12.0,12.0,,,,,,,1751311429.233
2005,ETH-256171259,1751311429717,1,0.0355,0.035382,61.89,ETH-25JUL25-2700-C,2508.79,sell,20.0,20.0,,,,,,,1751311429.717
2006,ETH-256171261,1751311430283,1,0.0355,0.035357,61.89,ETH-25JUL25-2700-C,2508.81,sell,119.0,119.0,,,,,,,1751311430.283
2007,ETH-256173246,1751312909587,0,0.036,0.035674,62.09,ETH-25JUL25-2700-C,2511.7,buy,1.0,1.0,,,,,,,1751312909.587
2008,ETH-256175567,1751313960400,2,0.035,0.035073,61.49,ETH-25JUL25-2700-C,2508.57,buy,1.0,1.0,,,,,,,1751313960.4
2009,ETH-256177090,1751314889850,0,0.0365,0.036502,61.44,ETH-25JUL25-2700-C,2520.73,sell,10.0,10.0,,,,,,,1751314889.85
2010,ETH-256181630,1751319947918,2,0.0335,0.033113,61.78,ETH-25JUL25-2700-C,2494.25,buy,5.0,5.0,,,,,,,1751319947.918
2011,ETH-256181803,1751320320329,2,0.033,0.032905,61.56,ETH-25JUL25-2700-C,2491.84,sell,5.0,5.0,,,,,,,1751320320.329
2013,ETH-256182520,1751320867760,3,0.033,0.032978,61.43,ETH-25JUL25-2700-C,2492.79,buy,4.0,4.0,,,,,,,1751320867.76
2012,ETH-256182519,1751320867760,3,0.033,0.032978,61.43,ETH-25JUL25-2700-C,2492.79,buy,1.0,1.0,,,,,,,1751320867.76
2014,ETH-256182582,1751320874861,3,0.033,0.03293,61.47,ETH-25JUL25-2700-C,2492.51,buy,5.0,5.0,,,,,,,1751320874.861
2015,ETH-256182585,1751320885365,3,0.033,0.032927,61.48,ETH-25JUL25-2700-C,2492.49,buy,5.0,5.0,,,,,,,1751320885.365
2016,ETH-256182596,1751320890234,3,0.033,0.03282,61.64,ETH-25JUL25-2700-C,2491.33,sell,5.0,5.0,,,,,,,1751320890.234
2017,ETH-256184356,1751322494578,2,0.0325,0.032519,61.1,ETH-25JUL25-2700-C,2491.19,buy,30.0,30.0,,,,,,,1751322494.578
2018,ETH-256184362,1751322504664,3,0.0325,0.032499,61.1,ETH-25JUL25-2700-C,2491.16,buy,13.0,13.0,,,,,,,1751322504.664
2019,ETH-256184365,1751322508692,3,0.0325,0.032497,61.1,ETH-25JUL25-2700-C,2491.15,buy,2.0,2.0,,,,,,,1751322508.692
2020,ETH-256184366,1751322511708,3,0.0325,0.032497,61.1,ETH-25JUL25-2700-C,2491.15,buy,2.0,2.0,,,,,,,1751322511.708
2021,ETH-256184370,1751322520785,3,0.0325,0.032502,61.1,ETH-25JUL25-2700-C,2491.14,buy,4.0,4.0,,,,,,,1751322520.785
2022,ETH-256184406,1751322556215,2,0.032,0.032438,60.62,ETH-25JUL25-2700-C,2490.76,sell,51.0,51.0,,,,,,,1751322556.215
2023,ETH-256184411,1751322557905,0,0.0325,0.032438,61.15,ETH-25JUL25-2700-C,2490.76,buy,8.0,8.0,,,,,,,1751322557.905
2024,ETH-256184459,1751322618952,2,0.032,0.032565,60.48,ETH-25JUL25-2700-C,2491.8,sell,8.0,8.0,,,,,,,1751322618.952
2025,ETH-256185194,1751323665295,0,0.0325,0.032419,61.11,ETH-25JUL25-2700-C,2491.66,buy,30.0,30.0,,,,,,,1751323665.295
2026,ETH-256185248,1751323726869,2,0.0315,0.03213,60.25,ETH-25JUL25-2700-C,2489.99,sell,30.0,30.0,,,,,,,1751323726.869
2027,ETH-256185419,1751324083686,0,0.0325,0.032488,60.91,ETH-25JUL25-2700-C,2492.96,buy,30.0,30.0,,,,,,,1751324083.686
2028,ETH-256185434,1751324145425,2,0.032,0.032437,60.41,ETH-25JUL25-2700-C,2492.91,sell,30.0,30.0,,,,,,,1751324145.425
2029,ETH-256185436,1751324146909,0,0.0325,0.032442,60.94,ETH-25JUL25-2700-C,2492.86,buy,16.0,16.0,,,,,,,1751324146.909
2030,ETH-256185458,1751324208074,2,0.032,0.032331,60.53,ETH-25JUL25-2700-C,2491.97,sell,16.0,16.0,,,,,,,1751324208.074
2031,ETH-256185796,1751324692847,3,0.032,0.031949,60.9,ETH-25JUL25-2700-C,2489.1,buy,30.0,30.0,,,,,,,1751324692.847
2032,ETH-256185801,1751324701384,3,0.032,0.031928,60.92,ETH-25JUL25-2700-C,2488.9,buy,9.0,9.0,,,,,,,1751324701.384
2033,ETH-256185804,1751324715088,3,0.032,0.031954,60.9,ETH-25JUL25-2700-C,2488.97,buy,2.0,2.0,,,,,,,1751324715.088
2034,ETH-256185840,1751324753627,3,0.032,0.032275,60.54,ETH-25JUL25-2700-C,2491.65,sell,36.0,36.0,,,,,,,1751324753.627
2035,ETH-256185841,1751324753629,3,0.032,0.032275,60.54,ETH-25JUL25-2700-C,2491.65,sell,77.0,77.0,,,,,,,1751324753.629
2036,ETH-256185932,1751325071568,0,0.0325,0.032502,60.8,ETH-25JUL25-2700-C,2493.73,buy,30.0,30.0,,,,,,,1751325071.568
2037,ETH-256185939,1751325124213,2,0.032,0.032434,60.33,ETH-25JUL25-2700-C,2493.42,sell,12.0,12.0,,,,,,,1751325124.213
2038,ETH-256185940,1751325124213,3,0.032,0.032434,60.33,ETH-25JUL25-2700-C,2493.42,sell,38.0,38.0,,,,,,,1751325124.213
2039,ETH-256185941,1751325124435,3,0.032,0.032434,60.33,ETH-25JUL25-2700-C,2493.42,sell,80.0,80.0,,,,,,,1751325124.435
2040,ETH-256185997,1751325215497,3,0.032,0.032587,60.15,ETH-25JUL25-2700-C,2494.85,sell,80.0,80.0,,,,,,,1751325215.497
2041,ETH-256185998,1751325215719,3,0.032,0.032587,60.15,ETH-25JUL25-2700-C,2494.85,sell,80.0,80.0,,,,,,,1751325215.719
2042,ETH-256186188,1751325725727,3,0.032,0.031994,60.7,ETH-25JUL25-2700-C,2490.85,buy,30.0,30.0,,,,,,,1751325725.727
2043,ETH-256186196,1751325738223,3,0.032,0.031997,60.7,ETH-25JUL25-2700-C,2490.89,buy,12.0,12.0,,,,,,,1751325738.223
2044,ETH-256186202,1751325744274,3,0.032,0.031994,60.7,ETH-25JUL25-2700-C,2490.89,buy,1.0,1.0,,,,,,,1751325744.274
2045,ETH-256186210,1751325751314,3,0.032,0.031994,60.7,ETH-25JUL25-2700-C,2490.89,buy,1.0,1.0,,,,,,,1751325751.314
2046,ETH-256186219,1751325762393,3,0.032,0.031996,60.7,ETH-25JUL25-2700-C,2490.92,buy,1.0,1.0,,,,,,,1751325762.393
2047,ETH-256186243,1751325787674,2,0.0315,0.03202,60.13,ETH-25JUL25-2700-C,2491.16,sell,45.0,45.0,,,,,,,1751325787.674
2048,ETH-256186388,1751325947545,0,0.032,0.031962,60.74,ETH-25JUL25-2700-C,2490.62,buy,19.0,19.0,,,,,,,1751325947.545
2049,ETH-256186446,1751326008903,2,0.0315,0.031859,60.28,ETH-25JUL25-2700-C,2490.03,sell,19.0,19.0,,,,,,,1751326008.903
2050,ETH-256186449,1751326010376,0,0.032,0.031862,60.81,ETH-25JUL25-2700-C,2490.05,buy,7.0,7.0,,,,,,,1751326010.376
2051,ETH-256186502,1751326071980,2,0.0315,0.031924,60.21,ETH-25JUL25-2700-C,2490.62,sell,7.0,7.0,,,,,,,1751326071.98
2052,ETH-256186578,1751326236721,0,0.032,0.032061,60.7,ETH-25JUL25-2700-C,2491.07,buy,6.0,6.0,,,,,,,1751326236.721
2053,ETH-256186633,1751326297977,2,0.0315,0.031741,60.44,ETH-25JUL25-2700-C,2489.27,sell,6.0,6.0,,,,,,,1751326297.977
2054,ETH-256187356,1751327290045,3,0.0315,0.031571,60.71,ETH-25JUL25-2700-C,2486.72,sell,80.0,80.0,,,,,,,1751327290.045
2055,ETH-256187357,1751327290047,3,0.0315,0.031571,60.71,ETH-25JUL25-2700-C,2486.72,sell,75.0,75.0,,,,,,,1751327290.047
2056,ETH-256187419,1751327350970,2,0.031,0.03158,60.07,ETH-25JUL25-2700-C,2487.6,sell,5.0,5.0,,,,,,,1751327350.97
2057,ETH-256188209,1751328471600,3,0.031,0.031624,59.9,ETH-25JUL25-2700-C,2489.05,sell,79.0,79.0,,,,,,,1751328471.6
2058,ETH-256188210,1751328471822,3,0.031,0.031624,59.9,ETH-25JUL25-2700-C,2489.05,sell,79.0,79.0,,,,,,,1751328471.822
2059,ETH-256188377,1751328781839,0,0.0315,0.03203,59.95,ETH-25JUL25-2700-C,2493.05,sell,4.0,4.0,,,,,,,1751328781.839
2060,ETH-256188378,1751328781840,1,0.0315,0.03203,59.95,ETH-25JUL25-2700-C,2493.05,sell,4.0,4.0,,,,,,,1751328781.84
2061,ETH-256188790,1751329602882,2,0.031,0.031162,60.26,ETH-25JUL25-2700-C,2486.73,sell,12.0,12.0,,,,,,,1751329602.882
2062,ETH-256188791,1751329602882,2,0.0305,0.031162,59.73,ETH-25JUL25-2700-C,2486.73,sell,36.0,36.0,,,,,,,1751329602.882
2063,ETH-256188792,1751329602882,3,0.0305,0.031162,59.73,ETH-25JUL25-2700-C,2486.73,sell,32.0,32.0,,,,,,,1751329602.882
2064,ETH-256188793,1751329603103,3,0.0305,0.031162,59.73,ETH-25JUL25-2700-C,2486.73,sell,80.0,80.0,,,,,,,1751329603.103
2065,ETH-256188858,1751329786697,0,0.031,0.03105,60.41,ETH-25JUL25-2700-C,2485.59,buy,30.0,30.0,,,,,,,1751329786.697
2066,ETH-256189201,1751329826990,2,0.0305,0.03055,60.4,ETH-25JUL25-2700-C,2481.67,buy,21.0,21.0,,,,,,,1751329826.99
2067,ETH-256189231,1751329848034,2,0.03,0.030382,60.04,ETH-25JUL25-2700-C,2480.31,sell,80.0,80.0,,,,,,,1751329848.034
2068,ETH-256189232,1751329848036,3,0.03,0.030382,60.04,ETH-25JUL25-2700-C,2480.31,sell,29.0,29.0,,,,,,,1751329848.036
2069,ETH-256189661,1751330225472,0,0.0305,0.030907,59.96,ETH-25JUL25-2700-C,2485.4,sell,28.0,28.0,,,,,,,1751330225.472
2070,ETH-256189662,1751330225474,1,0.0305,0.030907,59.96,ETH-25JUL25-2700-C,2485.4,sell,24.0,24.0,,,,,,,1751330225.474
2071,ETH-256189663,1751330225474,1,0.0305,0.030907,59.96,ETH-25JUL25-2700-C,2485.4,sell,4.0,4.0,,,,,,,1751330225.474
2072,ETH-256197525,1751345176108,2,0.029,0.029116,59.74,ETH-25JUL25-2700-C,2475.15,buy,2.0,2.0,,,,,,,1751345176.108
2073,ETH-256197526,1751345176194,3,0.029,0.029116,59.74,ETH-25JUL25-2700-C,2475.15,buy,1.0,1.0,,,,,,,1751345176.194
2074,ETH-256204905,1751354283516,2,0.027,0.026919,60.07,ETH-25JUL25-2700-C,2456.0,sell,1.0,1.0,,,,,,,1751354283.516
2075,ETH-256209292,1751357404683,3,0.027,0.027197,59.68,ETH-25JUL25-2700-C,2460.49,buy,3.0,3.0,,,,,,,1751357404.683
2076,ETH-256210132,1751358147398,0,0.0275,0.027034,60.35,ETH-25JUL25-2700-C,2459.66,buy,1.0,1.0,,,,,,,1751358147.398
2077,ETH-256211568,1751359378116,2,0.026,0.026444,59.26,ETH-25JUL25-2700-C,2454.7,sell,1.0,1.0,,,,,,,1751359378.116
2078,ETH-256212049,1751360232368,0,0.0265,0.025957,60.14,ETH-25JUL25-2700-C,2452.29,buy,1.0,1.0,,,,,,,1751360232.368
2079,ETH-256212069,1751360288845,1,0.0265,0.026066,60.02,ETH-25JUL25-2700-C,2453.0,buy,1.0,1.0,,,,,,,1751360288.845
2080,ETH-256212098,1751360305690,1,0.0265,0.026103,59.95,ETH-25JUL25-2700-C,2453.54,buy,1.0,1.0,,,,,,,1751360305.69
2081,ETH-256212105,1751360311904,1,0.0265,0.026136,59.94,ETH-25JUL25-2700-C,2453.58,buy,1.0,1.0,,,,,,,1751360311.904
2082,ETH-256212109,1751360357500,1,0.0265,0.026136,59.93,ETH-25JUL25-2700-C,2453.68,buy,1.0,1.0,,,,,,,1751360357.5
2083,ETH-256212111,1751360369853,1,0.0265,0.026125,59.94,ETH-25JUL25-2700-C,2453.61,buy,1.0,1.0,,,,,,,1751360369.853
2084,ETH-256212113,1751360377095,1,0.0265,0.026145,59.91,ETH-25JUL25-2700-C,2453.8,buy,1.0,1.0,,,,,,,1751360377.095
2085,ETH-256212117,1751360386931,1,0.0265,0.026146,59.93,ETH-25JUL25-2700-C,2453.71,buy,1.0,1.0,,,,,,,1751360386.931
2086,ETH-256212119,1751360392720,1,0.0265,0.02614,59.92,ETH-25JUL25-2700-C,2453.74,buy,1.0,1.0,,,,,,,1751360392.72
2087,ETH-256212123,1751360401126,1,0.0265,0.026136,59.93,ETH-25JUL25-2700-C,2453.73,buy,1.0,1.0,,,,,,,1751360401.126
2088,ETH-256214207,1751363825962,1,0.0265,0.026352,59.37,ETH-25JUL25-2700-C,2458.32,buy,1.0,1.0,,,,,,,1751363825.962
2089,ETH-256214212,1751363835308,1,0.0265,0.026352,59.37,ETH-25JUL25-2700-C,2458.38,buy,1.0,1.0,,,,,,,1751363835.308
2090,ETH-256214225,1751363842494,1,0.0265,0.026367,59.32,ETH-25JUL25-2700-C,2458.75,buy,1.0,1.0,,,,,,,1751363842.494
2091,ETH-256214265,1751363892692,1,0.0265,0.026247,59.46,ETH-25JUL25-2700-C,2457.66,buy,1.0,1.0,,,,,,,1751363892.692
2092,ETH-256214274,1751363902046,1,0.0265,0.02627,59.44,ETH-25JUL25-2700-C,2457.88,buy,1.0,1.0,,,,,,,1751363902.046
2093,ETH-256214280,1751363909759,1,0.0265,0.026245,59.46,ETH-25JUL25-2700-C,2457.71,buy,1.0,1.0,,,,,,,1751363909.759
2094,ETH-256214310,1751363974121,1,0.0265,0.026232,59.46,ETH-25JUL25-2700-C,2457.78,buy,1.0,1.0,,,,,,,1751363974.121
2095,ETH-256214319,1751363981291,1,0.0265,0.02621,59.48,ETH-25JUL25-2700-C,2457.64,buy,1.0,1.0,,,,,,,1751363981.291
2096,ETH-256214375,1751364027100,1,0.0265,0.026109,59.59,ETH-25JUL25-2700-C,2456.78,buy,1.0,1.0,,,,,,,1751364027.1
2097,ETH-256214401,1751364041527,1,0.0265,0.026173,59.51,ETH-25JUL25-2700-C,2457.44,buy,1.0,1.0,,,,,,,1751364041.527
2098,ETH-256214411,1751364048355,1,0.0265,0.026137,59.55,ETH-25JUL25-2700-C,2457.12,buy,1.0,1.0,,,,,,,1751364048.355
2099,ETH-256214416,1751364057162,1,0.0265,0.026125,59.55,ETH-25JUL25-2700-C,2457.18,buy,1.0,1.0,,,,,,,1751364057.162
2100,ETH-256214525,1751364167887,1,0.0265,0.026192,59.48,ETH-25JUL25-2700-C,2457.71,buy,1.0,1.0,,,,,,,1751364167.887
2101,ETH-256219858,1751371024722,2,0.025,0.024688,58.98,ETH-25JUL25-2700-C,2449.1,buy,1.0,1.0,,,,,,,1751371024.722
2102,ETH-256219859,1751371032215,3,0.025,0.024691,58.96,ETH-25JUL25-2700-C,2449.26,buy,1.0,1.0,,,,,,,1751371032.215
2103,ETH-256219862,1751371040091,3,0.025,0.024701,58.96,ETH-25JUL25-2700-C,2449.3,buy,1.0,1.0,,,,,,,1751371040.091
2104,ETH-256219868,1751371047894,3,0.025,0.024668,59.0,ETH-25JUL25-2700-C,2448.94,buy,1.0,1.0,,,,,,,1751371047.894
2105,ETH-256219882,1751371062103,3,0.025,0.024655,59.05,ETH-25JUL25-2700-C,2448.55,buy,1.0,1.0,,,,,,,1751371062.103
2106,ETH-256219887,1751371069309,3,0.025,0.024595,59.08,ETH-25JUL25-2700-C,2448.38,buy,1.0,1.0,,,,,,,1751371069.309
2107,ETH-256219896,1751371090621,3,0.025,0.024557,59.12,ETH-25JUL25-2700-C,2448.12,buy,1.0,1.0,,,,,,,1751371090.621
2108,ETH-256219898,1751371100043,3,0.025,0.024541,59.14,ETH-25JUL25-2700-C,2447.93,buy,1.0,1.0,,,,,,,1751371100.043
2109,ETH-256219915,1751371123916,3,0.025,0.024612,59.05,ETH-25JUL25-2700-C,2448.63,buy,1.0,1.0,,,,,,,1751371123.916
2110,ETH-256219919,1751371131162,3,0.025,0.024602,59.06,ETH-25JUL25-2700-C,2448.51,buy,1.0,1.0,,,,,,,1751371131.162
2111,ETH-256219920,1751371135100,3,0.025,0.024609,59.06,ETH-25JUL25-2700-C,2448.55,buy,1.0,1.0,,,,,,,1751371135.1
2112,ETH-256219927,1751371143156,3,0.025,0.02459,59.07,ETH-25JUL25-2700-C,2448.46,buy,1.0,1.0,,,,,,,1751371143.156
2113,ETH-256219928,1751371149287,3,0.025,0.024583,59.08,ETH-25JUL25-2700-C,2448.38,buy,1.0,1.0,,,,,,,1751371149.287
2114,ETH-256219955,1751371177563,3,0.025,0.024672,58.97,ETH-25JUL25-2700-C,2449.26,sell,1.0,1.0,,,,,,,1751371177.563
2115,ETH-256219973,1751371201781,3,0.025,0.024742,58.89,ETH-25JUL25-2700-C,2449.91,sell,1.0,1.0,,,,,,,1751371201.781
2116,ETH-256219990,1751371221460,3,0.025,0.024686,58.95,ETH-25JUL25-2700-C,2449.42,buy,1.0,1.0,,,,,,,1751371221.46
2117,ETH-256220003,1751371229256,3,0.025,0.024748,58.89,ETH-25JUL25-2700-C,2449.85,sell,1.0,1.0,,,,,,,1751371229.256
2118,ETH-256220008,1751371240994,3,0.025,0.024712,58.95,ETH-25JUL25-2700-C,2449.44,sell,1.0,1.0,,,,,,,1751371240.994
2119,ETH-256220023,1751371268361,3,0.025,0.02474,58.92,ETH-25JUL25-2700-C,2449.65,sell,1.0,1.0,,,,,,,1751371268.361
2120,ETH-256220051,1751371289994,3,0.025,0.024798,58.86,ETH-25JUL25-2700-C,2450.1,sell,1.0,1.0,,,,,,,1751371289.994
2121,ETH-256220057,1751371310262,3,0.025,0.024777,58.88,ETH-25JUL25-2700-C,2449.92,sell,1.0,1.0,,,,,,,1751371310.262
2122,ETH-256220071,1751371339656,3,0.025,0.024777,58.88,ETH-25JUL25-2700-C,2449.98,buy,1.0,1.0,,,,,,,1751371339.656
2123,ETH-256220083,1751371351309,3,0.025,0.02479,58.87,ETH-25JUL25-2700-C,2450.0,sell,1.0,1.0,,,,,,,1751371351.309
2124,ETH-256220085,1751371355882,3,0.025,0.0248,58.86,ETH-25JUL25-2700-C,2450.08,sell,1.0,1.0,,,,,,,1751371355.882
2125,ETH-256220109,1751371380944,3,0.025,0.024804,58.87,ETH-25JUL25-2700-C,2450.03,sell,1.0,1.0,,,,,,,1751371380.944
2126,ETH-256220113,1751371389338,3,0.025,0.024839,58.82,ETH-25JUL25-2700-C,2450.38,sell,1.0,1.0,,,,,,,1751371389.338
2127,ETH-256220122,1751371406705,3,0.025,0.024865,58.81,ETH-25JUL25-2700-C,2450.48,sell,1.0,1.0,,,,,,,1751371406.705
2128,ETH-256223693,1751374601783,2,0.023,0.023419,57.97,ETH-25JUL25-2700-C,2438.44,sell,11.0,11.0,,,,,,,1751374601.783
2129,ETH-256225781,1751377012480,0,0.0245,0.024558,58.61,ETH-25JUL25-2700-C,2447.97,buy,17.0,17.0,,,,,,,1751377012.48
2130,ETH-256228074,1751378252240,1,0.0245,0.024284,59.18,ETH-25JUL25-2700-C,2442.96,sell,1.0,1.0,,,,,,,1751378252.24
2131,ETH-256228528,1751378465836,0,0.025,0.024553,59.53,ETH-25JUL25-2700-C,2445.39,buy,1.0,1.0,,,,,,,1751378465.836
2132,ETH-256228540,1751378474234,1,0.025,0.024572,59.5,ETH-25JUL25-2700-C,2445.63,sell,1.0,1.0,,,,,,,1751378474.234
2133,ETH-256228587,1751378490015,1,0.025,0.024736,59.36,ETH-25JUL25-2700-C,2446.67,sell,1.0,1.0,,,,,,,1751378490.015
2135,ETH-256229636,1751379039951,1,0.0255,0.024888,59.74,ETH-25JUL25-2700-C,2448.63,buy,2.0,2.0,,,,,,,1751379039.951
2134,ETH-256229635,1751379039951,0,0.0255,0.024888,59.74,ETH-25JUL25-2700-C,2448.63,buy,1.0,1.0,,,,,,,1751379039.951
2136,ETH-256236999,1751382032438,2,0.0225,0.022096,59.72,ETH-25JUL25-2700-C,2419.51,buy,1.0,1.0,,,,,,,1751382032.438
2138,ETH-256248256,1751395531737,3,0.0225,0.022066,59.4,ETH-25JUL25-2700-C,2423.54,buy,15.0,15.0,,,,,,,1751395531.737
2137,ETH-256248255,1751395531737,3,0.0225,0.022066,59.4,ETH-25JUL25-2700-C,2423.54,buy,1.0,1.0,,,,,,,1751395531.737
2139,ETH-256250064,1751396325237,2,0.0205,0.021007,58.58,ETH-25JUL25-2700-C,2410.3,sell,1.0,1.0,,,,,,,1751396325.237
2140,ETH-256271407,1751414405894,3,0.0205,0.020181,59.39,ETH-25JUL25-2700-C,2405.54,buy,1.0,1.0,,,,,,,1751414405.894
2141,ETH-256271411,1751414407706,3,0.0205,0.020178,59.43,ETH-25JUL25-2700-C,2405.23,buy,1.0,1.0,,,,,,,1751414407.706
2142,ETH-256271421,1751414425459,3,0.0205,0.020065,59.54,ETH-25JUL25-2700-C,2404.53,buy,1.0,1.0,,,,,,,1751414425.459
2143,ETH-256271422,1751414431106,3,0.0205,0.020026,59.59,ETH-25JUL25-2700-C,2404.13,buy,1.0,1.0,,,,,,,1751414431.106
2144,ETH-256271428,1751414443074,3,0.0205,0.020033,59.57,ETH-25JUL25-2700-C,2404.27,buy,1.0,1.0,,,,,,,1751414443.074
2145,ETH-256271433,1751414452979,3,0.0205,0.020027,59.58,ETH-25JUL25-2700-C,2404.17,buy,1.0,1.0,,,,,,,1751414452.979
2146,ETH-256276791,1751419095637,2,0.019,0.018258,60.24,ETH-25JUL25-2700-C,2382.68,buy,1.0,1.0,,,,,,,1751419095.637
2147,ETH-256286123,1751427122772,0,0.022,0.021919,58.79,ETH-25JUL25-2700-C,2427.67,sell,5.0,5.0,,,,,,,1751427122.772
2148,ETH-256287075,1751428622237,0,0.0225,0.022038,59.14,ETH-25JUL25-2700-C,2429.86,buy,1.0,1.0,,,,,,,1751428622.237
2149,ETH-256287079,1751428630868,1,0.0225,0.02203,59.15,ETH-25JUL25-2700-C,2429.76,buy,1.0,1.0,,,,,,,1751428630.868
2150,ETH-256287081,1751428637555,1,0.0225,0.02202,59.15,ETH-25JUL25-2700-C,2429.73,buy,1.0,1.0,,,,,,,1751428637.555
2151,ETH-256287084,1751428644706,1,0.0225,0.02203,59.14,ETH-25JUL25-2700-C,2429.84,buy,1.0,1.0,,,,,,,1751428644.706
2152,ETH-256287126,1751428711185,1,0.0225,0.022119,59.0,ETH-25JUL25-2700-C,2430.89,buy,1.0,1.0,,,,,,,1751428711.185
2153,ETH-256287143,1751428752187,1,0.0225,0.022137,59.01,ETH-25JUL25-2700-C,2430.78,buy,1.0,1.0,,,,,,,1751428752.187
2154,ETH-256287235,1751428838636,1,0.0225,0.022025,59.14,ETH-25JUL25-2700-C,2429.83,buy,1.0,1.0,,,,,,,1751428838.636
2155,ETH-256287392,1751429006392,2,0.022,0.021824,58.79,ETH-25JUL25-2700-C,2427.94,buy,1.0,1.0,,,,,,,1751429006.392
2157,ETH-256288406,1751431273728,1,0.0225,0.022285,58.58,ETH-25JUL25-2700-C,2434.73,buy,1.0,1.0,,,,,,,1751431273.728
2156,ETH-256288405,1751431273728,0,0.0225,0.022285,58.58,ETH-25JUL25-2700-C,2434.73,buy,1.0,1.0,,,,,,,1751431273.728
2158,ETH-256288407,1751431273731,1,0.0225,0.022285,58.58,ETH-25JUL25-2700-C,2434.73,sell,48.0,48.0,,,,,,,1751431273.731
2159,ETH-256293976,1751439486838,0,0.024,0.023874,58.35,ETH-25JUL25-2700-C,2452.46,buy,1.0,1.0,,,,,,,1751439486.838
2160,ETH-256293987,1751439497463,1,0.024,0.023885,58.31,ETH-25JUL25-2700-C,2452.7,sell,1.0,1.0,,,,,,,1751439497.463
2161,ETH-256293991,1751439505148,1,0.024,0.023915,58.32,ETH-25JUL25-2700-C,2452.6,sell,1.0,1.0,,,,,,,1751439505.148
2162,ETH-256294002,1751439515041,1,0.024,0.023841,58.39,ETH-25JUL25-2700-C,2452.09,sell,1.0,1.0,,,,,,,1751439515.041
2163,ETH-256294085,1751439645687,1,0.024,0.023784,58.5,ETH-25JUL25-2700-C,2451.3,sell,1.0,1.0,,,,,,,1751439645.687
2164,ETH-256294090,1751439653422,1,0.024,0.023772,58.5,ETH-25JUL25-2700-C,2451.33,sell,1.0,1.0,,,,,,,1751439653.422
2165,ETH-256294108,1751439671353,1,0.024,0.023871,58.4,ETH-25JUL25-2700-C,2452.09,sell,1.0,1.0,,,,,,,1751439671.353
2166,ETH-256294158,1751439727490,1,0.024,0.023842,58.5,ETH-25JUL25-2700-C,2451.31,sell,1.0,1.0,,,,,,,1751439727.49
2167,ETH-256294190,1751439780596,1,0.024,0.023826,58.46,ETH-25JUL25-2700-C,2451.59,sell,1.0,1.0,,,,,,,1751439780.596
2168,ETH-256296057,1751440954948,2,0.0225,0.023268,57.42,ETH-25JUL25-2700-C,2445.51,sell,1.0,1.0,,,,,,,1751440954.948
2169,ETH-256297449,1751443023709,0,0.0235,0.023439,58.37,ETH-25JUL25-2700-C,2448.75,sell,1.0,1.0,,,,,,,1751443023.709
2170,ETH-256297451,1751443024474,1,0.0235,0.023439,58.37,ETH-25JUL25-2700-C,2448.75,sell,1.0,1.0,,,,,,,1751443024.474
2171,ETH-256297457,1751443034020,1,0.0235,0.023446,58.36,ETH-25JUL25-2700-C,2448.8,sell,1.0,1.0,,,,,,,1751443034.02
2172,ETH-256297467,1751443045584,1,0.0235,0.023426,58.38,ETH-25JUL25-2700-C,2448.62,sell,1.0,1.0,,,,,,,1751443045.584
2173,ETH-256297511,1751443083347,1,0.0235,0.023357,58.48,ETH-25JUL25-2700-C,2447.88,buy,1.0,1.0,,,,,,,1751443083.347
2174,ETH-256297532,1751443105221,1,0.0235,0.023389,58.44,ETH-25JUL25-2700-C,2448.24,sell,1.0,1.0,,,,,,,1751443105.221
2175,ETH-256297572,1751443121802,1,0.0235,0.023391,58.44,ETH-25JUL25-2700-C,2448.26,sell,1.0,1.0,,,,,,,1751443121.802
2176,ETH-256297583,1751443140562,1,0.0235,0.023385,58.44,ETH-25JUL25-2700-C,2448.22,sell,1.0,1.0,,,,,,,1751443140.562
2177,ETH-256303668,1751450414134,2,0.023,0.022947,57.73,ETH-25JUL25-2700-C,2449.69,sell,1.0,1.0,,,,,,,1751450414.134
2178,ETH-256305810,1751454308432,0,0.0235,0.023474,57.68,ETH-25JUL25-2700-C,2454.83,buy,1.0,1.0,,,,,,,1751454308.432
2179,ETH-256308693,1751457407112,2,0.023,0.022655,58.1,ETH-25JUL25-2700-C,2446.54,sell,1.0,1.0,,,,,,,1751457407.112
2180,ETH-256308699,1751457411119,3,0.023,0.022668,58.09,ETH-25JUL25-2700-C,2446.62,sell,1.0,1.0,,,,,,,1751457411.119
2181,ETH-256308703,1751457418387,3,0.023,0.022661,58.1,ETH-25JUL25-2700-C,2446.57,buy,1.0,1.0,,,,,,,1751457418.387
2182,ETH-256308704,1751457426837,3,0.023,0.022627,58.13,ETH-25JUL25-2700-C,2446.33,buy,1.0,1.0,,,,,,,1751457426.837
2183,ETH-256308705,1751457430335,3,0.023,0.022629,58.13,ETH-25JUL25-2700-C,2446.34,buy,1.0,1.0,,,,,,,1751457430.335
2184,ETH-256308707,1751457442242,3,0.023,0.022666,58.08,ETH-25JUL25-2700-C,2446.7,buy,1.0,1.0,,,,,,,1751457442.242
2185,ETH-256308717,1751457451049,3,0.023,0.022668,58.08,ETH-25JUL25-2700-C,2446.72,buy,1.0,1.0,,,,,,,1751457451.049
2186,ETH-256308722,1751457475805,3,0.023,0.022626,58.13,ETH-25JUL25-2700-C,2446.27,buy,1.0,1.0,,,,,,,1751457475.805
2187,ETH-256317178,1751466035033,0,0.024,0.024039,58.04,ETH-25JUL25-2700-C,2457.42,buy,1.0,1.0,,,,,,,1751466035.033
2188,ETH-256321371,1751468433612,0,0.026,0.025569,58.51,ETH-25JUL25-2700-C,2473.17,buy,1.0,1.0,,,,,,,1751468433.612
2189,ETH-256323804,1751469068012,0,0.0275,0.028101,57.82,ETH-25JUL25-2700-C,2490.98,sell,1.0,1.0,,,,,,,1751469068.012
2191,ETH-256326823,1751469411794,1,0.029,0.028643,58.86,ETH-25JUL25-2700-C,2496.82,sell,38.0,38.0,,,,,,,1751469411.794
2190,ETH-256326822,1751469411794,0,0.029,0.028643,58.86,ETH-25JUL25-2700-C,2496.82,sell,1.0,1.0,,,,,,,1751469411.794
2192,ETH-256326824,1751469411802,1,0.029,0.028643,58.86,ETH-25JUL25-2700-C,2496.82,sell,1.0,1.0,,,,,,,1751469411.802
2193,ETH-256327700,1751469678028,1,0.029,0.028725,58.95,ETH-25JUL25-2700-C,2496.53,sell,1.0,1.0,,,,,,,1751469678.028
2194,ETH-256329218,1751470231852,2,0.0285,0.028535,58.63,ETH-25JUL25-2700-C,2494.37,sell,1.0,1.0,,,,,,,1751470231.852
2195,ETH-256343178,1751473567144,0,0.035,0.034789,59.82,ETH-25JUL25-2700-C,2536.62,sell,1.0,1.0,,,,,,,1751473567.144
2196,ETH-256350566,1751475622717,0,0.04,0.039498,60.68,ETH-25JUL25-2700-C,2567.56,buy,20.0,20.0,,,,,,,1751475622.717
2197,ETH-256354440,1751476622577,0,0.041,0.040391,60.84,ETH-25JUL25-2700-C,2573.79,buy,1.0,1.0,,,,,,,1751476622.577
2198,ETH-256357909,1751477109607,0,0.0435,0.043241,61.63,ETH-25JUL25-2700-C,2586.03,sell,81.0,81.0,,,,,,,1751477109.607
2199,ETH-256362580,1751478275316,2,0.0405,0.040752,61.58,ETH-25JUL25-2700-C,2565.54,buy,222.0,222.0,,,,,,,1751478275.316
2200,ETH-256363075,1751478465069,2,0.0395,0.039609,61.77,ETH-25JUL25-2700-C,2557.36,sell,1.0,1.0,,,,,,,1751478465.069
2201,ETH-256367695,1751480887307,0,0.042,0.041805,61.98,ETH-25JUL25-2700-C,2572.45,buy,2.0,2.0,,,,,,,1751480887.307
2202,ETH-256370234,1751482921097,0,0.043,0.042992,61.71,ETH-25JUL25-2700-C,2582.07,buy,2.0,2.0,,,,,,,1751482921.097
2203,ETH-256370842,1751483373074,2,0.0415,0.041692,61.7,ETH-25JUL25-2700-C,2572.06,buy,1.0,1.0,,,,,,,1751483373.074
2204,ETH-256371087,1751483500276,2,0.041,0.041451,61.29,ETH-25JUL25-2700-C,2570.94,sell,1.0,1.0,,,,,,,1751483500.276
2205,ETH-256372831,1751485856503,0,0.0435,0.043541,61.84,ETH-25JUL25-2700-C,2584.62,sell,1.0,1.0,,,,,,,1751485856.503
2206,ETH-256376382,1751486383260,0,0.0475,0.046841,62.82,ETH-25JUL25-2700-C,2605.09,sell,30.0,30.0,,,,,,,1751486383.26
2208,ETH-256376384,1751486383261,1,0.0475,0.046841,62.82,ETH-25JUL25-2700-C,2605.09,sell,85.0,85.0,,,,,,,1751486383.261
2207,ETH-256376383,1751486383261,1,0.0475,0.046841,62.82,ETH-25JUL25-2700-C,2605.09,sell,1.0,1.0,,,,,,,1751486383.261
2209,ETH-256376385,1751486383374,1,0.0475,0.046841,62.82,ETH-25JUL25-2700-C,2605.09,sell,95.0,95.0,,,,,,,1751486383.374
2210,ETH-256376386,1751486383452,1,0.0475,0.046841,62.82,ETH-25JUL25-2700-C,2605.09,sell,153.0,153.0,,,,,,,1751486383.452
2211,ETH-256376411,1751486384175,1,0.0475,0.04687,62.8,ETH-25JUL25-2700-C,2605.23,sell,105.0,105.0,,,,,,,1751486384.175
2212,ETH-256376904,1751486412250,1,0.0475,0.046686,63.23,ETH-25JUL25-2700-C,2602.49,sell,55.0,55.0,,,,,,,1751486412.25
2213,ETH-256376911,1751486413081,1,0.0475,0.046717,63.24,ETH-25JUL25-2700-C,2602.41,sell,129.0,129.0,,,,,,,1751486413.081
2214,ETH-256376986,1751486422867,1,0.0475,0.046809,63.37,ETH-25JUL25-2700-C,2601.48,sell,7.0,7.0,,,,,,,1751486422.867
2215,ETH-256376990,1751486422877,1,0.0475,0.046809,63.37,ETH-25JUL25-2700-C,2601.48,sell,5.0,5.0,,,,,,,1751486422.877
2216,ETH-256376992,1751486423193,1,0.0475,0.046809,63.37,ETH-25JUL25-2700-C,2601.48,sell,2.0,2.0,,,,,,,1751486423.193
2217,ETH-256376993,1751486423212,1,0.0475,0.046809,63.37,ETH-25JUL25-2700-C,2601.48,sell,1.0,1.0,,,,,,,1751486423.212
2218,ETH-256376994,1751486423267,1,0.0475,0.046809,63.37,ETH-25JUL25-2700-C,2601.48,sell,6.0,6.0,,,,,,,1751486423.267
2219,ETH-256376999,1751486423271,1,0.0475,0.046809,63.37,ETH-25JUL25-2700-C,2601.48,sell,3.0,3.0,,,,,,,1751486423.271
2220,ETH-256377000,1751486423275,1,0.0475,0.046809,63.37,ETH-25JUL25-2700-C,2601.48,sell,4.0,4.0,,,,,,,1751486423.275
2221,ETH-256377001,1751486423279,1,0.0475,0.046809,63.37,ETH-25JUL25-2700-C,2601.48,sell,1.0,1.0,,,,,,,1751486423.279
2222,ETH-256377002,1751486423354,1,0.0475,0.046809,63.37,ETH-25JUL25-2700-C,2601.48,sell,173.0,173.0,,,,,,,1751486423.354
2223,ETH-256377010,1751486423464,1,0.0475,0.046809,63.37,ETH-25JUL25-2700-C,2601.48,sell,2.0,2.0,,,,,,,1751486423.464
2224,ETH-256377011,1751486423471,1,0.0475,0.046809,63.37,ETH-25JUL25-2700-C,2601.48,sell,86.0,86.0,,,,,,,1751486423.471
2225,ETH-256377119,1751486430756,1,0.0475,0.046766,63.51,ETH-25JUL25-2700-C,2600.61,sell,8.0,8.0,,,,,,,1751486430.756
2226,ETH-256377122,1751486430764,1,0.0475,0.046766,63.51,ETH-25JUL25-2700-C,2600.61,sell,21.0,21.0,,,,,,,1751486430.764
2227,ETH-256377207,1751486451599,1,0.0475,0.046985,63.49,ETH-25JUL25-2700-C,2600.83,buy,84.0,84.0,,,,,,,1751486451.599
2228,ETH-256377216,1751486452587,1,0.0475,0.047035,63.42,ETH-25JUL25-2700-C,2601.21,buy,49.0,49.0,,,,,,,1751486452.587
2229,ETH-256379475,1751486807684,1,0.0475,0.047432,64.17,ETH-25JUL25-2700-C,2597.16,buy,6.0,6.0,,,,,,,1751486807.684
2230,ETH-256383021,1751488470148,0,0.0478,0.048165,63.82,ETH-25JUL25-2700-C,2601.37,sell,500.0,500.0,1.0,BLOCK-208310,,,,,1751488470.148
2231,ETH-256384390,1751489156118,0,0.049,0.048717,65.32,ETH-25JUL25-2700-C,2600.14,buy,7.0,7.0,,,,,,,1751489156.118
2232,ETH-256384391,1751489156887,1,0.049,0.048724,65.33,ETH-25JUL25-2700-C,2600.08,sell,25.0,25.0,,,,,,,1751489156.887
2233,ETH-256384392,1751489156909,1,0.049,0.048724,65.33,ETH-25JUL25-2700-C,2600.08,sell,1.0,1.0,,,,,,,1751489156.909
2236,ETH-256384431,1751489176857,1,0.05,0.048953,66.25,ETH-25JUL25-2700-C,2600.64,buy,387.0,387.0,,,,,,,1751489176.857
2235,ETH-256384430,1751489176857,0,0.05,0.048953,66.25,ETH-25JUL25-2700-C,2600.64,buy,20.0,20.0,,,,,,,1751489176.857
2234,ETH-256384429,1751489176857,0,0.0495,0.048953,65.74,ETH-25JUL25-2700-C,2600.64,buy,43.0,43.0,,,,,,,1751489176.857
2237,ETH-256384890,1751489592107,2,0.0485,0.048744,65.23,ETH-25JUL25-2700-C,2597.22,buy,1.0,1.0,,,,,,,1751489592.107
2238,ETH-256384964,1751489648278,0,0.049,0.048968,65.48,ETH-25JUL25-2700-C,2598.73,buy,1.0,1.0,,,,,,,1751489648.278
2239,ETH-256385192,1751489824717,2,0.0481,0.048327,65.28,ETH-25JUL25-2700-C,2593.99,sell,500.0,500.0,1.0,BLOCK-208313,,,,,1751489824.717
2240,ETH-256385479,1751490016849,2,0.0477,0.047958,65.11,ETH-25JUL25-2700-C,2592.13,sell,500.0,500.0,1.0,BLOCK-208316,,,,,1751490016.849
2241,ETH-256386172,1751490623397,2,0.047,0.047469,64.8,ETH-25JUL25-2700-C,2589.82,sell,250.0,250.0,,,,,,,1751490623.397
2242,ETH-256387471,1751491833578,2,0.0466,0.04678,64.57,ETH-25JUL25-2700-C,2589.14,sell,500.0,500.0,1.0,BLOCK-208319,,,,,1751491833.578
2243,ETH-256388958,1751493230584,0,0.0475,0.047703,64.42,ETH-25JUL25-2700-C,2596.5,sell,500.0,500.0,2.0,BLOCK-208320,ETH-STRG-25JUL25-2500_2700,,,7663.0,1751493230.584
2244,ETH-256391508,1751495105861,2,0.0465,0.046828,63.58,ETH-25JUL25-2700-C,2595.84,buy,250.0,250.0,1.0,BLOCK-208324,,,,,1751495105.861
2245,ETH-256391568,1751495214557,0,0.0466,0.046839,63.67,ETH-25JUL25-2700-C,2596.21,buy,250.0,250.0,1.0,BLOCK-208325,,,,,1751495214.557
2246,ETH-256392673,1751495702273,0,0.0505,0.050282,64.12,ETH-25JUL25-2700-C,2617.96,sell,160.0,160.0,,,,,,,1751495702.273
2247,ETH-256392674,1751495702274,1,0.0505,0.050282,64.12,ETH-25JUL25-2700-C,2617.96,sell,227.0,227.0,,,,,,,1751495702.274
2248,ETH-256392675,1751495702284,1,0.0505,0.050282,64.12,ETH-25JUL25-2700-C,2617.96,sell,1.0,1.0,,,,,,,1751495702.284
2249,ETH-256399001,1751499454150,2,0.045,0.045431,63.54,ETH-25JUL25-2700-C,2586.26,sell,3.0,3.0,,,,,,,1751499454.15
2250,ETH-256402385,1751502441862,2,0.042,0.042032,63.82,ETH-25JUL25-2700-C,2564.58,buy,20.0,20.0,,,,,,,1751502441.862
2251,ETH-256402386,1751502441862,3,0.042,0.042032,63.82,ETH-25JUL25-2700-C,2564.58,buy,20.0,20.0,,,,,,,1751502441.862
2252,ETH-256404190,1751504934828,0,0.043,0.043656,62.79,ETH-25JUL25-2700-C,2577.76,sell,250.0,250.0,1.0,BLOCK-208347,,,,,1751504934.828
2253,ETH-256404385,1751505184097,2,0.0429,0.043272,62.98,ETH-25JUL25-2700-C,2576.08,buy,250.0,250.0,1.0,BLOCK-208348,,,,,1751505184.097
2254,ETH-256404833,1751505807756,0,0.0443,0.044179,63.34,ETH-25JUL25-2700-C,2583.2,sell,25.0,25.0,,,ETH-DSTDC-26SEP25_25JUL25-2600_2700,ETH-256404830,,,1751505807.756
2255,ETH-256411722,1751517399411,2,0.042,0.041578,63.12,ETH-25JUL25-2700-C,2570.32,buy,17.0,17.0,,,,,,,1751517399.411
2256,ETH-256411723,1751517399479,3,0.042,0.041578,63.12,ETH-25JUL25-2700-C,2570.32,sell,143.0,143.0,,,,,,,1751517399.479
2257,ETH-256421747,1751527759563,0,0.046,0.046061,63.33,ETH-25JUL25-2700-C,2596.54,sell,1.0,1.0,,,,,,,1751527759.563
2258,ETH-256421773,1751527796192,1,0.046,0.04601,63.34,ETH-25JUL25-2700-C,2596.53,sell,1.0,1.0,,,,,,,1751527796.192
2259,ETH-256429638,1751533118892,2,0.0453,0.04515,63.79,ETH-25JUL25-2700-C,2590.54,sell,134.0,134.0,2.0,BLOCK-208445,ETH-RR-25JUL25-2400_2700,,,,1751533118.892
2260,ETH-256429649,1751533121662,3,0.0453,0.04503,63.88,ETH-25JUL25-2700-C,2589.95,sell,166.0,166.0,2.0,BLOCK-208446,ETH-RR-25JUL25-2400_2700,,,,1751533121.662
2261,ETH-256432025,1751534729087,0,0.0465,0.047013,63.2,ETH-25JUL25-2700-C,2602.15,sell,1.0,1.0,,,,,,,1751534729.087
2262,ETH-256432061,1751534756031,0,0.047,0.046998,63.68,ETH-25JUL25-2700-C,2602.31,buy,1.0,1.0,,,,,,,1751534756.031
2263,ETH-256432134,1751534792324,0,0.048,0.047208,64.56,ETH-25JUL25-2700-C,2603.21,buy,1000.0,1000.0,1.0,BLOCK-208455,,,,,1751534792.324
2264,ETH-256432201,1751534835502,1,0.048,0.047212,64.59,ETH-25JUL25-2700-C,2603.02,buy,1000.0,1000.0,1.0,BLOCK-208456,,,,,1751534835.502
2265,ETH-256432343,1751534870214,0,0.0482,0.047436,64.63,ETH-25JUL25-2700-C,2603.67,buy,1000.0,1000.0,1.0,BLOCK-208457,,,,,1751534870.214
2266,ETH-256432473,1751534913362,0,0.0485,0.047747,64.7,ETH-25JUL25-2700-C,2604.83,buy,250.0,250.0,1.0,BLOCK-208458,,,,,1751534913.362
2267,ETH-256448606,1751543888946,2,0.0465,0.046771,64.14,ETH-25JUL25-2700-C,2596.51,sell,1.0,1.0,,,,,,,1751543888.946
2268,ETH-256448969,1751544051317,0,0.047,0.047118,64.45,ETH-25JUL25-2700-C,2598.09,buy,1.0,1.0,,,,,,,1751544051.317
2269,ETH-256452347,1751545837693,0,0.0476,0.047086,65.17,ETH-25JUL25-2700-C,2597.1,sell,143.0,143.0,2.0,BLOCK-208484,ETH-RR-25JUL25-2400_2700,,,,1751545837.693
2270,ETH-256452388,1751545839689,1,0.0476,0.046839,65.48,ETH-25JUL25-2700-C,2595.12,sell,135.0,135.0,2.0,BLOCK-208485,ETH-RR-25JUL25-2400_2700,,,,1751545839.689
2271,ETH-256454104,1751546004036,2,0.0459,0.046276,64.27,ETH-25JUL25-2700-C,2590.97,sell,125.0,125.0,2.0,BLOCK-208486,ETH-CDIAG-25JUL25_6JUL25-2700_2600,,,,1751546004.036
2272,ETH-256465790,1751549498214,0,0.048,0.048393,64.14,ETH-25JUL25-2700-C,2606.34,sell,286.0,286.0,,,,,,,1751549498.214
2273,ETH-256472766,1751550439095,0,0.0505,0.051134,63.85,ETH-25JUL25-2700-C,2624.17,sell,1.0,1.0,,,,,,,1751550439.095
2274,ETH-256501934,1751563470640,2,0.042,0.042309,63.09,ETH-25JUL25-2700-C,2574.73,sell,192.0,192.0,,,,,,,1751563470.64
2278,ETH-256504626,1751567460309,1,0.044,0.043609,63.46,ETH-25JUL25-2700-C,2586.3,buy,100.0,100.0,,,,,,,1751567460.309
2277,ETH-256504625,1751567460309,1,0.044,0.043609,63.46,ETH-25JUL25-2700-C,2586.3,buy,54.0,54.0,,,,,,,1751567460.309
2275,ETH-256504623,1751567460309,0,0.044,0.043609,63.46,ETH-25JUL25-2700-C,2586.3,buy,8.0,8.0,,,,,,,1751567460.309
2276,ETH-256504624,1751567460309,1,0.044,0.043609,63.46,ETH-25JUL25-2700-C,2586.3,buy,1.0,1.0,,,,,,,1751567460.309
2279,ETH-256520987,1751595502996,2,0.0438,0.043653,63.18,ETH-25JUL25-2700-C,2589.24,buy,80.0,80.0,6.0,BLOCK-208590,,,,,1751595502.996
2280,ETH-256534867,1751610798050,2,0.039,0.038883,62.9,ETH-25JUL25-2700-C,2559.33,buy,30.0,30.0,,,,,,,1751610798.05
2281,ETH-256545525,1751616632636,2,0.035,0.035113,62.86,ETH-25JUL25-2700-C,2531.38,sell,3.0,3.0,,,,,,,1751616632.636
2282,ETH-256545755,1751616681248,3,0.035,0.03498,63.03,ETH-25JUL25-2700-C,2530.35,sell,7.0,7.0,,,,,,,1751616681.248
2283,ETH-256549295,1751618522687,0,0.037,0.037018,62.24,ETH-25JUL25-2700-C,2550.75,buy,2.0,2.0,,,,,,,1751618522.687
2284,ETH-256549296,1751618522687,1,0.037,0.037018,62.24,ETH-25JUL25-2700-C,2550.75,buy,1.0,1.0,,,,,,,1751618522.687
2285,ETH-256552273,1751621533217,2,0.0365,0.036941,61.03,ETH-25JUL25-2700-C,2555.28,sell,1.0,1.0,,,,,,,1751621533.217
2286,ETH-256552529,1751622130797,3,0.0365,0.036957,60.91,ETH-25JUL25-2700-C,2555.87,sell,4.0,4.0,,,,,,,1751622130.797
2287,ETH-256555026,1751627624247,2,0.0354,0.035664,60.34,ETH-25JUL25-2700-C,2552.7,sell,142.0,142.0,2.0,BLOCK-208689,ETH-RR-25JUL25-2300_2700,,,,1751627624.247
2288,ETH-256561616,1751635506253,2,0.033,0.0329,60.22,ETH-25JUL25-2700-C,2536.53,sell,10.0,10.0,,,,,,,1751635506.253
2289,ETH-256561859,1751635711412,2,0.0325,0.032876,59.72,ETH-25JUL25-2700-C,2536.24,sell,1.0,1.0,,,,,,,1751635711.412
2290,ETH-256562345,1751636006403,3,0.0325,0.032475,60.12,ETH-25JUL25-2700-C,2533.88,sell,1.0,1.0,,,,,,,1751636006.403
2291,ETH-256563885,1751636962890,2,0.032,0.031811,60.44,ETH-25JUL25-2700-C,2528.08,sell,10.0,10.0,,,,,,,1751636962.89
2292,ETH-256565542,1751637901317,2,0.0315,0.031361,60.51,ETH-25JUL25-2700-C,2523.95,sell,5.0,5.0,,,,,,,1751637901.317
2293,ETH-256565630,1751637940624,3,0.0315,0.031374,60.54,ETH-25JUL25-2700-C,2523.74,buy,2.0,2.0,,,,,,,1751637940.624
2294,ETH-256567570,1751638603483,2,0.0305,0.030332,60.77,ETH-25JUL25-2700-C,2514.33,buy,6.0,6.0,,,,,,,1751638603.483
2295,ETH-256567909,1751638757643,2,0.03,0.030213,60.61,ETH-25JUL25-2700-C,2511.29,sell,2.0,2.0,,,,,,,1751638757.643
2296,ETH-256568128,1751638803158,3,0.03,0.02977,61.18,ETH-25JUL25-2700-C,2507.49,sell,8.0,8.0,,,,,,,1751638803.158
2297,ETH-256568932,1751638873703,2,0.0295,0.029872,60.44,ETH-25JUL25-2700-C,2508.36,sell,1.0,1.0,,,,,,,1751638873.703
2298,ETH-256569734,1751639117143,0,0.031,0.030403,61.56,ETH-25JUL25-2700-C,2512.83,buy,3.0,3.0,,,,,,,1751639117.143
2299,ETH-256579037,1751645065881,2,0.028,0.028272,61.05,ETH-25JUL25-2700-C,2492.24,sell,20.0,20.0,,,,,,,1751645065.881
2300,ETH-256579676,1751645169942,2,0.0275,0.027546,61.55,ETH-25JUL25-2700-C,2485.01,sell,1.0,1.0,,,,,,,1751645169.942
2301,ETH-256583082,1751646184388,2,0.0265,0.026938,61.09,ETH-25JUL25-2700-C,2479.19,sell,1.0,1.0,,,,,,,1751646184.388
2302,ETH-256583499,1751646333323,0,0.0275,0.027893,61.16,ETH-25JUL25-2700-C,2486.95,sell,4.0,4.0,,,,,,,1751646333.323
2303,ETH-256587630,1751649486179,0,0.0285,0.028716,61.65,ETH-25JUL25-2700-C,2491.58,buy,1.0,1.0,,,,,,,1751649486.179
2304,ETH-256590100,1751654384982,2,0.028,0.028018,61.38,ETH-25JUL25-2700-C,2489.36,buy,10.0,10.0,,,,,,,1751654384.982
2305,ETH-256593246,1751659659426,3,0.028,0.028098,62.17,ETH-25JUL25-2700-C,2485.47,buy,2.0,2.0,,,,,,,1751659659.426
2306,ETH-256594710,1751664702715,0,0.0285,0.02878,62.03,ETH-25JUL25-2700-C,2492.13,buy,7.0,7.0,,,,,,,1751664702.715
2307,ETH-256595668,1751666759240,0,0.0295,0.029341,62.14,ETH-25JUL25-2700-C,2499.66,buy,20.0,20.0,,,,,,,1751666759.24
2308,ETH-256596067,1751667121851,1,0.0295,0.029942,61.59,ETH-25JUL25-2700-C,2503.59,sell,9.0,9.0,,,,,,,1751667121.851
2309,ETH-256596068,1751667121851,1,0.0295,0.029942,61.59,ETH-25JUL25-2700-C,2503.59,sell,241.0,241.0,,,,,,,1751667121.851
2310,ETH-256599768,1751671861380,0,0.031,0.031082,61.98,ETH-25JUL25-2700-C,2512.89,buy,1.0,1.0,,,,,,,1751671861.38
2311,ETH-256605359,1751684523590,1,0.031,0.031223,60.91,ETH-25JUL25-2700-C,2520.69,buy,11.0,11.0,,,,,,,1751684523.59
2312,ETH-256621715,1751716902752,2,0.0295,0.029173,60.46,ETH-25JUL25-2700-C,2517.36,sell,5.0,5.0,,,,,,,1751716902.752
2313,ETH-256626609,1751730444839,2,0.028,0.028055,59.91,ETH-25JUL25-2700-C,2510.57,sell,10.0,10.0,,,,,,,1751730444.839
2316,ETH-256627815,1751731701840,3,0.027,0.027794,58.98,ETH-25JUL25-2700-C,2508.35,sell,11.0,11.0,,,,,,,1751731701.84
2315,ETH-256627814,1751731701840,3,0.027,0.027794,58.98,ETH-25JUL25-2700-C,2508.35,sell,10.0,10.0,,,,,,,1751731701.84
2314,ETH-256627813,1751731701840,2,0.027,0.027794,58.98,ETH-25JUL25-2700-C,2508.35,sell,17.0,17.0,,,,,,,1751731701.84
2317,ETH-256637250,1751758618788,0,0.029,0.028862,60.61,ETH-25JUL25-2700-C,2517.31,buy,8.0,8.0,,,,,,,1751758618.788
2318,ETH-256638066,1751762796230,0,0.0295,0.029065,61.11,ETH-25JUL25-2700-C,2518.47,buy,1.0,1.0,,,,,,,1751762796.23
2319,ETH-256641746,1751782640115,2,0.0285,0.028359,60.4,ETH-25JUL25-2700-C,2517.44,buy,3.0,3.0,,,,,,,1751782640.115
2320,ETH-256642468,1751783459708,2,0.028,0.028394,59.56,ETH-25JUL25-2700-C,2519.53,buy,1.0,1.0,,,,,,,1751783459.708
2321,ETH-256647426,1751795075809,2,0.0275,0.027532,60.0,ETH-25JUL25-2700-C,2515.36,sell,3.0,3.0,,,,,,,1751795075.809
2322,ETH-256647427,1751795085802,3,0.0275,0.027513,60.02,ETH-25JUL25-2700-C,2515.28,sell,3.0,3.0,,,,,,,1751795085.802
2323,ETH-256647526,1751795284721,3,0.0275,0.02746,60.11,ETH-25JUL25-2700-C,2514.78,sell,4.0,4.0,,,,,,,1751795284.721
2324,ETH-256649333,1751799898323,2,0.0265,0.026666,59.82,ETH-25JUL25-2700-C,2508.86,buy,10.0,10.0,,,,,,,1751799898.323
2325,ETH-256650689,1751805248477,0,0.0275,0.027605,60.02,ETH-25JUL25-2700-C,2515.92,buy,10.0,10.0,,,,,,,1751805248.477
2326,ETH-256650940,1751805511750,0,0.028,0.028017,60.2,ETH-25JUL25-2700-C,2519.07,sell,3.0,3.0,,,,,,,1751805511.75
2327,ETH-256652716,1751808581102,0,0.0295,0.029284,60.05,ETH-25JUL25-2700-C,2532.39,buy,3.0,3.0,,,,,,,1751808581.102
2328,ETH-256652838,1751808591098,1,0.0295,0.030079,59.5,ETH-25JUL25-2700-C,2535.88,sell,1.0,1.0,,,,,,,1751808591.098
2329,ETH-256653163,1751808626394,0,0.0305,0.030398,60.31,ETH-25JUL25-2700-C,2538.69,buy,3.0,3.0,,,,,,,1751808626.394
2330,ETH-256653385,1751808661574,1,0.0305,0.030602,60.23,ETH-25JUL25-2700-C,2539.35,buy,3.0,3.0,,,,,,,1751808661.574
2331,ETH-256653803,1751808721506,0,0.031,0.03094,60.3,ETH-25JUL25-2700-C,2542.68,buy,3.0,3.0,,,,,,,1751808721.506
2332,ETH-256656326,1751809299410,2,0.0305,0.030522,60.21,ETH-25JUL25-2700-C,2539.43,buy,3.0,3.0,,,,,,,1751809299.41
2333,ETH-256658302,1751809839162,0,0.0315,0.031555,60.31,ETH-25JUL25-2700-C,2546.38,buy,3.0,3.0,,,,,,,1751809839.162
2334,ETH-256658687,1751809869025,0,0.0325,0.032291,60.47,ETH-25JUL25-2700-C,2552.77,buy,3.0,3.0,,,,,,,1751809869.025
2335,ETH-256659018,1751809903594,0,0.033,0.032826,60.54,ETH-25JUL25-2700-C,2556.13,buy,3.0,3.0,,,,,,,1751809903.594
2336,ETH-256660100,1751810016609,0,0.0335,0.033483,60.3,ETH-25JUL25-2700-C,2561.65,buy,3.0,3.0,,,,,,,1751810016.609
2337,ETH-256666579,1751813262721,2,0.032,0.032294,59.74,ETH-25JUL25-2700-C,2553.92,buy,6.0,6.0,,,,,,,1751813262.721
2338,ETH-256668349,1751816006130,0,0.033,0.033039,59.96,ETH-25JUL25-2700-C,2560.34,buy,1.0,1.0,,,,,,,1751816006.13
2339,ETH-256668700,1751816406323,2,0.0325,0.032202,60.47,ETH-25JUL25-2700-C,2553.37,sell,2.0,2.0,,,,,,,1751816406.323
2340,ETH-256671070,1751818344562,2,0.0315,0.031995,59.59,ETH-25JUL25-2700-C,2551.64,sell,100.0,100.0,,,,,,,1751818344.562
2341,ETH-256676320,1751827224394,2,0.0295,0.029497,59.8,ETH-25JUL25-2700-C,2535.63,buy,20.0,20.0,,,,,,,1751827224.394
2342,ETH-256678689,1751832368385,0,0.0305,0.030627,59.49,ETH-25JUL25-2700-C,2546.4,buy,20.0,20.0,,,,,,,1751832368.385
2343,ETH-256680772,1751837205753,0,0.033,0.032603,59.82,ETH-25JUL25-2700-C,2563.51,buy,7.0,7.0,,,,,,,1751837205.753
2344,ETH-256681242,1751837430674,0,0.0335,0.033509,59.91,ETH-25JUL25-2700-C,2566.73,buy,1.0,1.0,,,,,,,1751837430.674
2345,ETH-256683501,1751837710749,0,0.036,0.036169,59.79,ETH-25JUL25-2700-C,2585.04,buy,20.0,20.0,,,,,,,1751837710.749
2346,ETH-256683539,1751837732288,0,0.0365,0.036623,59.71,ETH-25JUL25-2700-C,2588.82,buy,20.0,20.0,,,,,,,1751837732.288
2347,ETH-256684369,1751837961013,0,0.038,0.037375,60.79,ETH-25JUL25-2700-C,2592.79,buy,2.0,2.0,,,,,,,1751837961.013
2348,ETH-256684611,1751837992630,1,0.038,0.037653,60.54,ETH-25JUL25-2700-C,2594.21,buy,18.0,18.0,,,,,,,1751837992.63
2349,ETH-256684638,1751837996865,0,0.0385,0.038079,60.41,ETH-25JUL25-2700-C,2598.29,buy,20.0,20.0,,,,,,,1751837996.865
2350,ETH-256689938,1751839669850,1,0.0385,0.038379,60.58,ETH-25JUL25-2700-C,2598.22,buy,100.0,100.0,,,,,,,1751839669.85
2351,ETH-256690506,1751840182711,1,0.0385,0.038527,60.4,ETH-25JUL25-2700-C,2599.1,buy,143.0,143.0,,,,,,,1751840182.711
2352,ETH-256699377,1751849719869,2,0.033,0.033304,60.32,ETH-25JUL25-2700-C,2561.89,buy,100.0,100.0,,,,,,,1751849719.869
2353,ETH-256699389,1751849723352,3,0.033,0.03326,60.38,ETH-25JUL25-2700-C,2561.56,buy,30.0,30.0,,,,,,,1751849723.352
2354,ETH-256699422,1751849779792,3,0.033,0.032903,60.52,ETH-25JUL25-2700-C,2560.92,buy,25.0,25.0,,,,,,,1751849779.792
2355,ETH-256700180,1751850759763,2,0.032,0.032217,60.26,ETH-25JUL25-2700-C,2555.19,buy,1.0,1.0,,,,,,,1751850759.763
2356,ETH-256702573,1751854077732,0,0.034,0.034162,60.23,ETH-25JUL25-2700-C,2569.81,buy,1.0,1.0,,,,,,,1751854077.732
2357,ETH-256702676,1751854251449,0,0.0345,0.034535,60.32,ETH-25JUL25-2700-C,2572.59,buy,1.0,1.0,,,,,,,1751854251.449
2358,ETH-256703098,1751854398590,0,0.035,0.035125,60.28,ETH-25JUL25-2700-C,2576.55,sell,1.0,1.0,,,,,,,1751854398.59
2359,ETH-256703156,1751854492385,1,0.035,0.035119,60.25,ETH-25JUL25-2700-C,2576.75,sell,135.0,135.0,,,,,,,1751854492.385
2360,ETH-256703157,1751854492395,1,0.035,0.035119,60.25,ETH-25JUL25-2700-C,2576.75,sell,2.0,2.0,,,,,,,1751854492.395
2361,ETH-256704799,1751856232081,0,0.0355,0.035424,60.24,ETH-25JUL25-2700-C,2580.44,buy,20.0,20.0,,,,,,,1751856232.081
2363,ETH-256708143,1751862674244,3,0.0345,0.035069,60.1,ETH-25JUL25-2700-C,2575.73,sell,88.0,88.0,,,,,,,1751862674.244
2362,ETH-256708142,1751862674244,2,0.0345,0.035069,60.1,ETH-25JUL25-2700-C,2575.73,sell,12.0,12.0,,,,,,,1751862674.244
2364,ETH-256711061,1751870029942,0,0.035,0.035017,61.04,ETH-25JUL25-2700-C,2575.07,sell,10.0,10.0,,,,,,,1751870029.942
2365,ETH-256712523,1751872792879,2,0.034,0.034104,60.99,ETH-25JUL25-2700-C,2568.25,sell,10.0,10.0,,,,,,,1751872792.879
2366,ETH-256712729,1751873229758,0,0.0345,0.034542,61.08,ETH-25JUL25-2700-C,2571.33,sell,1.0,1.0,,,,,,,1751873229.758
2367,ETH-256712733,1751873242441,1,0.0345,0.034564,61.05,ETH-25JUL25-2700-C,2571.43,sell,9.0,9.0,,,,,,,1751873242.441
2368,ETH-256715127,1751876771562,0,0.035,0.03509,61.26,ETH-25JUL25-2700-C,2574.22,sell,10.0,10.0,,,,,,,1751876771.562
2369,ETH-256716169,1751877813811,0,0.0365,0.0365,61.39,ETH-25JUL25-2700-C,2584.19,sell,10.0,10.0,,,,,,,1751877813.811
2370,ETH-256716808,1751878266747,2,0.0355,0.035896,60.86,ETH-25JUL25-2700-C,2580.44,sell,10.0,10.0,,,,,,,1751878266.747
2371,ETH-256719090,1751880638115,3,0.0355,0.035621,61.3,ETH-25JUL25-2700-C,2577.83,sell,10.0,10.0,,,,,,,1751880638.115
2372,ETH-256719284,1751881029097,3,0.0355,0.035555,61.32,ETH-25JUL25-2700-C,2577.7,sell,10.0,10.0,,,,,,,1751881029.097
2373,ETH-256720123,1751882400494,2,0.035,0.035018,61.57,ETH-25JUL25-2700-C,2572.63,sell,10.0,10.0,,,,,,,1751882400.494
2374,ETH-256720257,1751882409057,2,0.0345,0.034614,61.46,ETH-25JUL25-2700-C,2569.82,sell,10.0,10.0,,,,,,,1751882409.057
2375,ETH-256720428,1751882633394,3,0.0345,0.034518,61.55,ETH-25JUL25-2700-C,2569.57,sell,10.0,10.0,,,,,,,1751882633.394
2376,ETH-256721504,1751883886386,2,0.033,0.033437,60.88,ETH-25JUL25-2700-C,2562.76,sell,5.0,5.0,,,,,,,1751883886.386
2377,ETH-256724223,1751887996821,3,0.033,0.033007,61.37,ETH-25JUL25-2700-C,2560.13,sell,10.0,10.0,,,,,,,1751887996.821
2378,ETH-256724997,1751889108389,0,0.0335,0.033503,61.47,ETH-25JUL25-2700-C,2563.07,sell,10.0,10.0,,,,,,,1751889108.389
2379,ETH-256726055,1751890589265,2,0.032,0.032047,61.38,ETH-25JUL25-2700-C,2553.32,sell,10.0,10.0,,,,,,,1751890589.265
2380,ETH-256730620,1751894256747,2,0.031,0.031009,61.47,ETH-25JUL25-2700-C,2546.24,sell,10.0,10.0,,,,,,,1751894256.747
2381,ETH-256731659,1751894396554,2,0.03,0.030259,61.18,ETH-25JUL25-2700-C,2540.22,sell,3.0,3.0,,,,,,,1751894396.554
2382,ETH-256733982,1751895022826,0,0.0335,0.033443,61.59,ETH-25JUL25-2700-C,2562.94,sell,10.0,10.0,,,,,,,1751895022.826
2383,ETH-256738589,1751897216958,1,0.0335,0.033966,61.44,ETH-25JUL25-2700-C,2564.6,sell,2.0,2.0,,,,,,,1751897216.958
2384,ETH-256742342,1751898935757,2,0.03,0.030081,62.2,ETH-25JUL25-2700-C,2533.64,sell,10.0,10.0,,,,,,,1751898935.757
2385,ETH-256743521,1751899635770,0,0.0305,0.031044,61.58,ETH-25JUL25-2700-C,2541.27,sell,6.0,6.0,,,,,,,1751899635.77
2386,ETH-256743522,1751899636535,1,0.0305,0.031037,61.6,ETH-25JUL25-2700-C,2541.18,sell,94.0,94.0,,,,,,,1751899636.535
2388,ETH-256743524,1751899636535,1,0.0305,0.031037,61.6,ETH-25JUL25-2700-C,2541.18,sell,36.0,36.0,,,,,,,1751899636.535
2387,ETH-256743523,1751899636535,1,0.0305,0.031037,61.6,ETH-25JUL25-2700-C,2541.18,sell,8.0,8.0,,,,,,,1751899636.535
2389,ETH-256743525,1751899636535,1,0.0305,0.031037,61.6,ETH-25JUL25-2700-C,2541.18,sell,50.0,50.0,,,,,,,1751899636.535
2390,ETH-256744717,1751900469130,2,0.03,0.03006,62.05,ETH-25JUL25-2700-C,2534.68,sell,10.0,10.0,,,,,,,1751900469.13
2391,ETH-256747433,1751903190160,3,0.03,0.030042,61.87,ETH-25JUL25-2700-C,2536.22,sell,6.0,6.0,,,,,,,1751903190.16
2392,ETH-256747434,1751903190523,3,0.03,0.030042,61.87,ETH-25JUL25-2700-C,2536.22,sell,4.0,4.0,,,,,,,1751903190.523
2393,ETH-256753965,1751907125677,2,0.029,0.028844,62.11,ETH-25JUL25-2700-C,2527.45,buy,16.0,16.0,,,,,,,1751907125.677
2394,ETH-256758859,1751911860598,0,0.0295,0.029541,61.67,ETH-25JUL25-2700-C,2535.12,sell,10.0,10.0,,,,,,,1751911860.598
2395,ETH-256766131,1751918816371,1,0.0295,0.029519,61.7,ETH-25JUL25-2700-C,2536.9,buy,2.0,2.0,,,,,,,1751918816.371
2396,ETH-256766326,1751919109271,1,0.0295,0.029623,61.72,ETH-25JUL25-2700-C,2536.71,sell,1.0,1.0,,,,,,,1751919109.271
2397,ETH-256767074,1751919974765,1,0.0295,0.029683,61.43,ETH-25JUL25-2700-C,2538.77,sell,7.0,7.0,,,,,,,1751919974.765
2398,ETH-256771395,1751924624295,0,0.03,0.029477,62.1,ETH-25JUL25-2700-C,2538.82,buy,25.0,25.0,,,,,,,1751924624.295
2399,ETH-256771446,1751924731555,2,0.0295,0.029516,61.46,ETH-25JUL25-2700-C,2539.02,sell,133.0,133.0,,,,,,,1751924731.555
2400,ETH-256771461,1751924734121,3,0.0295,0.029507,61.47,ETH-25JUL25-2700-C,2538.96,sell,2.0,2.0,,,,,,,1751924734.121
2401,ETH-256771464,1751924734317,3,0.0295,0.029507,61.47,ETH-25JUL25-2700-C,2538.96,sell,1.0,1.0,,,,,,,1751924734.317
2402,ETH-256771465,1751924734320,3,0.0295,0.029507,61.47,ETH-25JUL25-2700-C,2538.96,sell,1.0,1.0,,,,,,,1751924734.32
2403,ETH-256771467,1751924736208,3,0.0295,0.029503,61.47,ETH-25JUL25-2700-C,2538.97,sell,3.0,3.0,,,,,,,1751924736.208
2404,ETH-256771468,1751924739129,3,0.0295,0.029504,61.47,ETH-25JUL25-2700-C,2538.97,sell,2.0,2.0,,,,,,,1751924739.129
2405,ETH-256771469,1751924739213,3,0.0295,0.029504,61.47,ETH-25JUL25-2700-C,2538.97,sell,1.0,1.0,,,,,,,1751924739.213
2406,ETH-256771470,1751924739393,3,0.0295,0.029504,61.47,ETH-25JUL25-2700-C,2538.97,sell,4.0,4.0,,,,,,,1751924739.393
2407,ETH-256771471,1751924742605,3,0.0295,0.029487,61.52,ETH-25JUL25-2700-C,2538.65,sell,3.0,3.0,,,,,,,1751924742.605
2408,ETH-256771472,1751924742610,3,0.0295,0.029487,61.52,ETH-25JUL25-2700-C,2538.65,sell,1.0,1.0,,,,,,,1751924742.61
2409,ETH-256771473,1751924742656,3,0.0295,0.029487,61.52,ETH-25JUL25-2700-C,2538.65,sell,1.0,1.0,,,,,,,1751924742.656
2410,ETH-256771474,1751924742666,3,0.0295,0.029487,61.52,ETH-25JUL25-2700-C,2538.65,sell,1.0,1.0,,,,,,,1751924742.666
2411,ETH-256771923,1751925752341,3,0.0295,0.029425,61.96,ETH-25JUL25-2700-C,2536.36,sell,47.0,47.0,,,,,,,1751925752.341
2412,ETH-256774097,1751933201138,3,0.0295,0.029507,61.28,ETH-25JUL25-2700-C,2541.29,sell,10.0,10.0,,,,,,,1751933201.138
2413,ETH-256776453,1751935740822,0,0.03,0.030404,60.66,ETH-25JUL25-2700-C,2549.11,sell,36.0,36.0,,,,,,,1751935740.822
2414,ETH-256777157,1751935750993,2,0.0295,0.029618,61.07,ETH-25JUL25-2700-C,2542.7,sell,10.0,10.0,,,,,,,1751935750.993
2415,ETH-256779815,1751937495454,2,0.029,0.028848,61.54,ETH-25JUL25-2700-C,2535.65,buy,12.0,12.0,,,,,,,1751937495.454
2416,ETH-256779816,1751937495464,3,0.029,0.028848,61.54,ETH-25JUL25-2700-C,2535.65,buy,12.0,12.0,,,,,,,1751937495.464
2417,ETH-256779817,1751937495638,3,0.029,0.028848,61.54,ETH-25JUL25-2700-C,2535.65,buy,1.0,1.0,,,,,,,1751937495.638
2418,ETH-256779823,1751937500503,3,0.029,0.028813,61.6,ETH-25JUL25-2700-C,2535.28,buy,11.0,11.0,,,,,,,1751937500.503
2419,ETH-256779824,1751937500512,3,0.029,0.028813,61.6,ETH-25JUL25-2700-C,2535.28,buy,12.0,12.0,,,,,,,1751937500.512
2420,ETH-256780130,1751938285388,2,0.0285,0.028509,61.58,ETH-25JUL25-2700-C,2531.79,sell,10.0,10.0,,,,,,,1751938285.388
2421,ETH-256780920,1751940710457,2,0.028,0.027998,61.79,ETH-25JUL25-2700-C,2526.89,buy,2.0,2.0,,,,,,,1751940710.457
2422,ETH-256781160,1751941052737,3,0.028,0.028227,61.62,ETH-25JUL25-2700-C,2527.92,sell,5.0,5.0,,,,,,,1751941052.737
2423,ETH-256781161,1751941052783,3,0.028,0.028227,61.62,ETH-25JUL25-2700-C,2527.92,sell,3.0,3.0,,,,,,,1751941052.783
2424,ETH-256784590,1751949071096,3,0.028,0.028239,60.07,ETH-25JUL25-2700-C,2539.04,buy,5.0,5.0,,,,,,,1751949071.096
2425,ETH-256785798,1751952230201,0,0.029,0.028667,60.11,ETH-25JUL25-2700-C,2546.77,buy,1.0,1.0,,,,,,,1751952230.201
2426,ETH-256785799,1751952232028,1,0.029,0.028676,60.11,ETH-25JUL25-2700-C,2546.79,buy,1.0,1.0,,,,,,,1751952232.028
2427,ETH-256785800,1751952233212,1,0.029,0.028678,60.11,ETH-25JUL25-2700-C,2546.76,buy,1.0,1.0,,,,,,,1751952233.212
2428,ETH-256787238,1751956306764,0,0.0295,0.029482,59.88,ETH-25JUL25-2700-C,2553.12,sell,1.0,1.0,,,,,,,1751956306.764
2429,ETH-256787239,1751956306786,1,0.0295,0.029482,59.88,ETH-25JUL25-2700-C,2553.12,sell,8.0,8.0,,,,,,,1751956306.786
2430,ETH-256787279,1751956458037,1,0.0295,0.029452,59.89,ETH-25JUL25-2700-C,2553.16,buy,1.0,1.0,,,,,,,1751956458.037
2431,ETH-256787474,1751957006502,0,0.03,0.029977,59.78,ETH-25JUL25-2700-C,2557.43,sell,1.0,1.0,,,,,,,1751957006.502
2433,ETH-256789355,1751959750393,3,0.029,0.029048,59.86,ETH-25JUL25-2700-C,2549.61,sell,26.0,26.0,,,,,,,1751959750.393
2432,ETH-256789354,1751959750393,2,0.029,0.029048,59.86,ETH-25JUL25-2700-C,2549.61,sell,1.0,1.0,,,,,,,1751959750.393
2434,ETH-256791237,1751962159405,0,0.0295,0.029516,59.59,ETH-25JUL25-2700-C,2555.3,buy,1.0,1.0,,,,,,,1751962159.405
2435,ETH-256793330,1751964589502,2,0.028,0.02853,58.63,ETH-25JUL25-2700-C,2549.57,sell,3.0,3.0,,,,,,,1751964589.502
2436,ETH-256793713,1751965244447,2,0.0275,0.027844,58.77,ETH-25JUL25-2700-C,2545.01,sell,8.0,8.0,,,,,,,1751965244.447
2438,ETH-256794950,1751967162624,1,0.029,0.028506,59.75,ETH-25JUL25-2700-C,2550.85,buy,18.0,18.0,,,,,,,1751967162.624
2437,ETH-256794949,1751967162624,0,0.029,0.028506,59.75,ETH-25JUL25-2700-C,2550.85,buy,12.0,12.0,,,,,,,1751967162.624
2439,ETH-256795321,1751968085907,1,0.029,0.028974,59.19,ETH-25JUL25-2700-C,2554.43,sell,1.0,1.0,,,,,,,1751968085.907
2441,ETH-256798664,1751972807030,1,0.0325,0.032546,58.83,ETH-25JUL25-2700-C,2582.5,sell,31.0,31.0,,,,,,,1751972807.03
2440,ETH-256798663,1751972807030,0,0.0325,0.032546,58.83,ETH-25JUL25-2700-C,2582.5,sell,1.0,1.0,,,,,,,1751972807.03
2442,ETH-256799300,1751973319545,1,0.0325,0.032484,59.08,ETH-25JUL25-2700-C,2581.29,sell,1.0,1.0,,,,,,,1751973319.545
2443,ETH-256801407,1751978002322,2,0.032,0.032005,59.29,ETH-25JUL25-2700-C,2576.29,sell,1.0,1.0,,,,,,,1751978002.322
2444,ETH-256802953,1751979633284,0,0.0325,0.032425,59.07,ETH-25JUL25-2700-C,2582.65,sell,1.0,1.0,,,,,,,1751979633.284
2445,ETH-256803246,1751980024471,0,0.033,0.032935,59.0,ETH-25JUL25-2700-C,2586.25,sell,1.0,1.0,,,,,,,1751980024.471
2446,ETH-256803419,1751980234301,1,0.033,0.032658,59.26,ETH-25JUL25-2700-C,2584.89,buy,1.0,1.0,,,,,,,1751980234.301
2447,ETH-256803774,1751980835302,2,0.032,0.031899,58.98,ETH-25JUL25-2700-C,2579.38,sell,1.0,1.0,,,,,,,1751980835.302
2448,ETH-256804140,1751981470335,3,0.032,0.031391,59.67,ETH-25JUL25-2700-C,2575.47,buy,25.0,25.0,,,,,,,1751981470.335
2449,ETH-256819454,1751994762213,0,0.0355,0.035594,58.26,ETH-25JUL25-2700-C,2609.17,buy,1.0,1.0,,,,,,,1751994762.213
2450,ETH-256819567,1751994781351,0,0.036,0.035956,58.41,ETH-25JUL25-2700-C,2611.52,buy,1.0,1.0,,,,,,,1751994781.351
2451,ETH-256821383,1751995177118,0,0.0371,0.035949,60.4,ETH-25JUL25-2700-C,2608.0,buy,1000.0,1000.0,1.0,BLOCK-209140,,,,,1751995177.118
2452,ETH-256830382,1752000298253,0,0.0385,0.038021,60.0,ETH-25JUL25-2700-C,2620.0,buy,2.0,2.0,,,,,,,1752000298.253
2453,ETH-256837201,1752010876078,2,0.036,0.036637,58.89,ETH-25JUL25-2700-C,2609.86,sell,32.0,32.0,,,,,,,1752010876.078
2454,ETH-256839515,1752015498495,0,0.037,0.037007,59.85,ETH-25JUL25-2700-C,2611.9,sell,11.0,11.0,,,,,,,1752015498.495
2455,ETH-256839516,1752015498553,1,0.037,0.037007,59.85,ETH-25JUL25-2700-C,2611.9,sell,1.0,1.0,,,,,,,1752015498.553
2457,ETH-256839518,1752015498592,1,0.037,0.037007,59.85,ETH-25JUL25-2700-C,2611.9,sell,6.0,6.0,,,,,,,1752015498.592
2456,ETH-256839517,1752015498592,1,0.037,0.037007,59.85,ETH-25JUL25-2700-C,2611.9,sell,30.0,30.0,,,,,,,1752015498.592
2458,ETH-256839519,1752015498606,1,0.037,0.037007,59.85,ETH-25JUL25-2700-C,2611.9,sell,11.0,11.0,,,,,,,1752015498.606
2459,ETH-256842605,1752021970005,0,0.0376,0.036798,60.89,ETH-25JUL25-2700-C,2610.73,buy,500.0,500.0,1.0,BLOCK-209178,,,,,1752021970.005
2460,ETH-256842611,1752021976478,2,0.0375,0.036817,60.77,ETH-25JUL25-2700-C,2610.74,buy,250.0,250.0,1.0,BLOCK-209179,,,,,1752021976.478
2461,ETH-256842617,1752021982642,0,0.0376,0.036854,60.86,ETH-25JUL25-2700-C,2610.89,buy,250.0,250.0,1.0,BLOCK-209180,,,,,1752021982.642
2462,ETH-256842655,1752022093493,0,0.0377,0.036886,61.14,ETH-25JUL25-2700-C,2609.84,buy,250.0,250.0,1.0,BLOCK-209181,,,,,1752022093.493
2463,ETH-256842668,1752022177320,1,0.0377,0.037264,61.0,ETH-25JUL25-2700-C,2610.62,buy,376.0,376.0,1.0,BLOCK-209182,,,,,1752022177.32
2464,ETH-256842669,1752022177967,2,0.0375,0.037262,60.79,ETH-25JUL25-2700-C,2610.43,buy,2.0,2.0,,,,,,,1752022177.967
2465,ETH-256843532,1752023148576,0,0.0385,0.038726,60.7,ETH-25JUL25-2700-C,2617.33,sell,24.0,24.0,,,,,,,1752023148.576
2466,ETH-256847314,1752029183827,2,0.0365,0.036809,60.42,ETH-25JUL25-2700-C,2607.13,buy,3.0,3.0,,,,,,,1752029183.827
2467,ETH-256847548,1752029845231,2,0.036,0.036077,60.59,ETH-25JUL25-2700-C,2603.05,buy,100.0,100.0,,,,,,,1752029845.231
2468,ETH-256847975,1752030661353,3,0.036,0.036107,60.89,ETH-25JUL25-2700-C,2601.55,buy,100.0,100.0,,,,,,,1752030661.353
2469,ETH-256848106,1752030768817,2,0.0355,0.035667,60.8,ETH-25JUL25-2700-C,2598.67,buy,100.0,100.0,,,,,,,1752030768.817
2470,ETH-256848139,1752030808028,3,0.0355,0.035682,60.76,ETH-25JUL25-2700-C,2598.86,buy,100.0,100.0,,,,,,,1752030808.028
2471,ETH-256848827,1752031897928,3,0.0355,0.035549,60.91,ETH-25JUL25-2700-C,2597.78,buy,100.0,100.0,,,,,,,1752031897.928
2472,ETH-256851882,1752038899785,0,0.0365,0.036831,60.78,ETH-25JUL25-2700-C,2606.38,buy,3.0,3.0,,,,,,,1752038899.785
2473,ETH-256852351,1752039355875,0,0.038,0.037646,61.58,ETH-25JUL25-2700-C,2611.67,buy,8.0,8.0,,,,,,,1752039355.875
2474,ETH-256852352,1752039355875,1,0.038,0.037646,61.58,ETH-25JUL25-2700-C,2611.67,buy,60.0,60.0,,,,,,,1752039355.875
2475,ETH-256854881,1752039559278,0,0.042,0.042023,60.63,ETH-25JUL25-2700-C,2642.83,buy,250.0,250.0,1.0,BLOCK-209227,,,,,1752039559.278
2476,ETH-256858084,1752041022335,2,0.04,0.040024,61.6,ETH-25JUL25-2700-C,2625.7,sell,1.0,1.0,,,,,,,1752041022.335
2477,ETH-256859351,1752042834636,0,0.041,0.040631,62.05,ETH-25JUL25-2700-C,2629.29,buy,6.0,6.0,,,,,,,1752042834.636
2478,ETH-256862020,1752047115359,2,0.04,0.039438,62.16,ETH-25JUL25-2700-C,2622.72,buy,10.0,10.0,,,,,,,1752047115.359
2479,ETH-256867588,1752052273689,2,0.0355,0.035707,59.75,ETH-25JUL25-2700-C,2607.41,sell,11.0,11.0,,,,,,,1752052273.689
2480,ETH-256867589,1752052273689,3,0.0355,0.035707,59.75,ETH-25JUL25-2700-C,2607.41,sell,100.0,100.0,,,,,,,1752052273.689
2481,ETH-256867664,1752052274319,0,0.0364,0.035707,60.85,ETH-25JUL25-2700-C,2607.41,sell,250.0,250.0,1.0,BLOCK-209247,,,,,1752052274.319
2482,ETH-256867739,1752052294014,2,0.036,0.035721,60.38,ETH-25JUL25-2700-C,2607.36,buy,13.0,13.0,,,,,,,1752052294.014
2483,ETH-256868328,1752053073508,3,0.036,0.036449,59.49,ETH-25JUL25-2700-C,2611.99,sell,7.0,7.0,,,,,,,1752053073.508
2484,ETH-256872136,1752061227486,0,0.0375,0.037374,60.45,ETH-25JUL25-2700-C,2618.45,sell,1.0,1.0,,,,,,,1752061227.486
2485,ETH-256872137,1752061227486,1,0.0375,0.037374,60.45,ETH-25JUL25-2700-C,2618.45,sell,18.0,18.0,,,,,,,1752061227.486
2486,ETH-256874375,1752062997417,0,0.04,0.040051,60.3,ETH-25JUL25-2700-C,2635.07,sell,1.0,1.0,,,,,,,1752062997.417
2487,ETH-256874381,1752062997627,1,0.04,0.040051,60.3,ETH-25JUL25-2700-C,2635.07,sell,35.0,35.0,,,,,,,1752062997.627
2488,ETH-256874665,1752063035621,0,0.041,0.040559,60.92,ETH-25JUL25-2700-C,2638.07,buy,49.0,49.0,,,,,,,1752063035.621
2489,ETH-256874765,1752063047344,1,0.041,0.041101,60.34,ETH-25JUL25-2700-C,2641.01,sell,5.0,5.0,,,,,,,1752063047.344
2490,ETH-256874814,1752063064967,1,0.041,0.041076,60.42,ETH-25JUL25-2700-C,2640.66,sell,1.0,1.0,,,,,,,1752063064.967
2491,ETH-256874815,1752063064971,1,0.041,0.041076,60.42,ETH-25JUL25-2700-C,2640.66,sell,1.0,1.0,,,,,,,1752063064.971
2492,ETH-256874816,1752063064975,1,0.041,0.041076,60.42,ETH-25JUL25-2700-C,2640.66,sell,1.0,1.0,,,,,,,1752063064.975
2493,ETH-256874817,1752063064981,1,0.041,0.041076,60.42,ETH-25JUL25-2700-C,2640.66,sell,1.0,1.0,,,,,,,1752063064.981
2494,ETH-256874818,1752063064985,1,0.041,0.041076,60.42,ETH-25JUL25-2700-C,2640.66,sell,1.0,1.0,,,,,,,1752063064.985
2495,ETH-256879117,1752063815220,0,0.044,0.044426,60.66,ETH-25JUL25-2700-C,2656.85,sell,1.0,1.0,,,,,,,1752063815.22
2496,ETH-256880779,1752064202230,0,0.046,0.045557,61.72,ETH-25JUL25-2700-C,2663.46,buy,49.0,49.0,,,,,,,1752064202.23
2497,ETH-256882398,1752065042639,2,0.045,0.045254,61.28,ETH-25JUL25-2700-C,2659.79,sell,1.0,1.0,,,,,,,1752065042.639
2498,ETH-256883923,1752065826463,0,0.0455,0.045498,61.86,ETH-25JUL25-2700-C,2660.57,sell,30.0,30.0,,,,,,,1752065826.463
2499,ETH-256886481,1752067200363,1,0.0455,0.045719,61.6,ETH-25JUL25-2700-C,2661.75,buy,1.0,1.0,,,,,,,1752067200.363
2500,ETH-256886802,1752067456707,0,0.046,0.046013,61.93,ETH-25JUL25-2700-C,2662.9,sell,1.0,1.0,,,,,,,1752067456.707
2501,ETH-256887332,1752067802823,0,0.0465,0.046004,62.44,ETH-25JUL25-2700-C,2663.35,sell,3.0,3.0,,,,,,,1752067802.823
2502,ETH-256890016,1752068964304,0,0.047,0.046488,62.02,ETH-25JUL25-2700-C,2668.75,buy,52.0,52.0,,,,,,,1752068964.304
2503,ETH-256893875,1752070652278,2,0.0451,0.044984,61.51,ETH-25JUL25-2700-C,2659.99,sell,50.0,50.0,,,ETH-CS-25JUL25-2500_2700,ETH-256893874,,,1752070652.278
2504,ETH-256898790,1752072628524,2,0.04,0.040098,60.99,ETH-25JUL25-2700-C,2632.02,buy,1.0,1.0,,,,,,,1752072628.524
2505,ETH-256898913,1752072718571,0,0.041,0.040879,61.31,ETH-25JUL25-2700-C,2636.41,buy,2.0,2.0,,,,,,,1752072718.571
2506,ETH-256898981,1752072815082,1,0.041,0.040926,61.35,ETH-25JUL25-2700-C,2636.27,sell,1.0,1.0,,,,,,,1752072815.082
2507,ETH-256899538,1752072971845,0,0.0419,0.041193,61.09,ETH-25JUL25-2700-C,2643.15,buy,250.0,250.0,1.0,BLOCK-209294,,,,,1752072971.845
2508,ETH-256899843,1752073092407,0,0.0425,0.042379,61.43,ETH-25JUL25-2700-C,2645.75,sell,50.0,50.0,,,,,,,1752073092.407
2509,ETH-256899885,1752073121893,2,0.042,0.04196,61.37,ETH-25JUL25-2700-C,2643.06,sell,50.0,50.0,,,,,,,1752073121.893
2510,ETH-256900255,1752073408266,0,0.043,0.043456,60.62,ETH-25JUL25-2700-C,2652.79,sell,1.0,1.0,,,,,,,1752073408.266
2511,ETH-256911550,1752084494593,0,0.0471,0.046563,60.8,ETH-25JUL25-2700-C,2677.74,buy,250.0,250.0,1.0,BLOCK-209324,,,,,1752084494.593
2512,ETH-256911652,1752084498796,0,0.0475,0.047453,60.79,ETH-25JUL25-2700-C,2680.04,sell,279.0,279.0,,,,,,,1752084498.796
2513,ETH-256911653,1752084498796,1,0.0475,0.047453,60.79,ETH-25JUL25-2700-C,2680.04,sell,188.0,188.0,,,,,,,1752084498.796
2514,ETH-256911654,1752084498802,1,0.0475,0.047453,60.79,ETH-25JUL25-2700-C,2680.04,sell,1.0,1.0,,,,,,,1752084498.802
2515,ETH-256911655,1752084498821,1,0.0475,0.047453,60.79,ETH-25JUL25-2700-C,2680.04,sell,5.0,5.0,,,,,,,1752084498.821
2516,ETH-256911656,1752084498835,1,0.0475,0.047453,60.79,ETH-25JUL25-2700-C,2680.04,sell,27.0,27.0,,,,,,,1752084498.835
2517,ETH-256915152,1752084587125,0,0.053,0.053024,61.2,ETH-25JUL25-2700-C,2708.91,sell,1.0,1.0,,,,,,,1752084587.125
2518,ETH-256921507,1752086716279,0,0.0535,0.053402,61.23,ETH-25JUL25-2700-C,2711.92,buy,2.0,2.0,,,,,,,1752086716.279
2519,ETH-256923278,1752087991402,0,0.0555,0.055446,61.44,ETH-25JUL25-2700-C,2721.77,buy,1.0,1.0,,,,,M,,1752087991.402
2520,ETH-256924751,1752088738359,0,0.057,0.057193,61.22,ETH-25JUL25-2700-C,2730.68,sell,1.0,1.0,,,,,,,1752088738.359
2521,ETH-256924868,1752088755639,0,0.0585,0.057673,62.49,ETH-25JUL25-2700-C,2733.26,buy,1.0,1.0,,,,,,,1752088755.639
2522,ETH-256924899,1752088760394,2,0.0575,0.057697,61.19,ETH-25JUL25-2700-C,2733.58,sell,1.0,1.0,,,,,,,1752088760.394
2523,ETH-256925050,1752088777585,0,0.0595,0.058415,63.26,ETH-25JUL25-2700-C,2735.29,buy,1.0,1.0,,,,,,,1752088777.585
2524,ETH-256932349,1752090094375,0,0.064,0.063942,62.9,ETH-25JUL25-2700-C,2759.92,buy,1.0,1.0,,,,,,,1752090094.375
2525,ETH-256934236,1752090350038,1,0.064,0.06388,63.27,ETH-25JUL25-2700-C,2758.61,buy,1.0,1.0,,,,,,,1752090350.038
2526,ETH-256934362,1752090372122,2,0.0635,0.06383,62.8,ETH-25JUL25-2700-C,2757.82,buy,1.0,1.0,,,,,,,1752090372.122
2527,ETH-256934455,1752090389423,2,0.063,0.062971,62.87,ETH-25JUL25-2700-C,2755.01,sell,1.0,1.0,,,,,,,1752090389.423
2528,ETH-256934539,1752090406926,3,0.063,0.063443,62.7,ETH-25JUL25-2700-C,2755.62,sell,1.0,1.0,,,,,,,1752090406.926
2529,ETH-256934654,1752090441615,0,0.0635,0.063649,62.72,ETH-25JUL25-2700-C,2758.02,sell,1.0,1.0,,,,,,,1752090441.615
2530,ETH-256934712,1752090459378,1,0.0635,0.064018,62.56,ETH-25JUL25-2700-C,2758.78,sell,1.0,1.0,,,,,,,1752090459.378
2531,ETH-256934719,1752090465589,0,0.064,0.064086,63.17,ETH-25JUL25-2700-C,2758.88,buy,1.0,1.0,,,,,,,1752090465.589
2532,ETH-256934746,1752090476492,2,0.0635,0.064011,62.62,ETH-25JUL25-2700-C,2758.59,sell,1.0,1.0,,,,,,,1752090476.492
2533,ETH-256934822,1752090509726,3,0.0635,0.063744,62.99,ETH-25JUL25-2700-C,2757.26,buy,1.0,1.0,,,,,,,1752090509.726
2534,ETH-256934900,1752090537654,0,0.064,0.064149,62.88,ETH-25JUL25-2700-C,2760.07,buy,1.0,1.0,,,,,,,1752090537.654
2535,ETH-256934979,1752090562698,0,0.0645,0.064811,62.95,ETH-25JUL25-2700-C,2762.27,sell,1.0,1.0,,,,,,,1752090562.698
2536,ETH-256935020,1752090571688,1,0.0645,0.064743,63.11,ETH-25JUL25-2700-C,2761.63,buy,1.0,1.0,,,,,,,1752090571.688
2537,ETH-256935033,1752090580219,1,0.0645,0.064592,63.1,ETH-25JUL25-2700-C,2761.72,buy,1.0,1.0,,,,,,,1752090580.219
2538,ETH-256935047,1752090588288,2,0.064,0.064596,62.51,ETH-25JUL25-2700-C,2761.59,sell,1.0,1.0,,,,,,,1752090588.288
2539,ETH-256935288,1752090659515,0,0.065,0.065418,63.05,ETH-25JUL25-2700-C,2764.3,sell,1.0,1.0,,,,,,,1752090659.515
2540,ETH-256936459,1752090694851,0,0.067,0.067862,62.82,ETH-25JUL25-2700-C,2775.14,sell,1.0,1.0,,,,,,,1752090694.851
2541,ETH-256937281,1752090738691,0,0.069,0.068896,63.32,ETH-25JUL25-2700-C,2783.27,sell,1.0,1.0,,,,,,,1752090738.691
2542,ETH-256937473,1752090747307,2,0.0685,0.069135,62.63,ETH-25JUL25-2700-C,2783.52,sell,1.0,1.0,,,,,,,1752090747.307
2543,ETH-256937546,1752090756031,0,0.069,0.069732,62.92,ETH-25JUL25-2700-C,2784.89,sell,1.0,1.0,,,,,,,1752090756.031
2544,ETH-256937748,1752090765216,1,0.069,0.07024,62.42,ETH-25JUL25-2700-C,2786.77,sell,1.0,1.0,,,,,,,1752090765.216
2545,ETH-256938515,1752090809631,0,0.0695,0.069781,63.34,ETH-25JUL25-2700-C,2785.91,sell,1.0,1.0,,,,,,,1752090809.631
2546,ETH-256941605,1752091002579,2,0.0655,0.066121,63.32,ETH-25JUL25-2700-C,2766.53,sell,1.0,1.0,,,,,,,1752091002.579
2547,ETH-256941624,1752091006029,0,0.066,0.066173,63.86,ETH-25JUL25-2700-C,2766.95,buy,1.0,1.0,,,,,,,1752091006.029
2548,ETH-256943583,1752091198007,1,0.066,0.065878,64.2,ETH-25JUL25-2700-C,2765.12,buy,1.0,1.0,,,,,,,1752091198.007
2549,ETH-256943621,1752091203734,0,0.0665,0.066185,64.78,ETH-25JUL25-2700-C,2765.34,sell,1.0,1.0,,,,,,,1752091203.734
2550,ETH-256947761,1752092050075,2,0.061,0.062266,61.51,ETH-25JUL25-2700-C,2750.39,sell,1.0,1.0,,,,,,,1752092050.075
2551,ETH-256948081,1752092179881,0,0.062,0.062256,62.67,ETH-25JUL25-2700-C,2750.84,buy,1.0,1.0,,,,,,,1752092179.881
2552,ETH-256951272,1752093619653,2,0.06,0.059436,63.69,ETH-25JUL25-2700-C,2735.98,buy,1.0,1.0,,,,,,,1752093619.653
2553,ETH-256952126,1752094101579,2,0.0595,0.059744,62.78,ETH-25JUL25-2700-C,2737.05,sell,1.0,1.0,,,,,,,1752094101.579
2554,ETH-256952300,1752094229693,3,0.0595,0.05984,62.33,ETH-25JUL25-2700-C,2739.15,buy,1.0,1.0,,,,,,,1752094229.693
2555,ETH-256955970,1752097604022,0,0.0625,0.06317,61.51,ETH-25JUL25-2700-C,2758.0,sell,1.0,1.0,,,,,,,1752097604.022
2556,ETH-256958555,1752099133656,0,0.067,0.066955,62.93,ETH-25JUL25-2700-C,2775.04,buy,1.0,1.0,,,,,,,1752099133.656
2557,ETH-256958725,1752099219490,1,0.067,0.067041,62.91,ETH-25JUL25-2700-C,2775.05,buy,1.0,1.0,,,,,,,1752099219.49
2558,ETH-256958979,1752099255019,0,0.0675,0.067686,62.81,ETH-25JUL25-2700-C,2777.89,buy,1.0,1.0,,,,,,,1752099255.019
2559,ETH-256959146,1752099348868,2,0.067,0.067211,62.75,ETH-25JUL25-2700-C,2775.68,buy,1.0,1.0,,,,,,,1752099348.868
2560,ETH-256961915,1752100479966,2,0.066,0.065722,63.41,ETH-25JUL25-2700-C,2767.98,buy,1.0,1.0,,,,,,,1752100479.966
2561,ETH-256966406,1752101932029,0,0.068,0.068032,63.02,ETH-25JUL25-2700-C,2780.51,buy,1.0,1.0,,,,,,,1752101932.029
2562,ETH-256966601,1752102042095,0,0.0685,0.06821,63.63,ETH-25JUL25-2700-C,2780.52,buy,1000.0,1000.0,2.0,BLOCK-209409,ETH-CDIAG-29AUG25_25JUL25-3100_2700,,,,1752102042.095
2563,ETH-256966755,1752102129892,0,0.0693,0.068129,65.12,ETH-25JUL25-2700-C,2778.71,buy,1000.0,1000.0,2.0,BLOCK-209412,ETH-STRG-25JUL25-2400_2700,,,,1752102129.892
2564,ETH-256966868,1752102165428,2,0.069,0.068239,64.62,ETH-25JUL25-2700-C,2778.78,buy,1000.0,1000.0,2.0,BLOCK-209413,ETH-STRG-25JUL25-2400_2700,,,,1752102165.428
2565,ETH-256966937,1752102186977,2,0.0682,0.068129,63.74,ETH-25JUL25-2700-C,2778.11,sell,1000.0,1000.0,2.0,BLOCK-209414,ETH-CDIAG-29AUG25_25JUL25-3100_2700,,,,1752102186.977
2566,ETH-256967441,1752102518824,0,0.0698,0.068608,65.66,ETH-25JUL25-2700-C,2777.57,buy,500.0,500.0,2.0,BLOCK-209420,ETH-CDIAG-29AUG25_25JUL25-3100_2700,,,,1752102518.824
2567,ETH-256967443,1752102518863,0,0.0704,0.068608,66.42,ETH-25JUL25-2700-C,2777.57,buy,125.0,125.0,2.0,BLOCK-209421,ETH-CDIAG-29AUG25_25JUL25-3100_2700,,,,1752102518.863
2568,ETH-256967535,1752102609647,2,0.0691,0.068591,65.06,ETH-25JUL25-2700-C,2776.83,buy,1000.0,1000.0,2.0,BLOCK-209422,ETH-CDIAG-29AUG25_25JUL25-3100_2700,,,,1752102609.647
2569,ETH-256967643,1752102751395,0,0.0694,0.068765,65.53,ETH-25JUL25-2700-C,2776.2,buy,500.0,500.0,2.0,BLOCK-209424,ETH-CDIAG-29AUG25_25JUL25-3100_2700,,,,1752102751.395
2570,ETH-256967793,1752102887986,2,0.0685,0.068441,64.89,ETH-25JUL25-2700-C,2774.26,sell,2.0,2.0,,,,,,,1752102887.986
2571,ETH-256970050,1752104848602,3,0.0685,0.068766,64.52,ETH-25JUL25-2700-C,2776.32,sell,2.0,2.0,,,,,,,1752104848.602
2572,ETH-256975916,1752110886006,2,0.066,0.065309,63.51,ETH-25JUL25-2700-C,2769.8,buy,1.0,1.0,,,,,,,1752110886.006
2573,ETH-256977451,1752112540096,0,0.068,0.068034,63.72,ETH-25JUL25-2700-C,2778.21,sell,5.0,5.0,,,,,,,1752112540.096
2574,ETH-256978347,1752113193393,0,0.069,0.068504,64.77,ETH-25JUL25-2700-C,2779.83,buy,2.0,2.0,,,,,,,1752113193.393
2575,ETH-256978615,1752113331128,0,0.0695,0.06907,64.97,ETH-25JUL25-2700-C,2781.35,sell,10.0,10.0,,,,,,,1752113331.128
2576,ETH-256979501,1752113460452,0,0.0705,0.070522,64.57,ETH-25JUL25-2700-C,2787.76,buy,1.0,1.0,,,,,,,1752113460.452
2577,ETH-256979630,1752113481642,0,0.0715,0.070929,65.21,ETH-25JUL25-2700-C,2790.09,buy,1.0,1.0,,,,,,,1752113481.642
2578,ETH-256989234,1752123134923,2,0.0685,0.068548,64.04,ETH-25JUL25-2700-C,2780.85,buy,10.0,10.0,,,,,,,1752123134.923
2579,ETH-256998553,1752131324596,0,0.075,0.075159,63.98,ETH-25JUL25-2700-C,2813.98,sell,1.0,1.0,,,,,,,1752131324.596
2580,ETH-257003610,1752132461622,2,0.0745,0.073926,65.03,ETH-25JUL25-2700-C,2807.98,sell,15.0,15.0,,,,,,,1752132461.622
2581,ETH-257006206,1752133308071,2,0.072,0.071924,64.73,ETH-25JUL25-2700-C,2797.0,sell,1.0,1.0,,,,,,,1752133308.071
2582,ETH-257007867,1752133903439,2,0.071,0.070796,64.46,ETH-25JUL25-2700-C,2792.42,sell,87.0,87.0,,,,,,,1752133903.439
2583,ETH-257007868,1752133903447,3,0.071,0.070796,64.46,ETH-25JUL25-2700-C,2792.42,sell,13.0,13.0,,,,,,,1752133903.447
2584,ETH-257008473,1752134280766,3,0.071,0.071004,64.43,ETH-25JUL25-2700-C,2792.62,sell,125.0,125.0,,,,,,,1752134280.766
2585,ETH-257012481,1752136718131,0,0.0725,0.071942,65.24,ETH-25JUL25-2700-C,2796.93,buy,1.0,1.0,,,,,,,1752136718.131
2586,ETH-257012556,1752136777994,1,0.0725,0.071988,65.23,ETH-25JUL25-2700-C,2796.94,sell,1.0,1.0,,,,,,,1752136777.994
2587,ETH-257018931,1752142780492,2,0.068,0.067803,64.92,ETH-25JUL25-2700-C,2777.1,sell,1.0,1.0,,,,,,,1752142780.492
2588,ETH-257019656,1752143975830,0,0.0685,0.068744,64.18,ETH-25JUL25-2700-C,2782.95,buy,1.0,1.0,,,,,,,1752143975.83
2589,ETH-257019843,1752144180300,0,0.069,0.069111,64.26,ETH-25JUL25-2700-C,2784.9,buy,1.0,1.0,,,,,,,1752144180.3
2590,ETH-257024556,1752149419022,2,0.0665,0.067058,63.63,ETH-25JUL25-2700-C,2775.4,sell,20.0,20.0,,,,,,,1752149419.022
2591,ETH-257031885,1752155385725,0,0.0676,0.066837,65.43,ETH-25JUL25-2700-C,2775.4,sell,50.0,50.0,5.0,BLOCK-209557,,,,,1752155385.725
2592,ETH-257039868,1752159960414,2,0.066,0.066372,64.27,ETH-25JUL25-2700-C,2773.35,sell,3.0,3.0,,,,,,,1752159960.414
2593,ETH-257050655,1752165843919,0,0.0755,0.075365,66.04,ETH-25JUL25-2700-C,2813.84,sell,1.0,1.0,,,,,,,1752165843.919
2594,ETH-257050683,1752165863914,2,0.075,0.074811,66.16,ETH-25JUL25-2700-C,2811.15,sell,1.0,1.0,,,,,,,1752165863.914
2595,ETH-257055009,1752167228979,0,0.077,0.076681,66.59,ETH-25JUL25-2700-C,2818.6,sell,1.0,1.0,,,,,,,1752167228.979
2597,ETH-257055346,1752167329155,3,0.076,0.076144,65.51,ETH-25JUL25-2700-C,2817.74,sell,5.0,5.0,,,,,,,1752167329.155
2596,ETH-257055345,1752167329155,2,0.076,0.076144,65.51,ETH-25JUL25-2700-C,2817.74,sell,2.0,2.0,,,,,,,1752167329.155
2598,ETH-257055367,1752167329991,3,0.076,0.07628,65.52,ETH-25JUL25-2700-C,2817.7,sell,7.0,7.0,,,,,,,1752167329.991
2599,ETH-257055368,1752167330619,3,0.076,0.07628,65.52,ETH-25JUL25-2700-C,2817.7,sell,7.0,7.0,,,,,,,1752167330.619
2600,ETH-257055369,1752167330980,3,0.076,0.07635,65.36,ETH-25JUL25-2700-C,2818.22,sell,7.0,7.0,,,,,,,1752167330.98
2601,ETH-257055370,1752167331310,3,0.076,0.07635,65.36,ETH-25JUL25-2700-C,2818.22,sell,7.0,7.0,,,,,,,1752167331.31
2602,ETH-257055371,1752167331626,3,0.076,0.07635,65.36,ETH-25JUL25-2700-C,2818.22,sell,7.0,7.0,,,,,,,1752167331.626
2603,ETH-257055372,1752167332006,3,0.076,0.07635,65.31,ETH-25JUL25-2700-C,2818.39,sell,7.0,7.0,,,,,,,1752167332.006
2604,ETH-257055373,1752167332370,3,0.076,0.07635,65.31,ETH-25JUL25-2700-C,2818.39,sell,7.0,7.0,,,,,,,1752167332.37
2605,ETH-257055374,1752167332722,3,0.076,0.07635,65.31,ETH-25JUL25-2700-C,2818.39,sell,7.0,7.0,,,,,,,1752167332.722
2606,ETH-257055376,1752167333271,3,0.076,0.076469,65.26,ETH-25JUL25-2700-C,2818.59,sell,7.0,7.0,,,,,,,1752167333.271
2607,ETH-257062480,1752170163552,0,0.0795,0.079867,66.48,ETH-25JUL25-2700-C,2830.9,buy,2.0,2.0,,,,,,,1752170163.552
2608,ETH-257063082,1752170419121,2,0.079,0.079089,66.75,ETH-25JUL25-2700-C,2827.95,sell,60.0,60.0,,,,,,,1752170419.121
2610,ETH-257063261,1752170498954,3,0.079,0.079549,66.2,ETH-25JUL25-2700-C,2829.53,sell,36.0,36.0,,,,,,,1752170498.954
2611,ETH-257063262,1752170498954,3,0.079,0.079549,66.2,ETH-25JUL25-2700-C,2829.53,sell,5.0,5.0,,,,,,,1752170498.954
2609,ETH-257063260,1752170498954,3,0.079,0.079549,66.2,ETH-25JUL25-2700-C,2829.53,sell,20.0,20.0,,,,,,,1752170498.954
2612,ETH-257063312,1752170523943,0,0.0795,0.079684,66.63,ETH-25JUL25-2700-C,2830.44,sell,6.0,6.0,,,,,,,1752170523.943
2613,ETH-257063339,1752170538714,1,0.0795,0.079745,66.59,ETH-25JUL25-2700-C,2830.57,sell,16.0,16.0,,,,,,,1752170538.714
2614,ETH-257063415,1752170592292,0,0.08,0.080249,66.59,ETH-25JUL25-2700-C,2832.89,sell,2.0,2.0,,,,,,,1752170592.292
2615,ETH-257064123,1752170848366,0,0.0815,0.082078,66.01,ETH-25JUL25-2700-C,2841.85,sell,1.0,1.0,,,,,,,1752170848.366
2616,ETH-257065617,1752171281200,2,0.0775,0.077831,65.98,ETH-25JUL25-2700-C,2823.44,sell,2.0,2.0,,,,,,,1752171281.2
2617,ETH-257065618,1752171281202,3,0.0775,0.077831,65.98,ETH-25JUL25-2700-C,2823.44,buy,3.0,3.0,,,,,,,1752171281.202
2618,ETH-257066822,1752171882659,3,0.0775,0.077597,66.45,ETH-25JUL25-2700-C,2821.91,sell,19.0,19.0,,,,,,,1752171882.659
2619,ETH-257070641,1752173303560,2,0.0735,0.073568,66.31,ETH-25JUL25-2700-C,2802.99,buy,1.0,1.0,,,,,,,1752173303.56
2620,ETH-257072593,1752174806840,0,0.078,0.077477,67.08,ETH-25JUL25-2700-C,2822.55,sell,1.0,1.0,,,,,,,1752174806.84
2621,ETH-257074780,1752176681084,2,0.0746,0.07555,64.77,ETH-25JUL25-2700-C,2815.75,sell,50.0,50.0,5.0,BLOCK-209675,,,,,1752176681.084
2622,ETH-257075399,1752177287982,0,0.0755,0.075588,65.74,ETH-25JUL25-2700-C,2816.56,buy,1.0,1.0,,,,,,,1752177287.982
2623,ETH-257081200,1752182311110,0,0.085,0.084025,66.49,ETH-25JUL25-2700-C,2857.33,buy,2.0,2.0,,,,,,,1752182311.11
2624,ETH-257081245,1752182311543,0,0.086,0.084236,67.84,ETH-25JUL25-2700-C,2857.55,buy,1.0,1.0,,,,,,,1752182311.543
2625,ETH-257086170,1752182652601,0,0.0995,0.099552,67.96,ETH-25JUL25-2700-C,2918.58,sell,5.0,5.0,,,,,M,,1752182652.601
2626,ETH-257095217,1752183313750,2,0.095,0.095217,66.49,ETH-25JUL25-2700-C,2906.85,buy,1.0,1.0,,,,,,,1752183313.75
2627,ETH-257095218,1752183313756,3,0.095,0.095217,66.49,ETH-25JUL25-2700-C,2906.85,buy,1.0,1.0,,,,,,,1752183313.756
2628,ETH-257096317,1752183452294,2,0.094,0.09366,67.33,ETH-25JUL25-2700-C,2900.04,buy,1.0,1.0,,,,,,,1752183452.294
2629,ETH-257096469,1752183488368,0,0.0945,0.094412,66.92,ETH-25JUL25-2700-C,2903.28,buy,1.0,1.0,,,,,,,1752183488.368
2630,ETH-257096550,1752183504706,0,0.095,0.095101,66.59,ETH-25JUL25-2700-C,2906.33,buy,2.0,2.0,,,,,,,1752183504.706
2631,ETH-257096764,1752183549534,1,0.095,0.09506,66.63,ETH-25JUL25-2700-C,2906.33,buy,1.0,1.0,,,,,,,1752183549.534
2632,ETH-257100599,1752183735605,0,0.1025,0.102559,67.64,ETH-25JUL25-2700-C,2936.7,buy,1.0,1.0,,,,,,,1752183735.605
2633,ETH-257104898,1752183847405,0,0.108,0.108554,67.17,ETH-25JUL25-2700-C,2962.17,buy,1.0,1.0,,,,,,,1752183847.405
2634,ETH-257106526,1752183894392,2,0.107,0.107542,67.08,ETH-25JUL25-2700-C,2958.72,buy,1.0,1.0,,,,,,,1752183894.392
2635,ETH-257108174,1752184016457,2,0.105,0.104955,67.93,ETH-25JUL25-2700-C,2947.78,buy,1.0,1.0,,,,,,,1752184016.457
2636,ETH-257108477,1752184044734,2,0.1045,0.104765,67.35,ETH-25JUL25-2700-C,2946.95,buy,1.0,1.0,,,,,,,1752184044.734
2637,ETH-257108592,1752184057588,0,0.105,0.105161,67.35,ETH-25JUL25-2700-C,2949.02,buy,1.0,1.0,,,,,,,1752184057.588
2638,ETH-257108698,1752184063474,2,0.1045,0.104901,66.98,ETH-25JUL25-2700-C,2947.83,sell,1.0,1.0,,,,,,,1752184063.474
2639,ETH-257109282,1752184102445,2,0.102,0.102595,67.01,ETH-25JUL25-2700-C,2937.31,buy,1.0,1.0,,,,,,,1752184102.445
2640,ETH-257109369,1752184113704,0,0.103,0.103307,67.13,ETH-25JUL25-2700-C,2941.27,buy,1.0,1.0,,,,,,,1752184113.704
2641,ETH-257109455,1752184125057,0,0.1035,0.10373,67.29,ETH-25JUL25-2700-C,2942.87,buy,1.0,1.0,,,,,,,1752184125.057
2642,ETH-257109506,1752184131150,2,0.103,0.103632,66.93,ETH-25JUL25-2700-C,2941.62,buy,1.0,1.0,,,,,,,1752184131.15
2643,ETH-257110100,1752184145615,0,0.108,0.106335,70.5,ETH-25JUL25-2700-C,2953.83,buy,20.0,20.0,,,,,,,1752184145.615
2644,ETH-257117660,1752184325390,0,0.111,0.110978,67.65,ETH-25JUL25-2700-C,2973.73,buy,1.0,1.0,,,,,,,1752184325.39
2645,ETH-257118364,1752184360651,0,0.112,0.11242,67.26,ETH-25JUL25-2700-C,2979.47,buy,1.0,1.0,,,,,,,1752184360.651
2646,ETH-257120021,1752184424932,0,0.116,0.114341,71.12,ETH-25JUL25-2700-C,2987.71,buy,20.0,20.0,,,,,,,1752184424.932
2647,ETH-257120682,1752184447826,2,0.114,0.113792,67.88,ETH-25JUL25-2700-C,2987.32,buy,1.0,1.0,,,,,,,1752184447.826
2648,ETH-257121557,1752184479153,0,0.115,0.11523,67.74,ETH-25JUL25-2700-C,2992.13,buy,1.0,1.0,,,,,,,1752184479.153
2649,ETH-257122729,1752184560146,1,0.115,0.11534,67.7,ETH-25JUL25-2700-C,2992.29,buy,1.0,1.0,,,,,,,1752184560.146
2650,ETH-257122923,1752184569726,0,0.1155,0.115072,67.79,ETH-25JUL25-2700-C,2994.17,buy,1.0,1.0,,,,,,,1752184569.726
2651,ETH-257123767,1752184590687,2,0.115,0.115146,67.42,ETH-25JUL25-2700-C,2992.64,buy,1.0,1.0,,,,,,,1752184590.687
2652,ETH-257124030,1752184605595,0,0.1155,0.116108,67.54,ETH-25JUL25-2700-C,2994.23,buy,1.0,1.0,,,,,,,1752184605.595
2653,ETH-257134869,1752185347057,2,0.107,0.10902,66.28,ETH-25JUL25-2700-C,2961.89,sell,1.0,1.0,,,,,,,1752185347.057
2654,ETH-257149155,1752189537368,0,0.108,0.108185,68.66,ETH-25JUL25-2700-C,2959.88,sell,5.0,5.0,,,,,,,1752189537.368
2655,ETH-257169779,1752199977807,2,0.107,0.107009,66.8,ETH-25JUL25-2700-C,2959.94,buy,1.0,1.0,,,,,,,1752199977.807
2656,ETH-257170510,1752200320228,0,0.108,0.107972,67.02,ETH-25JUL25-2700-C,2963.56,buy,1.0,1.0,,,,,,,1752200320.228
2657,ETH-257176790,1752203240607,0,0.1085,0.108306,67.62,ETH-25JUL25-2700-C,2965.08,buy,10.0,10.0,,,,,,,1752203240.607
2658,ETH-257177046,1752203445276,1,0.1085,0.108493,67.35,ETH-25JUL25-2700-C,2965.7,buy,40.0,40.0,,,,,,,1752203445.276
2659,ETH-257177604,1752203894849,1,0.1085,0.108723,66.83,ETH-25JUL25-2700-C,2966.34,buy,1.0,1.0,,,ETH-CS-25JUL25-2700_3200,ETH-257177603,,,1752203894.849
2660,ETH-257179003,1752204764969,0,0.109,0.109127,67.27,ETH-25JUL25-2700-C,2967.92,sell,6.0,6.0,,,,,,,1752204764.969
2661,ETH-257180619,1752205771441,0,0.1098,0.109908,67.02,ETH-25JUL25-2700-C,2971.36,buy,1.0,1.0,,,ETH-CS-25JUL25-2700_3200,ETH-257180618,,,1752205771.441
2662,ETH-257181658,1752206504646,2,0.1085,0.108984,66.55,ETH-25JUL25-2700-C,2967.09,buy,2.0,2.0,,,,,,,1752206504.646
2663,ETH-257187296,1752210258941,0,0.1102,0.110291,67.07,ETH-25JUL25-2700-C,2972.76,buy,10.0,10.0,,,ETH-CS-25JUL25-2700_3200,ETH-257187295,,,1752210258.941
2664,ETH-257193256,1752211597817,0,0.115,0.115038,67.66,ETH-25JUL25-2700-C,2992.17,buy,2.0,2.0,,,,,,,1752211597.817
2665,ETH-257199723,1752212567956,0,0.119,0.118602,70.22,ETH-25JUL25-2700-C,3003.29,buy,10.0,10.0,,,,,,,1752212567.956
2666,ETH-257213194,1752216500762,2,0.1185,0.118544,70.82,ETH-25JUL25-2700-C,3000.24,sell,1.0,1.0,,,,,,,1752216500.762
2667,ETH-257213307,1752216530686,2,0.118,0.118146,70.7,ETH-25JUL25-2700-C,2998.55,sell,1.0,1.0,,,,,,,1752216530.686
2668,ETH-257213382,1752216532023,2,0.1175,0.118146,70.02,ETH-25JUL25-2700-C,2998.04,sell,1.0,1.0,,,,,,,1752216532.023
2669,ETH-257213527,1752216542675,2,0.117,0.116942,70.83,ETH-25JUL25-2700-C,2993.97,sell,1.0,1.0,,,,,,,1752216542.675
2670,ETH-257213572,1752216549712,3,0.117,0.117368,69.58,ETH-25JUL25-2700-C,2996.81,buy,1.0,1.0,,,,,,,1752216549.712
2671,ETH-257213793,1752216599658,0,0.1171,0.1172,70.34,ETH-25JUL25-2700-C,2995.16,buy,5.0,5.0,,,ETH-CS-25JUL25-2700_3200,ETH-257213791,,,1752216599.658
2672,ETH-257213845,1752216615678,0,0.1175,0.117535,70.47,ETH-25JUL25-2700-C,2996.55,buy,1.0,1.0,,,ETH-CS-25JUL25-2700_3200,ETH-257213844,,,1752216615.678
2673,ETH-257217113,1752217498597,2,0.115,0.114815,70.99,ETH-25JUL25-2700-C,2983.3,sell,1.0,1.0,,,,,,,1752217498.597
2675,ETH-257220121,1752218788713,1,0.1186,0.118777,70.44,ETH-25JUL25-2700-C,3000.29,buy,11.0,11.0,,,ETH-CS-25JUL25-2700_3200,ETH-257220117,,,1752218788.713
2674,ETH-257220120,1752218788713,0,0.1186,0.118777,70.44,ETH-25JUL25-2700-C,3000.29,buy,1.0,1.0,,,ETH-CS-25JUL25-2700_3200,ETH-257220116,,,1752218788.713
2676,ETH-257227946,1752220429276,2,0.1165,0.116698,70.55,ETH-25JUL25-2700-C,2991.68,buy,1.0,1.0,,,,,,,1752220429.276
2677,ETH-257227947,1752220432284,3,0.1165,0.11671,70.52,ETH-25JUL25-2700-C,2991.76,buy,1.0,1.0,,,,,,,1752220432.284
2678,ETH-257227967,1752220442341,3,0.1165,0.116745,70.5,ETH-25JUL25-2700-C,2991.85,buy,1.0,1.0,,,,,,,1752220442.341
2679,ETH-257227972,1752220446874,3,0.1165,0.116715,70.48,ETH-25JUL25-2700-C,2991.86,buy,5.0,5.0,,,,,,,1752220446.874
2680,ETH-257228045,1752220464422,3,0.1165,0.116595,70.56,ETH-25JUL25-2700-C,2991.65,buy,1.0,1.0,,,,,,,1752220464.422
2681,ETH-257228048,1752220466649,3,0.1165,0.116674,70.48,ETH-25JUL25-2700-C,2991.84,buy,1.0,1.0,,,,,,,1752220466.649
2682,ETH-257238649,1752222901949,2,0.115,0.114827,70.55,ETH-25JUL25-2700-C,2985.05,buy,2.0,2.0,,,,,,,1752222901.949
2683,ETH-257240913,1752223413898,0,0.118,0.118491,69.03,ETH-25JUL25-2700-C,3001.85,buy,50.0,50.0,,,,,,,1752223413.898
2684,ETH-257241983,1752223568465,0,0.12,0.119666,70.7,ETH-25JUL25-2700-C,3007.18,sell,1.0,1.0,,,,,,,1752223568.465
2685,ETH-257242052,1752223587808,2,0.119,0.118803,70.22,ETH-25JUL25-2700-C,3003.99,sell,1.0,1.0,,,,,,,1752223587.808
2686,ETH-257242053,1752223587965,0,0.1195,0.118803,71.15,ETH-25JUL25-2700-C,3003.99,sell,1.0,1.0,,,,,,,1752223587.965
2687,ETH-257242194,1752223652566,2,0.118,0.118231,69.44,ETH-25JUL25-2700-C,3001.35,buy,1.0,1.0,,,,,,,1752223652.566
2688,ETH-257242685,1752223922827,0,0.119,0.118958,70.21,ETH-25JUL25-2700-C,3003.8,sell,2.0,2.0,,,,,,,1752223922.827
2689,ETH-257243257,1752224330066,1,0.119,0.11893,70.25,ETH-25JUL25-2700-C,3003.27,buy,5.0,5.0,,,,,,,1752224330.066
2690,ETH-257244797,1752225304404,0,0.1195,0.119476,69.91,ETH-25JUL25-2700-C,3006.82,buy,5.0,5.0,,,,,,,1752225304.404
2691,ETH-257244858,1752225338109,0,0.12,0.119692,70.38,ETH-25JUL25-2700-C,3007.76,buy,1.0,1.0,,,,,,,1752225338.109
2692,ETH-257246197,1752226012181,0,0.122,0.122115,69.47,ETH-25JUL25-2700-C,3018.75,sell,5.0,5.0,,,ETH-CS-25JUL25-2700_3200,ETH-257246196,,,1752226012.181
2693,ETH-257246894,1752226466463,0,0.1235,0.123054,70.03,ETH-25JUL25-2700-C,3023.72,buy,4.0,4.0,,,,,,,1752226466.463
2694,ETH-257249063,1752226801857,0,0.1262,0.126489,69.64,ETH-25JUL25-2700-C,3036.21,sell,10.0,10.0,,,ETH-CS-25JUL25-2700_3200,ETH-257249061,,,1752226801.857
2695,ETH-257251389,1752227440322,2,0.1233,0.123675,69.09,ETH-25JUL25-2700-C,3024.95,sell,10.0,10.0,,,ETH-CS-25JUL25-2700_3200,ETH-257251387,,,1752227440.322
2696,ETH-257285976,1752243513260,2,0.1168,0.116849,68.44,ETH-25JUL25-2700-C,2999.04,buy,4.0,4.0,,,ETH-CS-25JUL25-2700_3200,ETH-257285974,,,1752243513.26
2697,ETH-257395832,1752330641765,2,0.1025,0.102936,67.05,ETH-25JUL25-2700-C,2946.16,buy,24.0,24.0,,,,,,,1752330641.765
2698,ETH-257395945,1752330755973,3,0.1025,0.102538,67.69,ETH-25JUL25-2700-C,2945.1,buy,21.0,21.0,,,,,,,1752330755.973
2699,ETH-257398435,1752332714846,2,0.099,0.098987,67.51,ETH-25JUL25-2700-C,2930.3,buy,5.0,5.0,,,,,,,1752332714.846
2700,ETH-257399749,1752333255189,2,0.0985,0.098539,67.46,ETH-25JUL25-2700-C,2928.13,buy,16.0,16.0,,,,,,,1752333255.189
2701,ETH-257399750,1752333255194,3,0.0985,0.098539,67.46,ETH-25JUL25-2700-C,2928.13,buy,3.0,3.0,,,,,,,1752333255.194
2702,ETH-257399769,1752333282649,0,0.099,0.098982,67.49,ETH-25JUL25-2700-C,2930.1,buy,6.0,6.0,,,,,,,1752333282.649
2703,ETH-257399887,1752333434047,2,0.0985,0.098538,67.5,ETH-25JUL25-2700-C,2928.01,buy,16.0,16.0,,,,,,,1752333434.047
2704,ETH-257399888,1752333434051,3,0.0985,0.098538,67.5,ETH-25JUL25-2700-C,2928.01,buy,2.0,2.0,,,,,,,1752333434.051
2705,ETH-257399918,1752333455893,0,0.099,0.098887,67.71,ETH-25JUL25-2700-C,2929.64,buy,12.0,12.0,,,,,,,1752333455.893
2706,ETH-257400226,1752333838751,2,0.0985,0.098451,67.74,ETH-25JUL25-2700-C,2927.27,buy,14.0,14.0,,,,,,,1752333838.751
2707,ETH-257400227,1752333838758,3,0.0985,0.098451,67.74,ETH-25JUL25-2700-C,2927.27,buy,1.0,1.0,,,,,,,1752333838.758
2708,ETH-257400228,1752333838976,3,0.0985,0.098451,67.74,ETH-25JUL25-2700-C,2927.27,buy,5.0,5.0,,,,,,,1752333838.976
2709,ETH-257400357,1752333927298,2,0.0975,0.097566,67.3,ETH-25JUL25-2700-C,2924.01,buy,17.0,17.0,,,,,,,1752333927.298
2710,ETH-257408237,1752337105010,0,0.0995,0.099398,68.26,ETH-25JUL25-2700-C,2930.68,buy,2.0,2.0,,,,,,,1752337105.01
2711,ETH-257452185,1752416377795,0,0.12,0.119132,73.24,ETH-25JUL25-2700-C,3013.9,buy,3.0,3.0,,,,,,,1752416377.795
2712,ETH-257452901,1752416429449,0,0.1215,0.120328,73.62,ETH-25JUL25-2700-C,3019.86,buy,4.0,4.0,,,,,,,1752416429.449
2713,ETH-257484609,1752436913150,2,0.1115,0.111398,71.61,ETH-25JUL25-2700-C,2985.27,buy,1.0,1.0,,,,,,,1752436913.15
2714,ETH-257503409,1752447652907,2,0.103,0.103023,65.84,ETH-25JUL25-2700-C,2961.41,sell,1.0,1.0,,,,,,,1752447652.907
2715,ETH-257504178,1752448235616,2,0.1025,0.102165,66.28,ETH-25JUL25-2700-C,2958.53,sell,1.0,1.0,,,,,,,1752448235.616
2716,ETH-257504546,1752448836618,0,0.1035,0.103248,66.04,ETH-25JUL25-2700-C,2962.99,sell,1.0,1.0,,,,,,,1752448836.618
2717,ETH-257511400,1752455148576,0,0.1075,0.107291,66.75,ETH-25JUL25-2700-C,2978.21,sell,1.0,1.0,,,,,,,1752455148.576
2718,ETH-257569927,1752486661543,0,0.1295,0.128082,74.49,ETH-25JUL25-2700-C,3058.3,buy,2.0,2.0,,,,,,,1752486661.543
2719,ETH-257575348,1752489083151,2,0.129,0.128406,71.11,ETH-25JUL25-2700-C,3061.16,buy,1.0,1.0,,,,,,,1752489083.151
2720,ETH-257589524,1752493635037,3,0.129,0.130901,65.31,ETH-25JUL25-2700-C,3070.69,sell,1.0,1.0,,,,,,,1752493635.037
2721,ETH-257591068,1752494031830,2,0.1278,0.127803,70.67,ETH-25JUL25-2700-C,3059.0,buy,25.0,25.0,,,ETH-CSR12-25JUL25-2700_3200,ETH-257591066,,,1752494031.83
2722,ETH-257599840,1752497842535,2,0.1245,0.1247,69.37,ETH-25JUL25-2700-C,3047.83,buy,1.0,1.0,,,,,,,1752497842.535
2723,ETH-257640767,1752522363092,2,0.113,0.113187,72.79,ETH-25JUL25-2700-C,2997.1,buy,1.0,1.0,,,,,,,1752522363.092
2724,ETH-257640830,1752522469162,3,0.113,0.113,72.38,ETH-25JUL25-2700-C,2997.9,buy,1.0,1.0,,,,,,,1752522469.162
2725,ETH-257640859,1752522555429,2,0.1125,0.112393,72.73,ETH-25JUL25-2700-C,2995.29,buy,1.0,1.0,,,,,,,1752522555.429
2726,ETH-257640866,1752522570451,3,0.1125,0.112445,72.64,ETH-25JUL25-2700-C,2995.36,buy,1.0,1.0,,,,,,,1752522570.451
2727,ETH-257640923,1752522616905,3,0.1125,0.112139,73.03,ETH-25JUL25-2700-C,2994.68,buy,1.0,1.0,,,,,,,1752522616.905
2728,ETH-257640933,1752522631182,3,0.1125,0.112298,72.83,ETH-25JUL25-2700-C,2995.01,buy,1.0,1.0,,,,,,,1752522631.182
2729,ETH-257640985,1752522710693,2,0.112,0.111998,72.39,ETH-25JUL25-2700-C,2993.79,buy,1.0,1.0,,,,,,,1752522710.693
2730,ETH-257643503,1752526001561,0,0.1145,0.114978,71.56,ETH-25JUL25-2700-C,3005.98,buy,1.0,1.0,,,,,,,1752526001.561
2731,ETH-257645684,1752530103172,0,0.117,0.116693,72.33,ETH-25JUL25-2700-C,3014.26,buy,1.0,1.0,,,,,,,1752530103.172
2732,ETH-257671867,1752549349620,2,0.0985,0.098193,71.25,ETH-25JUL25-2700-C,2940.49,sell,1.0,1.0,,,,,,,1752549349.62
2733,ETH-257677423,1752552061376,0,0.101,0.100686,71.48,ETH-25JUL25-2700-C,2950.88,sell,1.0,1.0,,,,,,,1752552061.376
2734,ETH-257678482,1752552635191,2,0.0975,0.097389,71.42,ETH-25JUL25-2700-C,2936.13,sell,1.0,1.0,,,,,,,1752552635.191
2735,ETH-257679222,1752553237839,0,0.1035,0.103202,71.87,ETH-25JUL25-2700-C,2960.64,sell,1.0,1.0,,,,,,,1752553237.839
2736,ETH-257701136,1752575493500,2,0.103,0.10276,66.15,ETH-25JUL25-2700-C,2970.38,sell,200.0,200.0,,,ETH-CS-25JUL25-2700_3200,ETH-257701135,,,1752575493.5
2737,ETH-257709528,1752582726320,0,0.1109,0.110902,64.6,ETH-25JUL25-2700-C,3005.49,buy,10.0,10.0,,,ETH-CS-25JUL25-2700_3200,ETH-257709526,,,1752582726.32
2738,ETH-257713578,1752583894711,2,0.11,0.110159,64.57,ETH-25JUL25-2700-C,3001.85,buy,100.0,100.0,4.0,BLOCK-210867,,,,,1752583894.711
2739,ETH-257756524,1752598987276,0,0.1245,0.124863,69.09,ETH-25JUL25-2700-C,3051.84,buy,45.0,45.0,,,,,,,1752598987.276
2740,ETH-257760268,1752600962230,0,0.13,0.129343,72.79,ETH-25JUL25-2700-C,3069.32,buy,1.0,1.0,,,,,,,1752600962.23
2741,ETH-257764501,1752602659234,0,0.1345,0.134983,70.59,ETH-25JUL25-2700-C,3090.64,sell,1.0,1.0,,,,,,,1752602659.234
2742,ETH-257769785,1752603819143,0,0.136,0.135948,72.95,ETH-25JUL25-2700-C,3092.93,sell,1.0,1.0,,,,,,,1752603819.143
2743,ETH-257787117,1752610401207,2,0.1246,0.124564,72.0,ETH-25JUL25-2700-C,3048.14,sell,200.0,200.0,4.0,BLOCK-211020,,,,,1752610401.207
2744,ETH-257794520,1752619420667,0,0.133,0.13314,71.78,ETH-25JUL25-2700-C,3084.77,buy,1.0,1.0,,,,,,,1752619420.667
2745,ETH-257794625,1752619438480,0,0.1335,0.133996,70.24,ETH-25JUL25-2700-C,3088.48,buy,1.0,1.0,,,,,,,1752619438.48
2746,ETH-257794680,1752619444652,1,0.1335,0.134029,70.57,ETH-25JUL25-2700-C,3088.08,buy,1.0,1.0,,,,,,,1752619444.652
2747,ETH-257794735,1752619461597,0,0.134,0.134151,71.66,ETH-25JUL25-2700-C,3088.81,buy,1.0,1.0,,,,,,,1752619461.597
2748,ETH-257794744,1752619467668,1,0.134,0.134252,71.47,ETH-25JUL25-2700-C,3089.03,buy,1.0,1.0,,,,,,,1752619467.668
2749,ETH-257794773,1752619491887,2,0.1335,0.134068,70.38,ETH-25JUL25-2700-C,3088.42,sell,1.0,1.0,,,,,,,1752619491.887
2750,ETH-257794784,1752619502797,3,0.1335,0.134026,70.38,ETH-25JUL25-2700-C,3088.45,sell,1.0,1.0,,,,,,,1752619502.797
2751,ETH-257794829,1752619520396,3,0.1335,0.133879,71.01,ETH-25JUL25-2700-C,3087.88,buy,1.0,1.0,,,,,,,1752619520.396
2752,ETH-257795003,1752619588868,2,0.1325,0.133184,70.5,ETH-25JUL25-2700-C,3084.6,sell,1.0,1.0,,,,,,,1752619588.868
2753,ETH-257795057,1752619608586,3,0.1325,0.132882,71.46,ETH-25JUL25-2700-C,3083.48,buy,1.0,1.0,,,,,,,1752619608.586
2754,ETH-257795060,1752619614368,3,0.1325,0.132766,71.43,ETH-25JUL25-2700-C,3083.5,buy,1.0,1.0,,,,,,,1752619614.368
2755,ETH-257795085,1752619655090,3,0.1325,0.132788,71.45,ETH-25JUL25-2700-C,3083.4,buy,1.0,1.0,,,,,,,1752619655.09
2756,ETH-257795107,1752619690402,3,0.1325,0.132952,71.05,ETH-25JUL25-2700-C,3083.8,buy,1.0,1.0,,,,,,,1752619690.402
2757,ETH-257795112,1752619698536,3,0.1325,0.132985,70.52,ETH-25JUL25-2700-C,3084.38,buy,1.0,1.0,,,,,,,1752619698.536
2758,ETH-257795142,1752619727844,3,0.1325,0.133251,70.14,ETH-25JUL25-2700-C,3084.68,sell,1.0,1.0,,,,,,,1752619727.844
2759,ETH-257795165,1752619758680,0,0.133,0.133385,71.21,ETH-25JUL25-2700-C,3085.35,buy,1.0,1.0,,,,,,,1752619758.68
2760,ETH-257795188,1752619771956,1,0.133,0.133393,71.12,ETH-25JUL25-2700-C,3085.45,buy,1.0,1.0,,,,,,,1752619771.956
2761,ETH-257795190,1752619778081,1,0.133,0.133492,70.84,ETH-25JUL25-2700-C,3085.78,buy,1.0,1.0,,,,,,,1752619778.081
2762,ETH-257795200,1752619795611,1,0.133,0.133508,70.69,ETH-25JUL25-2700-C,3085.97,buy,1.0,1.0,,,,,,,1752619795.611
2763,ETH-257795204,1752619804344,1,0.133,0.133498,70.81,ETH-25JUL25-2700-C,3085.86,buy,1.0,1.0,,,,,,,1752619804.344
2764,ETH-257796251,1752620419176,0,0.138,0.136207,78.52,ETH-25JUL25-2700-C,3096.77,buy,1.0,1.0,,,,,,,1752620419.176
2765,ETH-257801868,1752621240249,0,0.1435,0.143907,72.48,ETH-25JUL25-2700-C,3127.17,buy,1.0,1.0,,,,,,,1752621240.249
2766,ETH-257801893,1752621247885,2,0.143,0.143702,71.75,ETH-25JUL25-2700-C,3125.98,buy,1.0,1.0,,,,,,,1752621247.885
2767,ETH-257801996,1752621264929,2,0.142,0.142736,71.98,ETH-25JUL25-2700-C,3122.01,buy,1.0,1.0,,,,,,,1752621264.929
2768,ETH-257802054,1752621276151,3,0.142,0.142679,72.63,ETH-25JUL25-2700-C,3121.36,buy,1.0,1.0,,,,,,,1752621276.151
2769,ETH-257802069,1752621283210,3,0.142,0.142461,72.63,ETH-25JUL25-2700-C,3121.32,buy,1.0,1.0,,,,,,,1752621283.21
2770,ETH-257802081,1752621289764,3,0.142,0.142452,72.98,ETH-25JUL25-2700-C,3120.91,buy,1.0,1.0,,,,,,,1752621289.764
2771,ETH-257802213,1752621301552,0,0.1425,0.142819,72.79,ETH-25JUL25-2700-C,3122.93,buy,1.0,1.0,,,,,,,1752621301.552
2772,ETH-257802272,1752621313334,2,0.142,0.14265,71.88,ETH-25JUL25-2700-C,3121.97,buy,1.0,1.0,,,,,,,1752621313.334
2773,ETH-257802313,1752621324965,0,0.1425,0.142689,72.99,ETH-25JUL25-2700-C,3122.82,buy,1.0,1.0,,,,,,,1752621324.965
2774,ETH-257802339,1752621329974,1,0.1425,0.142947,72.93,ETH-25JUL25-2700-C,3122.84,buy,1.0,1.0,,,,,,,1752621329.974
2775,ETH-257807257,1752624054012,0,0.1465,0.147017,75.57,ETH-25JUL25-2700-C,3137.1,buy,1.0,1.0,,,,,,,1752624054.012
2776,ETH-257807273,1752624057080,2,0.146,0.146474,75.35,ETH-25JUL25-2700-C,3135.34,buy,1.0,1.0,,,,,,,1752624057.08
2777,ETH-257807365,1752624082439,2,0.1455,0.145714,74.34,ETH-25JUL25-2700-C,3134.3,buy,1.0,1.0,,,,,,,1752624082.439
2778,ETH-257807392,1752624096708,3,0.1455,0.145562,76.17,ETH-25JUL25-2700-C,3132.27,buy,1.0,1.0,,,,,,,1752624096.708
2779,ETH-257807406,1752624107080,2,0.145,0.145194,74.76,ETH-25JUL25-2700-C,3131.74,buy,1.0,1.0,,,,,,,1752624107.08
2780,ETH-257807431,1752624118660,3,0.145,0.145248,74.32,ETH-25JUL25-2700-C,3132.18,buy,1.0,1.0,,,,,,,1752624118.66
2781,ETH-257807474,1752624142748,3,0.145,0.145059,74.94,ETH-25JUL25-2700-C,3131.54,buy,1.0,1.0,,,,,,,1752624142.748
2782,ETH-257807482,1752624157045,0,0.1455,0.145476,75.45,ETH-25JUL25-2700-C,3133.01,buy,1.0,1.0,,,,,,,1752624157.045
2783,ETH-257807495,1752624164007,1,0.1455,0.145631,74.52,ETH-25JUL25-2700-C,3134.04,buy,1.0,1.0,,,,,,,1752624164.007
2784,ETH-257807500,1752624168956,1,0.1455,0.145776,74.38,ETH-25JUL25-2700-C,3134.17,buy,1.0,1.0,,,,,,,1752624168.956
2785,ETH-257807526,1752624177465,1,0.1455,0.145542,75.71,ETH-25JUL25-2700-C,3132.73,buy,1.0,1.0,,,,,,,1752624177.465
2786,ETH-257807561,1752624189338,1,0.1455,0.145468,75.17,ETH-25JUL25-2700-C,3133.32,buy,1.0,1.0,,,,,,,1752624189.338
2787,ETH-257807574,1752624203083,1,0.1455,0.145687,74.75,ETH-25JUL25-2700-C,3133.7,buy,1.0,1.0,,,,,,,1752624203.083
2788,ETH-257807598,1752624214741,1,0.1455,0.145753,74.23,ETH-25JUL25-2700-C,3134.18,buy,1.0,1.0,,,,,,,1752624214.741
2789,ETH-257807612,1752624230459,1,0.1455,0.145724,74.58,ETH-25JUL25-2700-C,3133.82,buy,1.0,1.0,,,,,,,1752624230.459
2790,ETH-257807637,1752624236601,1,0.1455,0.145492,75.44,ETH-25JUL25-2700-C,3132.94,buy,1.0,1.0,,,,,,,1752624236.601
2791,ETH-257807645,1752624241079,1,0.1455,0.145538,75.29,ETH-25JUL25-2700-C,3133.11,buy,1.0,1.0,,,,,,,1752624241.079
2792,ETH-257836186,1752648778064,0,0.151,0.150957,72.68,ETH-25JUL25-2700-C,3159.95,buy,25.0,25.0,,,,,,,1752648778.064
2793,ETH-257836335,1752648812230,1,0.151,0.15034,75.62,ETH-25JUL25-2700-C,3157.3,buy,11.0,11.0,,,,,,,1752648812.23
2794,ETH-257836337,1752648812371,1,0.151,0.150279,74.24,ETH-25JUL25-2700-C,3158.64,buy,14.0,14.0,,,,,,,1752648812.371
2795,ETH-257836857,1752649061162,1,0.151,0.150662,73.89,ETH-25JUL25-2700-C,3159.37,buy,75.0,75.0,,,,,,,1752649061.162
2796,ETH-257837105,1752649086132,0,0.152,0.151896,72.41,ETH-25JUL25-2700-C,3164.46,buy,15.0,15.0,,,,,,,1752649086.132
2797,ETH-257837107,1752649087135,1,0.152,0.151997,72.13,ETH-25JUL25-2700-C,3164.68,buy,85.0,85.0,,,,,,,1752649087.135
2798,ETH-257847113,1752652091191,0,0.1525,0.152565,73.39,ETH-25JUL25-2700-C,3165.21,sell,13.0,13.0,,,,,,,1752652091.191
2799,ETH-257847343,1752652222944,0,0.154,0.153921,73.88,ETH-25JUL25-2700-C,3170.49,sell,24.0,24.0,,,,,,,1752652222.944
2800,ETH-257849744,1752653245972,2,0.152,0.152121,73.72,ETH-25JUL25-2700-C,3163.12,sell,55.0,55.0,,,,,,,1752653245.972
2801,ETH-257853078,1752655083129,0,0.1535,0.153617,73.11,ETH-25JUL25-2700-C,3170.33,sell,13.0,13.0,,,,,,,1752655083.129
2802,ETH-257853092,1752655083426,1,0.1535,0.153617,73.11,ETH-25JUL25-2700-C,3170.33,sell,32.0,32.0,,,,,,,1752655083.426
2803,ETH-257902861,1752676595899,0,0.168,0.168875,74.09,ETH-25JUL25-2700-C,3229.57,buy,25.0,25.0,,,,,,,1752676595.899
2804,ETH-257903816,1752676793214,0,0.169,0.169884,73.76,ETH-25JUL25-2700-C,3233.86,sell,1.0,1.0,,,,,,,1752676793.214
2805,ETH-257905295,1752677284091,0,0.173,0.173614,76.42,ETH-25JUL25-2700-C,3248.34,buy,1.0,1.0,,,,,,,1752677284.091
2806,ETH-257905309,1752677290290,1,0.173,0.173685,74.71,ETH-25JUL25-2700-C,3249.39,buy,1.0,1.0,,,,,,,1752677290.29
2807,ETH-257905384,1752677297276,1,0.173,0.173645,76.0,ETH-25JUL25-2700-C,3248.64,buy,1.0,1.0,,,,,,,1752677297.276
2808,ETH-257905434,1752677314966,1,0.173,0.173772,74.85,ETH-25JUL25-2700-C,3249.38,buy,1.0,1.0,,,,,,,1752677314.966
2809,ETH-257905620,1752677333040,1,0.173,0.173528,76.25,ETH-25JUL25-2700-C,3248.58,buy,1.0,1.0,,,,,,,1752677333.04
2810,ETH-257910080,1752677947749,0,0.1745,0.174812,78.34,ETH-25JUL25-2700-C,3254.02,buy,30.0,30.0,,,,,,,1752677947.749
2812,ETH-257911672,1752678345453,1,0.1765,0.176201,81.64,ETH-25JUL25-2700-C,3259.64,buy,1.0,1.0,,,,,,,1752678345.453
2813,ETH-257911673,1752678345453,1,0.1765,0.176201,81.64,ETH-25JUL25-2700-C,3259.64,buy,1.0,1.0,,,,,,,1752678345.453
2811,ETH-257911671,1752678345453,0,0.1765,0.176201,81.64,ETH-25JUL25-2700-C,3259.64,buy,1.0,1.0,,,,,,,1752678345.453
2814,ETH-257937198,1752684534859,0,0.1785,0.179343,76.14,ETH-25JUL25-2700-C,3273.42,buy,1.0,1.0,,,,,,,1752684534.859
2815,ETH-257937230,1752684546904,1,0.1785,0.179355,75.65,ETH-25JUL25-2700-C,3273.67,sell,1.0,1.0,,,,,,,1752684546.904
2816,ETH-257937265,1752684557820,0,0.1795,0.17986,78.57,ETH-25JUL25-2700-C,3276.1,buy,1.0,1.0,,,,,,,1752684557.82
2817,ETH-257939245,1752685005615,0,0.185,0.184292,86.69,ETH-25JUL25-2700-C,3293.43,sell,30.0,30.0,,,,,M,,1752685005.615
2818,ETH-257944884,1752686178604,2,0.1805,0.181385,76.08,ETH-25JUL25-2700-C,3281.0,sell,1.0,1.0,,,,,,,1752686178.604
2819,ETH-257944905,1752686184007,3,0.1805,0.181269,75.33,ETH-25JUL25-2700-C,3281.42,buy,1.0,1.0,,,,,,,1752686184.007
2820,ETH-257944949,1752686201285,0,0.181,0.181924,74.6,ETH-25JUL25-2700-C,3283.68,buy,1.0,1.0,,,,,,,1752686201.285
2821,ETH-257955526,1752689073640,0,0.1935,0.193435,82.1,ETH-25JUL25-2700-C,3333.55,buy,30.0,30.0,,,,,,,1752689073.64
2822,ETH-257956848,1752689162962,0,0.1975,0.197283,84.47,ETH-25JUL25-2700-C,3349.06,sell,27.0,27.0,,,,,M,,1752689162.962
2823,ETH-257964930,1752691005645,0,0.2035,0.202162,92.78,ETH-25JUL25-2700-C,3370.76,sell,24.0,24.0,,,,,M,,1752691005.645
2824,ETH-257975435,1752693847265,2,0.1995,0.199522,85.38,ETH-25JUL25-2700-C,3359.71,buy,9.0,9.0,,,,,,,1752693847.265
2825,ETH-257975440,1752693852550,2,0.199,0.199631,81.5,ETH-25JUL25-2700-C,3359.62,buy,16.0,16.0,,,,,,,1752693852.55
2826,ETH-257988340,1752696073667,0,0.2065,0.206109,90.22,ETH-25JUL25-2700-C,3389.21,sell,22.0,22.0,,,,,M,,1752696073.667
2827,ETH-257993757,1752696539696,0,0.211,0.211132,86.69,ETH-25JUL25-2700-C,3411.16,buy,1.0,1.0,,,,,,,1752696539.696
2828,ETH-258005930,1752697419956,0,0.2145,0.213474,94.73,ETH-25JUL25-2700-C,3423.73,sell,19.0,19.0,,,,,M,,1752697419.956
2829,ETH-258015869,1752698845107,2,0.2045,0.205872,73.32,ETH-25JUL25-2700-C,3387.92,sell,5.0,5.0,,,,,,,1752698845.107
2830,ETH-258037081,1752704196817,3,0.2045,0.204697,87.05,ETH-25JUL25-2700-C,3384.13,buy,1.0,1.0,,,,,,,1752704196.817
2831,ETH-258060698,1752710978528,2,0.201,0.201445,84.97,ETH-25JUL25-2700-C,3369.28,buy,3.0,3.0,,,,,,,1752710978.528
2832,ETH-258131299,1752738264407,0,0.222,0.222436,97.26,ETH-25JUL25-2700-C,3458.75,buy,25.0,25.0,,,,,,,1752738264.407
2833,ETH-258132408,1752738369393,2,0.2215,0.221276,101.16,ETH-25JUL25-2700-C,3454.62,buy,11.0,11.0,,,,,,,1752738369.393
2834,ETH-258140990,1752739578750,2,0.219,0.218966,100.82,ETH-25JUL25-2700-C,3443.29,buy,2.0,2.0,,,,,,,1752739578.75
2835,ETH-258145503,1752740641062,2,0.2185,0.218399,101.23,ETH-25JUL25-2700-C,3440.77,buy,1.0,1.0,,,,,,,1752740641.062
