trade_seq,trade_id,timestamp,tick_direction,price,mark_price,iv,instrument_name,index_price,direction,contracts,amount,liquidation,block_trade_leg_count,block_trade_id,unix_sec
1,ETH-258981931,1753113851444,1,0.0215,0.022106,75.9,ETH-25JUL25-3900-C,3817.88,sell,1.0,1.0,,,,1753113851.444
2,ETH-258981932,1753113852166,1,0.0215,0.022039,76.04,ETH-25JUL25-3900-C,3817.37,sell,19.0,19.0,,,,1753113852.166
3,ETH-258991265,1753115667136,2,0.0195,0.019202,79.16,ETH-25JUL25-3900-C,3785.59,buy,36.0,36.0,,,,1753115667.136
4,ETH-258991311,1753115667191,3,0.0195,0.019202,79.16,ETH-25JUL25-3900-C,3785.59,buy,14.0,14.0,,,,1753115667.191
5,ETH-258991518,1753115675483,0,0.02,0.019681,79.53,ETH-25JUL25-3900-C,3789.36,buy,4.0,4.0,,,,1753115675.483
6,ETH-259006832,1753122099031,2,0.0195,0.019778,77.46,ETH-25JUL25-3900-C,3796.61,sell,1.0,1.0,,,,1753122099.031
7,ETH-259013058,1753124422759,2,0.0145,0.014669,78.02,ETH-25JUL25-3900-C,3737.07,sell,1.0,1.0,,,,1753124422.759
8,ETH-259018483,1753126560403,3,0.0145,0.014624,78.89,ETH-25JUL25-3900-C,3733.96,buy,1.0,1.0,,,,1753126560.403
9,ETH-259024761,1753128558470,0,0.016,0.01602,80.64,ETH-25JUL25-3900-C,3745.12,buy,4.0,4.0,,,,1753128558.47
10,ETH-259030580,1753131851665,1,0.016,0.015942,78.97,ETH-25JUL25-3900-C,3754.86,buy,2.0,2.0,,,,1753131851.665
11,ETH-259030581,1753131851668,1,0.016,0.015942,78.97,ETH-25JUL25-3900-C,3754.86,buy,2.0,2.0,,,,1753131851.668
12,ETH-259030582,1753131851671,1,0.016,0.015942,78.97,ETH-25JUL25-3900-C,3754.86,buy,2.0,2.0,,,,1753131851.671
13,ETH-259030976,1753132395776,1,0.016,0.015762,79.4,ETH-25JUL25-3900-C,3753.74,buy,1.0,1.0,,,,1753132395.776
14,ETH-259034427,1753137386934,1,0.016,0.016742,75.24,ETH-25JUL25-3900-C,3773.84,sell,20.0,20.0,,,,1753137386.934
16,ETH-259036417,1753141020840,1,0.017,0.016674,77.83,ETH-25JUL25-3900-C,3776.6,buy,32.0,32.0,,,,1753141020.84
15,ETH-259036416,1753141020840,0,0.017,0.016674,77.83,ETH-25JUL25-3900-C,3776.6,buy,8.0,8.0,,,,1753141020.84
17,ETH-259036418,1753141020847,1,0.017,0.016674,77.83,ETH-25JUL25-3900-C,3776.6,sell,8.0,8.0,,,,1753141020.847
18,ETH-259036419,1753141020849,1,0.017,0.016674,77.83,ETH-25JUL25-3900-C,3776.6,sell,1.0,1.0,,,,1753141020.849
19,ETH-259036420,1753141020868,1,0.017,0.016674,77.83,ETH-25JUL25-3900-C,3776.6,sell,1.0,1.0,,,,1753141020.868
20,ETH-259043806,1753146516676,2,0.012,0.01213,75.86,ETH-25JUL25-3900-C,3726.82,sell,2.0,2.0,,,,1753146516.676
21,ETH-259050024,1753148431869,0,0.0145,0.014414,75.93,ETH-25JUL25-3900-C,3759.94,buy,1.0,1.0,,,,1753148431.869
22,ETH-259053941,1753149503740,0,0.0175,0.017824,76.19,ETH-25JUL25-3900-C,3792.6,sell,20.0,20.0,,,,1753149503.74
23,ETH-259056187,1753151639233,2,0.017,0.016961,77.0,ETH-25JUL25-3900-C,3785.55,buy,4.0,4.0,,,,1753151639.233
24,ETH-259056188,1753151639233,3,0.017,0.016961,77.0,ETH-25JUL25-3900-C,3785.55,buy,77.0,77.0,,,,1753151639.233
25,ETH-259063112,1753156191166,2,0.012,0.012026,77.81,ETH-25JUL25-3900-C,3723.84,buy,42.0,42.0,,,,1753156191.166
26,ETH-259063115,1753156191175,3,0.012,0.012026,77.81,ETH-25JUL25-3900-C,3723.84,buy,8.0,8.0,,,,1753156191.175
27,ETH-259063290,1753156353608,3,0.012,0.012357,76.54,ETH-25JUL25-3900-C,3729.35,sell,1.0,1.0,,,,1753156353.608
28,ETH-259064119,1753157441543,0,0.0125,0.012494,77.84,ETH-25JUL25-3900-C,3731.52,buy,60.0,60.0,,,,1753157441.543
29,ETH-259064120,1753157441548,1,0.0125,0.012494,77.84,ETH-25JUL25-3900-C,3731.52,buy,32.0,32.0,,,,1753157441.548
30,ETH-259067409,1753159336347,2,0.01,0.009888,78.42,ETH-25JUL25-3900-C,3694.86,sell,30.0,30.0,,,,1753159336.347
31,ETH-259068880,1753159510847,3,0.01,0.009697,79.03,ETH-25JUL25-3900-C,3691.74,buy,11.0,11.0,,,,1753159510.847
32,ETH-259068909,1753159517898,3,0.01,0.009953,78.43,ETH-25JUL25-3900-C,3694.39,buy,19.0,19.0,,,,1753159517.898
33,ETH-259068910,1753159517898,3,0.01,0.009953,78.43,ETH-25JUL25-3900-C,3694.39,buy,2.0,2.0,,,,1753159517.898
34,ETH-259070038,1753159986687,2,0.009,0.009531,77.02,ETH-25JUL25-3900-C,3684.93,sell,50.0,50.0,,,,1753159986.687
36,ETH-259071130,1753160217020,3,0.0085,0.0091,76.83,ETH-25JUL25-3900-C,3677.13,sell,150.0,150.0,,,,1753160217.02
35,ETH-259071129,1753160217020,2,0.0085,0.0091,76.83,ETH-25JUL25-3900-C,3677.13,sell,150.0,150.0,,,,1753160217.02
37,ETH-259073935,1753160559931,3,0.0085,0.008601,78.68,ETH-25JUL25-3900-C,3668.02,buy,2.0,2.0,,,,1753160559.931
41,ETH-259077350,1753161346798,1,0.009,0.009581,76.18,ETH-25JUL25-3900-C,3689.28,sell,73.0,73.0,,,,1753161346.798
38,ETH-259077347,1753161346798,0,0.009,0.009581,76.18,ETH-25JUL25-3900-C,3689.28,sell,475.0,475.0,,,,1753161346.798
40,ETH-259077349,1753161346798,1,0.009,0.009581,76.18,ETH-25JUL25-3900-C,3689.28,sell,100.0,100.0,,,,1753161346.798
39,ETH-259077348,1753161346798,1,0.009,0.009581,76.18,ETH-25JUL25-3900-C,3689.28,sell,102.0,102.0,,,,1753161346.798
42,ETH-259077977,1753161596328,0,0.01,0.009736,78.39,ETH-25JUL25-3900-C,3695.16,buy,50.0,50.0,,,,1753161596.328
43,ETH-259079787,1753162614139,2,0.0095,0.009557,77.27,ETH-25JUL25-3900-C,3692.57,buy,12.0,12.0,,,,1753162614.139
44,ETH-259081653,1753163478741,2,0.0085,0.008773,76.34,ETH-25JUL25-3900-C,3680.48,sell,50.0,50.0,,,,1753163478.741
45,ETH-259083087,1753164028923,0,0.009,0.009292,76.56,ETH-25JUL25-3900-C,3688.7,sell,5.0,5.0,,,,1753164028.923
46,ETH-259083253,1753164081699,1,0.009,0.009119,77.35,ETH-25JUL25-3900-C,3685.14,sell,11.0,11.0,,,,1753164081.699
47,ETH-259083254,1753164081715,1,0.009,0.009119,77.35,ETH-25JUL25-3900-C,3685.14,sell,2.0,2.0,,,,1753164081.715
48,ETH-259083255,1753164081725,1,0.009,0.009119,77.35,ETH-25JUL25-3900-C,3685.14,sell,1.0,1.0,,,,1753164081.725
49,ETH-259083258,1753164081737,1,0.009,0.009116,77.41,ETH-25JUL25-3900-C,3684.86,sell,1.0,1.0,,,,1753164081.737
50,ETH-259084451,1753164816218,0,0.01,0.010199,76.92,ETH-25JUL25-3900-C,3703.23,buy,2.0,2.0,,,,1753164816.218
51,ETH-259084452,1753164816218,1,0.01,0.010199,76.92,ETH-25JUL25-3900-C,3703.23,buy,3.0,3.0,,,,1753164816.218
53,ETH-259087232,1753167043235,3,0.009,0.009221,75.65,ETH-25JUL25-3900-C,3694.55,sell,25.0,25.0,,,,1753167043.235
52,ETH-259087231,1753167043235,2,0.009,0.009221,75.65,ETH-25JUL25-3900-C,3694.55,sell,5.0,5.0,,,,1753167043.235
54,ETH-259090370,1753169427963,0,0.01,0.010028,75.72,ETH-25JUL25-3900-C,3712.07,sell,1.0,1.0,,,,1753169427.963
55,ETH-259090962,1753169852105,1,0.01,0.009753,76.53,ETH-25JUL25-3900-C,3708.87,sell,1.0,1.0,,,,1753169852.105
56,ETH-259092455,1753170680823,2,0.009,0.008954,76.0,ETH-25JUL25-3900-C,3695.74,sell,1.0,1.0,,,,1753170680.823
57,ETH-259093585,1753170982169,2,0.008,0.007919,76.43,ETH-25JUL25-3900-C,3676.99,sell,1.0,1.0,,,,1753170982.169
58,ETH-259093717,1753171042456,2,0.0075,0.007781,75.17,ETH-25JUL25-3900-C,3673.88,sell,10.0,10.0,,,,1753171042.456
59,ETH-259095250,1753171560408,2,0.007,0.0073,75.33,ETH-25JUL25-3900-C,3663.35,sell,2.0,2.0,,,,1753171560.408
60,ETH-259095307,1753171600879,2,0.0065,0.007071,73.33,ETH-25JUL25-3900-C,3663.17,sell,23.0,23.0,,,,1753171600.879
61,ETH-259098515,1753172294120,2,0.006,0.005727,77.72,ETH-25JUL25-3900-C,3630.96,sell,1.0,1.0,,,,1753172294.12
63,ETH-259106346,1753174346610,1,0.0065,0.006492,75.18,ETH-25JUL25-3900-C,3654.81,buy,50.0,50.0,,,,1753174346.61
62,ETH-259106345,1753174346610,0,0.0065,0.006492,75.18,ETH-25JUL25-3900-C,3654.81,buy,10.0,10.0,,,,1753174346.61
64,ETH-259106405,1753174356918,1,0.0065,0.006527,75.27,ETH-25JUL25-3900-C,3654.51,buy,6.0,6.0,,,,1753174356.918
65,ETH-259107126,1753174443757,1,0.0065,0.006616,74.81,ETH-25JUL25-3900-C,3657.15,sell,34.0,34.0,,,,1753174443.757
66,ETH-259107127,1753174443757,1,0.0065,0.006616,74.81,ETH-25JUL25-3900-C,3657.15,sell,66.0,66.0,,,,1753174443.757
67,ETH-259109121,1753175292013,2,0.0055,0.005391,75.23,ETH-25JUL25-3900-C,3633.98,sell,10.0,10.0,,,,1753175292.013
68,ETH-259109474,1753175375365,2,0.005,0.005232,73.57,ETH-25JUL25-3900-C,3630.49,sell,7.0,7.0,,,,1753175375.365
69,ETH-259109475,1753175375368,3,0.005,0.005232,73.57,ETH-25JUL25-3900-C,3630.49,buy,8.0,8.0,,,,1753175375.368
70,ETH-259109476,1753175375371,3,0.005,0.005232,73.57,ETH-25JUL25-3900-C,3630.49,buy,11.0,11.0,,,,1753175375.371
71,ETH-259109493,1753175375926,3,0.005,0.005232,73.57,ETH-25JUL25-3900-C,3630.49,buy,4.0,4.0,,,,1753175375.926
72,ETH-259111779,1753176003563,2,0.0048,0.00468,73.39,ETH-25JUL25-3900-C,3626.67,buy,3.0,3.0,,,,1753176003.563
73,ETH-259115363,1753177269433,0,0.0055,0.005523,70.53,ETH-25JUL25-3900-C,3659.14,buy,10.0,10.0,,,,1753177269.433
74,ETH-259116706,1753177854588,1,0.0055,0.00553,70.18,ETH-25JUL25-3900-C,3661.39,sell,1.0,1.0,,,,1753177854.588
75,ETH-259118032,1753178668321,0,0.006,0.005835,70.7,ETH-25JUL25-3900-C,3670.38,buy,1.0,1.0,,,,1753178668.321
76,ETH-259118126,1753178709878,1,0.006,0.005888,70.59,ETH-25JUL25-3900-C,3670.81,buy,2.0,2.0,,,,1753178709.878
77,ETH-259118127,1753178709880,1,0.006,0.005888,70.59,ETH-25JUL25-3900-C,3670.81,sell,8.0,8.0,,,,1753178709.88
78,ETH-259122619,1753181926392,0,0.0065,0.006942,67.52,ETH-25JUL25-3900-C,3697.96,sell,1.0,1.0,,,,1753181926.392
79,ETH-259122672,1753181971733,0,0.007,0.007001,69.11,ETH-25JUL25-3900-C,3699.8,buy,1.0,1.0,,,,1753181971.733
80,ETH-259123478,1753182524434,1,0.007,0.007001,68.54,ETH-25JUL25-3900-C,3702.61,buy,54.0,54.0,,,,1753182524.434
81,ETH-259123498,1753182528750,1,0.007,0.007152,67.94,ETH-25JUL25-3900-C,3705.37,sell,2.0,2.0,,,,1753182528.75
83,ETH-259123818,1753182756607,1,0.007,0.006694,69.95,ETH-25JUL25-3900-C,3696.66,buy,50.0,50.0,,,,1753182756.607
82,ETH-259123817,1753182756607,1,0.007,0.006694,69.95,ETH-25JUL25-3900-C,3696.66,buy,10.0,10.0,,,,1753182756.607
84,ETH-259123819,1753182756610,1,0.007,0.006694,69.95,ETH-25JUL25-3900-C,3696.66,buy,13.0,13.0,,,,1753182756.61
85,ETH-259124524,1753183231091,2,0.0065,0.006749,67.98,ETH-25JUL25-3900-C,3697.15,sell,1.0,1.0,,,,1753183231.091
86,ETH-259129062,1753186132214,0,0.0075,0.007357,69.9,ETH-25JUL25-3900-C,3708.44,sell,3.0,3.0,,,,1753186132.214
87,ETH-259131230,1753188291166,1,0.0075,0.007433,70.65,ETH-25JUL25-3900-C,3706.53,buy,2.0,2.0,,,,1753188291.166
88,ETH-259131253,1753188307896,1,0.0075,0.00747,70.4,ETH-25JUL25-3900-C,3707.57,buy,1.0,1.0,,,,1753188307.896
90,ETH-259132959,1753190139232,1,0.0075,0.007267,71.4,ETH-25JUL25-3900-C,3704.52,buy,45.0,45.0,,,,1753190139.232
89,ETH-259132958,1753190139232,1,0.0075,0.007267,71.4,ETH-25JUL25-3900-C,3704.52,buy,5.0,5.0,,,,1753190139.232
91,ETH-259133014,1753190196012,2,0.007,0.007193,69.67,ETH-25JUL25-3900-C,3703.51,sell,62.0,62.0,,,,1753190196.012
92,ETH-259133015,1753190196020,3,0.007,0.007193,69.67,ETH-25JUL25-3900-C,3703.51,buy,38.0,38.0,,,,1753190196.02
93,ETH-259138749,1753191923986,2,0.006,0.00657,68.97,ETH-25JUL25-3900-C,3688.76,sell,1.0,1.0,,,,1753191923.986
94,ETH-259147147,1753193376368,2,0.0055,0.005356,72.67,ETH-25JUL25-3900-C,3661.05,buy,1.0,1.0,,,,1753193376.368
95,ETH-259147634,1753193638225,3,0.0055,0.005399,72.36,ETH-25JUL25-3900-C,3662.79,buy,4.0,4.0,,,,1753193638.225
96,ETH-259148818,1753193971941,2,0.005,0.005458,70.05,ETH-25JUL25-3900-C,3663.16,sell,1.0,1.0,,,,1753193971.941
97,ETH-259148833,1753193983305,3,0.005,0.005391,70.56,ETH-25JUL25-3900-C,3660.78,sell,1.0,1.0,,,,1753193983.305
98,ETH-259148998,1753194134837,3,0.005,0.005251,70.89,ETH-25JUL25-3900-C,3659.23,sell,1.0,1.0,,,,1753194134.837
99,ETH-259149002,1753194136284,3,0.005,0.005238,70.9,ETH-25JUL25-3900-C,3659.15,sell,1.0,1.0,,,,1753194136.284
100,ETH-259149003,1753194138477,3,0.005,0.005224,70.96,ETH-25JUL25-3900-C,3658.9,sell,1.0,1.0,,,,1753194138.477
101,ETH-259149007,1753194141373,3,0.005,0.005216,71.05,ETH-25JUL25-3900-C,3658.49,sell,1.0,1.0,,,,1753194141.373
102,ETH-259149066,1753194226944,0,0.0055,0.005622,71.47,ETH-25JUL25-3900-C,3667.69,buy,1.0,1.0,,,,1753194226.944
103,ETH-259150188,1753194967215,0,0.006,0.006184,71.26,ETH-25JUL25-3900-C,3679.9,buy,1.0,1.0,,,,1753194967.215
104,ETH-259150210,1753194973685,1,0.006,0.006273,70.73,ETH-25JUL25-3900-C,3682.34,sell,1.0,1.0,,,,1753194973.685
105,ETH-259154749,1753197169216,0,0.0065,0.006881,69.0,ETH-25JUL25-3900-C,3701.78,sell,1.0,1.0,,,,1753197169.216
106,ETH-259154793,1753197239376,1,0.0065,0.006995,68.71,ETH-25JUL25-3900-C,3703.03,sell,1.0,1.0,,,,1753197239.376
107,ETH-259154829,1753197259302,0,0.007,0.00712,70.12,ETH-25JUL25-3900-C,3705.64,buy,1.0,1.0,,,,1753197259.302
108,ETH-259154938,1753197347140,1,0.007,0.007098,70.17,ETH-25JUL25-3900-C,3705.68,buy,1.0,1.0,,,,1753197347.14
109,ETH-259155592,1753197627023,0,0.008,0.008182,69.47,ETH-25JUL25-3900-C,3725.37,buy,1.0,1.0,,,,1753197627.023
110,ETH-259157787,1753198482816,1,0.008,0.00807,70.49,ETH-25JUL25-3900-C,3721.62,buy,1.0,1.0,,,,1753198482.816
111,ETH-259159603,1753199523408,1,0.008,0.008066,70.54,ETH-25JUL25-3900-C,3723.25,buy,1.0,1.0,,,,1753199523.408
112,ETH-259161892,1753200513165,0,0.0085,0.008592,70.38,ETH-25JUL25-3900-C,3732.19,buy,1.0,1.0,,,,1753200513.165
113,ETH-259171556,1753205792507,2,0.0065,0.006632,69.71,ETH-25JUL25-3900-C,3703.87,buy,12.0,12.0,,,,1753205792.507
114,ETH-259182905,1753212960593,2,0.006,0.005998,69.65,ETH-25JUL25-3900-C,3700.16,buy,2.0,2.0,,,,1753212960.593
115,ETH-259182906,1753212960601,3,0.006,0.005998,69.65,ETH-25JUL25-3900-C,3700.16,buy,8.0,8.0,,,,1753212960.601
116,ETH-259182907,1753212960601,3,0.006,0.005998,69.65,ETH-25JUL25-3900-C,3700.16,buy,3.0,3.0,,,,1753212960.601
117,ETH-259182908,1753212960610,3,0.006,0.005998,69.65,ETH-25JUL25-3900-C,3700.16,buy,2.0,2.0,,,,1753212960.61
118,ETH-259186938,1753214371483,2,0.0046,0.004641,70.31,ETH-25JUL25-3900-C,3668.64,buy,13.0,13.0,,,,1753214371.483
119,ETH-259187763,1753214587960,0,0.0048,0.004815,70.46,ETH-25JUL25-3900-C,3672.98,buy,17.0,17.0,,,,1753214587.96
120,ETH-259189615,1753215146484,0,0.006,0.006071,70.06,ETH-25JUL25-3900-C,3700.28,buy,11.0,11.0,,,,1753215146.484
121,ETH-259191598,1753216533547,2,0.005,0.005501,67.93,ETH-25JUL25-3900-C,3690.53,sell,1.0,1.0,,,,1753216533.547
122,ETH-259191869,1753216949562,0,0.006,0.005897,70.25,ETH-25JUL25-3900-C,3701.33,buy,60.0,60.0,,,,1753216949.562
123,ETH-259191870,1753216949567,1,0.006,0.005897,70.25,ETH-25JUL25-3900-C,3701.33,buy,60.0,60.0,,,,1753216949.567
124,ETH-259193827,1753220756434,2,0.0055,0.005662,68.51,ETH-25JUL25-3900-C,3701.53,buy,1.0,1.0,,,,1753220756.434
125,ETH-259195146,1753222426544,0,0.006,0.006218,68.64,ETH-25JUL25-3900-C,3712.42,sell,1.0,1.0,,,,1753222426.544
126,ETH-259195204,1753222516625,1,0.006,0.006149,68.86,ETH-25JUL25-3900-C,3711.49,sell,2.0,2.0,,,,1753222516.625
127,ETH-259199368,1753226679797,0,0.0075,0.007824,68.21,ETH-25JUL25-3900-C,3743.62,sell,1.0,1.0,,,,1753226679.797
128,ETH-259200027,1753227721094,0,0.008,0.007866,69.92,ETH-25JUL25-3900-C,3745.64,buy,100.0,100.0,,,,1753227721.094
129,ETH-259201355,1753228836118,2,0.0075,0.007951,67.71,ETH-25JUL25-3900-C,3746.96,sell,1.0,1.0,,,,1753228836.118
130,ETH-259208000,1753233760084,2,0.007,0.006985,69.32,ETH-25JUL25-3900-C,3735.38,sell,1.0,1.0,,,,1753233760.084
131,ETH-259208989,1753234533567,3,0.007,0.007175,67.91,ETH-25JUL25-3900-C,3741.71,sell,1.0,1.0,,,,1753234533.567
132,ETH-259209071,1753234650967,3,0.007,0.007181,68.24,ETH-25JUL25-3900-C,3740.41,buy,1.0,1.0,,,,1753234650.967
133,ETH-259209091,1753234714345,3,0.007,0.007109,68.45,ETH-25JUL25-3900-C,3739.85,buy,1.0,1.0,,,,1753234714.345
134,ETH-259209340,1753235170829,3,0.007,0.007101,68.56,ETH-25JUL25-3900-C,3739.24,buy,6.0,6.0,,,,1753235170.829
135,ETH-259218131,1753242141168,0,0.0075,0.007747,67.52,ETH-25JUL25-3900-C,3756.47,sell,9.0,9.0,,,,1753242141.168
136,ETH-259218139,1753242141262,1,0.0075,0.007747,67.52,ETH-25JUL25-3900-C,3756.47,sell,3.0,3.0,,,,1753242141.262
137,ETH-259225868,1753251541570,2,0.0047,0.004732,69.55,ETH-25JUL25-3900-C,3703.25,buy,8.0,8.0,,,,1753251541.57
138,ETH-259230901,1753253985430,3,0.0047,0.004469,71.43,ETH-25JUL25-3900-C,3697.3,buy,100.0,100.0,,4.0,BLOCK-212765,1753253985.43
139,ETH-259231866,1753255483551,2,0.0042,0.004416,69.29,ETH-25JUL25-3900-C,3696.27,sell,1.0,1.0,,,,1753255483.551
140,ETH-259231867,1753255485624,3,0.0042,0.004415,69.33,ETH-25JUL25-3900-C,3696.13,sell,3.0,3.0,,,,1753255485.624
141,ETH-259231893,1753255580101,2,0.004,0.004393,68.07,ETH-25JUL25-3900-C,3696.75,sell,60.0,60.0,,,,1753255580.101
142,ETH-259231894,1753255580107,3,0.004,0.004393,68.07,ETH-25JUL25-3900-C,3696.75,buy,2.0,2.0,,,,1753255580.107
143,ETH-259231895,1753255580109,3,0.004,0.004393,68.07,ETH-25JUL25-3900-C,3696.75,buy,20.0,20.0,,,,1753255580.109
144,ETH-259231896,1753255580112,3,0.004,0.004393,68.07,ETH-25JUL25-3900-C,3696.75,buy,14.0,14.0,,,,1753255580.112
145,ETH-259231897,1753255580113,3,0.004,0.004393,68.07,ETH-25JUL25-3900-C,3696.75,buy,687.0,687.0,,,,1753255580.113
146,ETH-259231899,1753255589770,3,0.004,0.004327,68.0,ETH-25JUL25-3900-C,3696.99,buy,37.0,37.0,,,,1753255589.77
147,ETH-259231916,1753255619985,2,0.0039,0.004142,67.51,ETH-25JUL25-3900-C,3696.68,sell,1.0,1.0,,,,1753255619.985
148,ETH-259231937,1753255732403,3,0.0039,0.003943,67.81,ETH-25JUL25-3900-C,3695.59,sell,1.0,1.0,,,,1753255732.403
149,ETH-259232110,1753255976437,3,0.0039,0.003983,67.4,ETH-25JUL25-3900-C,3697.44,buy,1.0,1.0,,,,1753255976.437
150,ETH-259232352,1753256220351,2,0.0035,0.003528,67.77,ETH-25JUL25-3900-C,3686.19,buy,1.0,1.0,,,,1753256220.351
151,ETH-259233406,1753256573699,2,0.0034,0.003535,68.92,ETH-25JUL25-3900-C,3678.29,sell,1.0,1.0,,,,1753256573.699
152,ETH-259235180,1753257799343,3,0.0034,0.003486,70.82,ETH-25JUL25-3900-C,3671.01,buy,1.0,1.0,,,,1753257799.343
153,ETH-259235469,1753257932718,2,0.0033,0.003495,70.31,ETH-25JUL25-3900-C,3670.87,sell,2.0,2.0,,,,1753257932.718
154,ETH-259235758,1753257978280,2,0.0032,0.003452,69.93,ETH-25JUL25-3900-C,3669.62,sell,3.0,3.0,,,,1753257978.28
155,ETH-259236269,1753258006532,0,0.0033,0.003524,70.15,ETH-25JUL25-3900-C,3671.56,sell,1.0,1.0,,,,1753258006.532
156,ETH-259236865,1753258220768,0,0.0035,0.003729,68.83,ETH-25JUL25-3900-C,3683.16,sell,19.0,19.0,,,,1753258220.768
157,ETH-259237010,1753258358359,1,0.0035,0.003699,69.02,ETH-25JUL25-3900-C,3682.53,sell,3.0,3.0,,,,1753258358.359
158,ETH-259240776,1753261069197,1,0.0035,0.003631,67.86,ETH-25JUL25-3900-C,3689.6,buy,1.0,1.0,,,,1753261069.197
159,ETH-259242415,1753262410204,2,0.0034,0.003092,70.67,ETH-25JUL25-3900-C,3676.07,buy,25.0,25.0,,,,1753262410.204
160,ETH-259245881,1753263182541,2,0.0024,0.002664,67.93,ETH-25JUL25-3900-C,3657.56,sell,5.0,5.0,,,,1753263182.541
161,ETH-259245962,1753263210540,0,0.0025,0.002822,67.48,ETH-25JUL25-3900-C,3662.88,sell,1.0,1.0,,,,1753263210.54
162,ETH-259245963,1753263211549,1,0.0025,0.002836,67.48,ETH-25JUL25-3900-C,3662.87,sell,5.0,5.0,,,,1753263211.549
163,ETH-259247979,1753265167357,0,0.0026,0.002781,69.12,ETH-25JUL25-3900-C,3660.87,sell,5.0,5.0,,,,1753265167.357
164,ETH-259248925,1753265467936,2,0.0022,0.00241,68.6,ETH-25JUL25-3900-C,3648.54,sell,3.0,3.0,,,,1753265467.936
165,ETH-259249053,1753265584691,3,0.0022,0.002365,69.02,ETH-25JUL25-3900-C,3646.92,sell,1.0,1.0,,,,1753265584.691
166,ETH-259250726,1753266691592,2,0.0021,0.002377,66.04,ETH-25JUL25-3900-C,3658.54,sell,4.0,4.0,,,,1753266691.592
167,ETH-259250961,1753267053215,0,0.0026,0.002442,69.22,ETH-25JUL25-3900-C,3661.81,buy,18.0,18.0,,,,1753267053.215
168,ETH-259250962,1753267053217,1,0.0026,0.002442,69.22,ETH-25JUL25-3900-C,3661.81,sell,2.0,2.0,,,,1753267053.217
169,ETH-259252807,1753270031667,0,0.0027,0.00266,67.98,ETH-25JUL25-3900-C,3673.91,sell,1.0,1.0,,,,1753270031.667
170,ETH-259253062,1753270336665,2,0.0024,0.002637,65.88,ETH-25JUL25-3900-C,3673.94,sell,1.0,1.0,,,,1753270336.665
171,ETH-259254681,1753272782121,0,0.0025,0.002664,66.16,ETH-25JUL25-3900-C,3678.16,buy,1.0,1.0,,,,1753272782.121
173,ETH-259258881,1753275642938,3,0.002,0.002151,70.68,ETH-25JUL25-3900-C,3642.12,sell,9.0,9.0,,,,1753275642.938
172,ETH-259258880,1753275642938,2,0.002,0.002151,70.68,ETH-25JUL25-3900-C,3642.12,sell,1.0,1.0,,,,1753275642.938
174,ETH-259261400,1753276391585,3,0.002,0.002338,70.07,ETH-25JUL25-3900-C,3645.43,sell,1.0,1.0,,,,1753276391.585
175,ETH-259266172,1753277541587,0,0.0022,0.002405,69.49,ETH-25JUL25-3900-C,3657.35,sell,12.0,12.0,,,,1753277541.587
176,ETH-259274056,1753278688170,2,0.0015,0.001343,77.36,ETH-25JUL25-3900-C,3589.08,sell,1.0,1.0,,,,1753278688.17
177,ETH-259285867,1753282288596,0,0.0016,0.001465,76.92,ETH-25JUL25-3900-C,3600.77,buy,10.0,10.0,,,,1753282288.596
178,ETH-259285905,1753282307544,0,0.0017,0.00154,77.31,ETH-25JUL25-3900-C,3604.06,buy,6.0,6.0,,,,1753282307.544
179,ETH-259285906,1753282307546,1,0.0017,0.00154,77.31,ETH-25JUL25-3900-C,3604.06,sell,4.0,4.0,,,,1753282307.546
180,ETH-259288089,1753283470433,2,0.0014,0.001416,74.5,ETH-25JUL25-3900-C,3603.88,sell,1.0,1.0,,,,1753283470.433
181,ETH-259288621,1753283792227,3,0.0014,0.001521,73.06,ETH-25JUL25-3900-C,3611.19,buy,1.0,1.0,,,,1753283792.227
182,ETH-259291893,1753286072610,0,0.0015,0.001474,72.62,ETH-25JUL25-3900-C,3621.71,buy,1.0,1.0,,,,1753286072.61
183,ETH-259294691,1753286880935,0,0.0017,0.001774,70.6,ETH-25JUL25-3900-C,3641.91,buy,50.0,50.0,,,,1753286880.935
184,ETH-259298562,1753287701309,2,0.0015,0.001316,75.65,ETH-25JUL25-3900-C,3609.56,sell,2.0,2.0,,,,1753287701.309
185,ETH-259298569,1753287701713,3,0.0015,0.001316,75.65,ETH-25JUL25-3900-C,3609.56,sell,2.0,2.0,,,,1753287701.713
186,ETH-259354702,1753319920660,2,0.0012,0.001296,73.43,ETH-25JUL25-3900-C,3646.95,buy,1.0,1.0,,,,1753319920.66
187,ETH-259356591,1753321478450,2,0.0009,0.001071,71.65,ETH-25JUL25-3900-C,3638.21,sell,10.0,10.0,,,,1753321478.45
188,ETH-259360527,1753327560063,3,0.0009,0.000967,68.88,ETH-25JUL25-3900-C,3658.7,buy,4.0,4.0,,,,1753327560.063
189,ETH-259361638,1753328138253,3,0.0009,0.001005,68.93,ETH-25JUL25-3900-C,3659.69,sell,2.0,2.0,,,,1753328138.253
190,ETH-259362347,1753328876545,3,0.0009,0.000938,70.09,ETH-25JUL25-3900-C,3655.84,sell,35.0,35.0,,,,1753328876.545
191,ETH-259366650,1753332485986,2,0.0006,0.000555,72.72,ETH-25JUL25-3900-C,3624.95,sell,3.0,3.0,,,,1753332485.986
192,ETH-259373125,1753334461788,2,0.0004,0.0005,75.81,ETH-25JUL25-3900-C,3591.28,sell,72.0,72.0,,,,1753334461.788
193,ETH-259384069,1753339521748,2,0.0003,0.000359,84.58,ETH-25JUL25-3900-C,3543.29,sell,50.0,50.0,,,,1753339521.748
194,ETH-259402164,1753342404352,3,0.0003,0.000333,81.43,ETH-25JUL25-3900-C,3564.42,buy,5.0,5.0,,,,1753342404.352
195,ETH-259403278,1753342712316,3,0.0003,0.000318,81.23,ETH-25JUL25-3900-C,3565.94,buy,10.0,10.0,,,,1753342712.316
196,ETH-259404101,1753343018611,0,0.0004,0.00038,82.16,ETH-25JUL25-3900-C,3578.68,buy,10.0,10.0,,,,1753343018.611
197,ETH-259404242,1753343065704,1,0.0004,0.00039,81.9,ETH-25JUL25-3900-C,3579.82,buy,10.0,10.0,,,,1753343065.704
198,ETH-259410640,1753344723587,0,0.0005,0.000573,75.8,ETH-25JUL25-3900-C,3622.63,buy,5.0,5.0,,,,1753344723.587
199,ETH-259421266,1753348465759,2,0.0004,0.000395,72.82,ETH-25JUL25-3900-C,3630.98,sell,10.0,10.0,,,,1753348465.759
200,ETH-259429530,1753351659012,2,0.0002,0.000248,64.03,ETH-25JUL25-3900-C,3643.78,sell,5.0,5.0,,,,1753351659.012
201,ETH-259429532,1753351661201,3,0.0002,0.000246,64.08,ETH-25JUL25-3900-C,3643.57,sell,5.0,5.0,,,,1753351661.201
202,ETH-259429568,1753351667347,3,0.0002,0.000238,64.66,ETH-25JUL25-3900-C,3641.0,sell,5.0,5.0,,,,1753351667.347
203,ETH-259429605,1753351669420,3,0.0002,0.000232,64.6,ETH-25JUL25-3900-C,3641.25,buy,5.0,5.0,,,,1753351669.42
204,ETH-259429623,1753351674600,3,0.0002,0.000239,64.29,ETH-25JUL25-3900-C,3642.61,buy,5.0,5.0,,,,1753351674.6
206,ETH-259429632,1753351679774,3,0.0002,0.000239,64.28,ETH-25JUL25-3900-C,3642.73,sell,3.0,3.0,,,,1753351679.774
205,ETH-259429631,1753351679774,3,0.0002,0.000239,64.28,ETH-25JUL25-3900-C,3642.73,sell,2.0,2.0,,,,1753351679.774
207,ETH-259429638,1753351683002,3,0.0002,0.000239,64.32,ETH-25JUL25-3900-C,3642.58,sell,5.0,5.0,,,,1753351683.002
208,ETH-259429709,1753351693441,3,0.0002,0.000232,64.38,ETH-25JUL25-3900-C,3642.26,buy,2.0,2.0,,,,1753351693.441
209,ETH-259429710,1753351693445,3,0.0002,0.000232,64.38,ETH-25JUL25-3900-C,3642.26,buy,3.0,3.0,,,,1753351693.445
210,ETH-259429711,1753351693445,3,0.0002,0.000232,64.38,ETH-25JUL25-3900-C,3642.26,buy,5.0,5.0,,,,1753351693.445
211,ETH-259430161,1753351768332,3,0.0002,0.000239,64.41,ETH-25JUL25-3900-C,3642.34,sell,2.0,2.0,,,,1753351768.332
213,ETH-259431327,1753352208628,3,0.0001,0.000148,60.33,ETH-25JUL25-3900-C,3634.49,sell,2.0,2.0,,,,1753352208.628
212,ETH-259431326,1753352208628,2,0.0001,0.000148,60.33,ETH-25JUL25-3900-C,3634.49,sell,1.0,1.0,,,,1753352208.628
214,ETH-259431330,1753352209628,3,0.0001,0.000148,60.35,ETH-25JUL25-3900-C,3634.36,sell,3.0,3.0,,,,1753352209.628
215,ETH-259431331,1753352211736,3,0.0001,0.000148,60.45,ETH-25JUL25-3900-C,3633.92,sell,3.0,3.0,,,,1753352211.736
216,ETH-259431332,1753352213802,3,0.0001,0.000146,60.43,ETH-25JUL25-3900-C,3633.98,sell,2.0,2.0,,,,1753352213.802
217,ETH-259431333,1753352214022,3,0.0001,0.000146,60.43,ETH-25JUL25-3900-C,3633.98,sell,3.0,3.0,,,,1753352214.022
218,ETH-259431334,1753352214844,3,0.0001,0.000146,60.44,ETH-25JUL25-3900-C,3633.92,sell,3.0,3.0,,,,1753352214.844
219,ETH-259431335,1753352215879,3,0.0001,0.000146,60.43,ETH-25JUL25-3900-C,3633.95,sell,2.0,2.0,,,,1753352215.879
220,ETH-259431342,1753352218976,3,0.0001,0.000146,60.45,ETH-25JUL25-3900-C,3633.85,sell,3.0,3.0,,,,1753352218.976
221,ETH-259431345,1753352219198,3,0.0001,0.000146,60.47,ETH-25JUL25-3900-C,3633.79,sell,3.0,3.0,,,,1753352219.198
222,ETH-259431355,1753352222297,3,0.0001,0.000145,60.51,ETH-25JUL25-3900-C,3633.6,sell,1.0,1.0,,,,1753352222.297
223,ETH-259431360,1753352223186,3,0.0001,0.000144,60.53,ETH-25JUL25-3900-C,3633.51,sell,3.0,3.0,,,,1753352223.186
224,ETH-259431363,1753352227454,3,0.0001,0.000145,60.54,ETH-25JUL25-3900-C,3633.49,sell,2.0,2.0,,,,1753352227.454
225,ETH-259431364,1753352228283,3,0.0001,0.000144,60.55,ETH-25JUL25-3900-C,3633.43,sell,3.0,3.0,,,,1753352228.283
226,ETH-259452569,1753360522909,0,0.0003,0.000307,74.45,ETH-25JUL25-3900-C,3635.24,sell,50.0,50.0,,,,1753360522.909
227,ETH-259472010,1753368670985,0,0.001,0.000901,73.1,ETH-25JUL25-3900-C,3717.18,buy,105.0,105.0,,,,1753368670.985
228,ETH-259475508,1753369206409,0,0.0016,0.001541,74.56,ETH-25JUL25-3900-C,3739.35,buy,10.0,10.0,,,,1753369206.409
229,ETH-259476876,1753369495483,2,0.0015,0.001658,72.53,ETH-25JUL25-3900-C,3742.46,sell,1.0,1.0,,,,1753369495.483
230,ETH-259477191,1753369612319,0,0.0019,0.001733,76.7,ETH-25JUL25-3900-C,3744.72,buy,1.0,1.0,,,,1753369612.319
231,ETH-259477281,1753369633498,0,0.002,0.001861,76.33,ETH-25JUL25-3900-C,3748.88,buy,1.0,1.0,,,,1753369633.498
232,ETH-259477282,1753369633498,1,0.002,0.001861,76.33,ETH-25JUL25-3900-C,3748.88,buy,10.0,10.0,,,,1753369633.498
233,ETH-259477715,1753369732578,0,0.0022,0.002039,78.1,ETH-25JUL25-3900-C,3750.31,buy,1.0,1.0,,,,1753369732.578
234,ETH-259479327,1753369835035,0,0.0028,0.002434,80.09,ETH-25JUL25-3900-C,3761.38,buy,1.0,1.0,T,,,1753369835.035
235,ETH-259481444,1753370078347,2,0.0027,0.002825,77.19,ETH-25JUL25-3900-C,3767.23,buy,7.0,7.0,,,,1753370078.347
236,ETH-259481445,1753370078738,3,0.0027,0.002789,77.57,ETH-25JUL25-3900-C,3766.28,buy,3.0,3.0,,,,1753370078.738
237,ETH-259482635,1753370224660,2,0.0019,0.002119,74.19,ETH-25JUL25-3900-C,3753.7,buy,7.0,7.0,,,,1753370224.66
238,ETH-259491805,1753372690490,2,0.0014,0.001163,77.31,ETH-25JUL25-3900-C,3731.12,buy,10.0,10.0,,,,1753372690.49
239,ETH-259493681,1753373894573,2,0.0009,0.000774,76.04,ETH-25JUL25-3900-C,3712.87,buy,19.0,19.0,,,,1753373894.573
240,ETH-259504432,1753379779272,0,0.001,0.001014,75.87,ETH-25JUL25-3900-C,3730.8,sell,150.0,150.0,,,,1753379779.272
241,ETH-259506090,1753381713143,2,0.0005,0.000706,65.7,ETH-25JUL25-3900-C,3734.43,sell,10.0,10.0,,,,1753381713.143
242,ETH-259511865,1753385867430,0,0.0006,0.000644,71.13,ETH-25JUL25-3900-C,3735.07,sell,1.0,1.0,,,,1753385867.43
243,ETH-259515685,1753387664630,0,0.0007,0.000591,73.45,ETH-25JUL25-3900-C,3739.42,buy,5.0,5.0,,,,1753387664.63
244,ETH-259518154,1753391119742,2,0.0004,0.000499,66.91,ETH-25JUL25-3900-C,3743.19,sell,10.0,10.0,,,,1753391119.742
245,ETH-259518646,1753391251010,3,0.0004,0.000511,66.84,ETH-25JUL25-3900-C,3743.75,sell,1.0,1.0,,,,1753391251.01
246,ETH-259542236,1753401802702,2,0.0002,8.5e-05,83.0,ETH-25JUL25-3900-C,3706.31,sell,1.0,1.0,,,,1753401802.702
247,ETH-259559692,1753406654123,2,0.0001,2e-05,103.3,ETH-25JUL25-3900-C,3651.92,sell,1.0,1.0,,,,1753406654.123
