trade_seq,trade_id,timestamp,tick_direction,price,mark_price,iv,instrument_name,index_price,direction,contracts,amount,block_trade_leg_count,block_trade_id,block_rfq_id,combo_id,combo_trade_id,liquidation,unix_sec
5051,373879781,1751314041077,2,0.0285,0.02860625,35.9,BTC-25JUL25-110000-C,107650.15,buy,1.7,1.7,,,,,,,1751314041.077
5052,373883856,1751316020505,2,0.0283,0.02840795,35.82,BTC-25JUL25-110000-C,107631.97,buy,0.1,0.1,,,,BTC-CCAL-25JUL25_3JUL25-110000,373883855,,1751316020.505
5053,373886566,1751317824969,2,0.028,0.02786359,36.15,BTC-25JUL25-110000-C,107460.58,sell,0.1,0.1,,,,,,,1751317824.969
5054,373887728,1751320132838,2,0.0275,0.02758335,36.08,BTC-25JUL25-110000-C,107350.74,sell,0.3,0.3,,,,,,,1751320132.838
5055,373887729,1751320132840,3,0.0275,0.02758335,36.08,BTC-25JUL25-110000-C,107350.74,buy,0.8,0.8,,,,,,,1751320132.84
5056,373887825,1751320280768,3,0.0275,0.02747949,36.18,BTC-25JUL25-110000-C,107316.62,sell,0.3,0.3,,,,,,,1751320280.768
5057,373887826,1751320280772,3,0.0275,0.02747949,36.18,BTC-25JUL25-110000-C,107316.62,buy,1.7,1.7,,,,,,,1751320280.772
5058,373887980,1751320374924,2,0.027,0.02718182,36.01,BTC-25JUL25-110000-C,107242.22,sell,2.0,2.0,,,,,,,1751320374.924
5059,373887990,1751320384802,3,0.027,0.02713302,36.03,BTC-25JUL25-110000-C,107236.93,buy,2.0,2.0,,,,,,,1751320384.802
5060,373888038,1751320395209,3,0.027,0.02717335,35.97,BTC-25JUL25-110000-C,107250.68,sell,0.3,0.3,,,,,,,1751320395.209
5061,373888039,1751320395212,3,0.027,0.02717335,35.97,BTC-25JUL25-110000-C,107250.68,buy,1.7,1.7,,,,,,,1751320395.212
5062,373888535,1751320443017,2,0.0265,0.02653878,36.13,BTC-25JUL25-110000-C,107060.78,sell,2.0,2.0,,,,,,,1751320443.017
5063,373888703,1751320461875,3,0.0265,0.02642002,36.31,BTC-25JUL25-110000-C,107004.66,sell,2.0,2.0,,,,,,,1751320461.875
5064,373888779,1751320474452,3,0.0265,0.02655642,36.15,BTC-25JUL25-110000-C,107044.58,sell,23.0,23.0,,,,,,,1751320474.452
5065,373888831,1751320480802,3,0.0265,0.02665567,36.09,BTC-25JUL25-110000-C,107056.81,sell,2.0,2.0,,,,,,,1751320480.802
5066,373889118,1751320529054,0,0.027,0.02710932,36.13,BTC-25JUL25-110000-C,107162.81,buy,2.0,2.0,,,,,,,1751320529.054
5067,373889465,1751320583067,2,0.0265,0.02720508,36.1,BTC-25JUL25-110000-C,107035.08,sell,2.0,2.0,,,,,,,1751320583.067
5068,373889477,1751320584280,3,0.0265,0.02661491,36.12,BTC-25JUL25-110000-C,107031.62,sell,20.0,20.0,,,,,,,1751320584.28
5069,373889489,1751320586088,3,0.0265,0.02661291,36.13,BTC-25JUL25-110000-C,107029.63,sell,0.4,0.4,,,,,,,1751320586.088
5070,373889965,1751320683608,3,0.0265,0.02664734,35.95,BTC-25JUL25-110000-C,107083.36,buy,2.0,2.0,,,,,,,1751320683.608
5071,373893823,1751327941987,3,0.0265,0.02633492,35.87,BTC-25JUL25-110000-C,107158.96,buy,0.1,0.1,,,,,,,1751327941.987
5072,373893826,1751327942024,3,0.0265,0.02633492,35.87,BTC-25JUL25-110000-C,107158.96,buy,0.1,0.1,,,,,,,1751327942.024
5073,373893827,1751327942039,3,0.0265,0.02633492,35.87,BTC-25JUL25-110000-C,107158.96,buy,1.0,1.0,,,,,,,1751327942.039
5074,373893832,1751327942159,3,0.0265,0.02633492,35.87,BTC-25JUL25-110000-C,107158.96,buy,0.8,0.8,,,,,,,1751327942.159
5075,373893833,1751327942159,3,0.0265,0.02633492,35.87,BTC-25JUL25-110000-C,107158.96,buy,1.0,1.0,,,,,,,1751327942.159
5077,373897970,1751334013483,1,0.0271,0.02726135,35.48,BTC-25JUL25-110000-C,107426.61,sell,67.0,67.0,4.0,BLOCK-207957,7465.0,,,,1751334013.483
5076,373897969,1751334013483,0,0.0271,0.02726135,35.48,BTC-25JUL25-110000-C,107426.61,sell,33.0,33.0,4.0,BLOCK-207956,7465.0,,,,1751334013.483
5078,373899047,1751337029700,2,0.027,0.02685536,35.6,BTC-25JUL25-110000-C,107374.28,buy,1.0,1.0,,,,,,,1751337029.7
5079,373899139,1751337177146,3,0.027,0.02691875,35.54,BTC-25JUL25-110000-C,107408.38,buy,0.3,0.3,,,,,,,1751337177.146
5080,373899183,1751337302779,3,0.027,0.02689264,35.51,BTC-25JUL25-110000-C,107406.48,buy,1.0,1.0,,,,,,,1751337302.779
5081,373899188,1751337320902,3,0.027,0.02693314,35.52,BTC-25JUL25-110000-C,107400.0,sell,1.0,1.0,,,,,,,1751337320.902
5082,373899222,1751337338046,3,0.027,0.0268336,35.67,BTC-25JUL25-110000-C,107360.72,sell,0.7,0.7,,,,,,,1751337338.046
5083,373899259,1751337356844,3,0.027,0.02685071,35.8,BTC-25JUL25-110000-C,107332.55,sell,2.0,2.0,,,,,,,1751337356.844
5084,373899260,1751337356847,3,0.027,0.02685071,35.8,BTC-25JUL25-110000-C,107332.55,sell,1.0,1.0,,,,,,,1751337356.847
5085,373899285,1751337375560,3,0.027,0.02686258,35.92,BTC-25JUL25-110000-C,107301.66,sell,2.0,2.0,,,,,,,1751337375.56
5086,373899286,1751337375579,3,0.027,0.02686258,35.92,BTC-25JUL25-110000-C,107301.66,sell,1.0,1.0,,,,,,,1751337375.579
5087,373899376,1751337579567,3,0.027,0.0270727,35.8,BTC-25JUL25-110000-C,107342.63,sell,1.0,1.0,,,,,,,1751337579.567
5088,373899380,1751337598669,3,0.027,0.02704355,35.84,BTC-25JUL25-110000-C,107335.56,sell,1.0,1.0,,,,,,,1751337598.669
5090,373899649,1751338205014,3,0.027,0.02688584,36.3,BTC-25JUL25-110000-C,107191.13,sell,0.3,0.3,,,,,,,1751338205.014
5089,373899648,1751338205014,3,0.027,0.02688584,36.3,BTC-25JUL25-110000-C,107191.13,sell,0.5,0.5,,,,,,,1751338205.014
5091,373899655,1751338205078,3,0.027,0.02688584,36.3,BTC-25JUL25-110000-C,107191.13,sell,3.1,3.1,,,,,,,1751338205.078
5092,373899656,1751338205086,3,0.027,0.02688584,36.3,BTC-25JUL25-110000-C,107191.13,sell,0.1,0.1,,,,,,,1751338205.086
5093,373899657,1751338205094,3,0.027,0.02688584,36.3,BTC-25JUL25-110000-C,107191.13,sell,0.1,0.1,,,,,,,1751338205.094
5094,373899661,1751338205174,3,0.027,0.02688584,36.3,BTC-25JUL25-110000-C,107191.13,sell,0.1,0.1,,,,,,,1751338205.174
5095,373899664,1751338205208,3,0.027,0.02688584,36.3,BTC-25JUL25-110000-C,107191.13,sell,1.0,1.0,,,,,,,1751338205.208
5096,373899665,1751338205219,3,0.027,0.02688584,36.3,BTC-25JUL25-110000-C,107191.13,sell,0.1,0.1,,,,,,,1751338205.219
5097,373899669,1751338205271,3,0.027,0.02688584,36.3,BTC-25JUL25-110000-C,107191.13,sell,0.1,0.1,,,,,,,1751338205.271
5098,373899670,1751338205382,3,0.027,0.02688584,36.3,BTC-25JUL25-110000-C,107191.13,sell,3.2,3.2,,,,,,,1751338205.382
5099,373899675,1751338208013,3,0.027,0.02685948,36.34,BTC-25JUL25-110000-C,107176.18,sell,0.1,0.1,,,,,,,1751338208.013
5100,373899676,1751338208013,3,0.027,0.02685948,36.34,BTC-25JUL25-110000-C,107176.18,sell,0.1,0.1,,,,,,,1751338208.013
5101,373899677,1751338208016,3,0.027,0.02685948,36.34,BTC-25JUL25-110000-C,107176.18,sell,0.3,0.3,,,,,,,1751338208.016
5103,373899679,1751338211021,3,0.027,0.02682666,36.37,BTC-25JUL25-110000-C,107174.37,sell,0.1,0.1,,,,,,,1751338211.021
5102,373899678,1751338211021,3,0.027,0.02682666,36.37,BTC-25JUL25-110000-C,107174.37,sell,0.1,0.1,,,,,,,1751338211.021
5104,373899681,1751338214048,3,0.027,0.02682094,36.37,BTC-25JUL25-110000-C,107174.14,sell,0.1,0.1,,,,,,,1751338214.048
5105,373899689,1751338217048,3,0.027,0.0268207,36.38,BTC-25JUL25-110000-C,107173.09,sell,0.1,0.1,,,,,,,1751338217.048
5106,373899693,1751338220105,3,0.027,0.0268213,36.38,BTC-25JUL25-110000-C,107173.32,sell,0.1,0.1,,,,,,,1751338220.105
5107,373899695,1751338223208,3,0.027,0.02681256,36.39,BTC-25JUL25-110000-C,107171.45,sell,0.1,0.1,,,,,,,1751338223.208
5108,373899696,1751338226209,3,0.027,0.02681229,36.39,BTC-25JUL25-110000-C,107171.22,sell,0.1,0.1,,,,,,,1751338226.209
5109,373899717,1751338245937,3,0.027,0.02683544,36.38,BTC-25JUL25-110000-C,107170.78,sell,0.1,0.1,,,,,,,1751338245.937
5110,373899720,1751338246053,3,0.027,0.0268323,36.38,BTC-25JUL25-110000-C,107168.0,sell,0.1,0.1,,,,,,,1751338246.053
5111,373899721,1751338248938,3,0.027,0.02683156,36.4,BTC-25JUL25-110000-C,107161.17,sell,0.1,0.1,,,,,,,1751338248.938
5112,373899723,1751338252326,3,0.027,0.02679825,36.42,BTC-25JUL25-110000-C,107159.84,sell,0.1,0.1,,,,,,,1751338252.326
5113,373899724,1751338255352,3,0.027,0.02679781,36.42,BTC-25JUL25-110000-C,107159.7,sell,0.1,0.1,,,,,,,1751338255.352
5114,373899725,1751338258374,3,0.027,0.02679464,36.42,BTC-25JUL25-110000-C,107159.7,sell,0.1,0.1,,,,,,,1751338258.374
5115,373899726,1751338261419,3,0.027,0.02679456,36.42,BTC-25JUL25-110000-C,107159.43,sell,0.1,0.1,,,,,,,1751338261.419
5116,373899741,1751338292231,3,0.027,0.02682743,36.4,BTC-25JUL25-110000-C,107163.9,sell,10.0,10.0,,,,,,,1751338292.231
5117,373899766,1751338328953,3,0.027,0.02684977,36.4,BTC-25JUL25-110000-C,107155.31,sell,10.0,10.0,,,,,,,1751338328.953
5118,373899768,1751338328979,3,0.027,0.02684977,36.4,BTC-25JUL25-110000-C,107155.31,sell,1.0,1.0,,,,,,,1751338328.979
5119,373899770,1751338329058,3,0.027,0.02685248,36.41,BTC-25JUL25-110000-C,107153.48,sell,0.1,0.1,,,,,,,1751338329.058
5120,373899773,1751338329200,3,0.027,0.02685248,36.41,BTC-25JUL25-110000-C,107153.48,sell,0.1,0.1,,,,,,,1751338329.2
5121,373899776,1751338329741,3,0.027,0.02685248,36.41,BTC-25JUL25-110000-C,107153.48,sell,0.3,0.3,,,,,,,1751338329.741
5122,373899781,1751338335002,3,0.027,0.02679147,36.48,BTC-25JUL25-110000-C,107135.05,sell,0.1,0.1,,,,,,,1751338335.002
5123,373899785,1751338337066,3,0.027,0.02677754,36.48,BTC-25JUL25-110000-C,107134.77,sell,0.1,0.1,,,,,,,1751338337.066
5124,373899786,1751338337442,3,0.027,0.02677754,36.48,BTC-25JUL25-110000-C,107134.77,sell,5.3,5.3,,,,,,,1751338337.442
5125,373899798,1751338339126,3,0.027,0.02677732,36.48,BTC-25JUL25-110000-C,107134.77,sell,0.3,0.3,,,,,,,1751338339.126
5126,373899800,1751338341173,3,0.027,0.02677875,36.49,BTC-25JUL25-110000-C,107134.66,sell,0.1,0.1,,,,,,,1751338341.173
5127,373899804,1751338343216,3,0.027,0.02677771,36.49,BTC-25JUL25-110000-C,107135.92,sell,0.1,0.1,,,,,,,1751338343.216
5128,373899974,1751338464538,3,0.027,0.02695628,36.36,BTC-25JUL25-110000-C,107141.74,sell,4.1,4.1,,,,,,,1751338464.538
5129,373900043,1751338657056,3,0.027,0.02706922,36.31,BTC-25JUL25-110000-C,107148.1,sell,3.2,3.2,,,,,,,1751338657.056
5130,373900072,1751338676153,3,0.027,0.02705046,36.33,BTC-25JUL25-110000-C,107138.95,sell,5.0,5.0,,,,,,,1751338676.153
5131,373900191,1751338774856,3,0.027,0.0270787,36.33,BTC-25JUL25-110000-C,107133.39,sell,6.3,6.3,,,,,,,1751338774.856
5132,373900205,1751338788539,3,0.027,0.0270651,36.35,BTC-25JUL25-110000-C,107131.48,sell,12.8,12.8,,,,,,,1751338788.539
5133,373900206,1751338788766,3,0.027,0.0270651,36.35,BTC-25JUL25-110000-C,107131.48,sell,19.9,19.9,,,,,,,1751338788.766
5134,373901316,1751339901891,2,0.0265,0.02665188,35.7,BTC-25JUL25-110000-C,107152.9,sell,0.3,0.3,,,,,,,1751339901.891
5135,373901317,1751339901896,3,0.0265,0.02665188,35.7,BTC-25JUL25-110000-C,107152.9,buy,1.0,1.0,,,,,,,1751339901.896
5136,373901318,1751339901898,3,0.0265,0.02665188,35.7,BTC-25JUL25-110000-C,107152.9,buy,0.7,0.7,,,,,,,1751339901.898
5137,373901586,1751340157960,3,0.0265,0.02662624,35.67,BTC-25JUL25-110000-C,107164.67,sell,0.8,0.8,,,,,,,1751340157.96
5138,373901587,1751340157966,3,0.0265,0.02662624,35.67,BTC-25JUL25-110000-C,107164.67,buy,1.0,1.0,,,,,,,1751340157.966
5139,373901588,1751340157969,3,0.0265,0.02662624,35.67,BTC-25JUL25-110000-C,107164.67,buy,0.2,0.2,,,,,,,1751340157.969
5140,373901985,1751340692521,3,0.0265,0.02670838,35.49,BTC-25JUL25-110000-C,107225.74,sell,0.3,0.3,,,,,,,1751340692.521
5141,373902088,1751340721992,3,0.0265,0.02666387,35.51,BTC-25JUL25-110000-C,107223.68,buy,3.2,3.2,,,,,,,1751340721.992
5142,373903876,1751344466381,2,0.026,0.025922,35.45,BTC-25JUL25-110000-C,107113.9,sell,0.1,0.1,,,,,,,1751344466.381
5143,373906750,1751348840844,2,0.025,0.02487298,35.47,BTC-25JUL25-110000-C,106834.86,buy,0.3,0.3,,,,,,,1751348840.844
5144,373906766,1751348843960,3,0.025,0.02487243,35.47,BTC-25JUL25-110000-C,106834.27,buy,1.3,1.3,,,,,,,1751348843.96
5145,373908759,1751351278646,2,0.0245,0.02470231,34.95,BTC-25JUL25-110000-C,106847.05,sell,0.5,0.5,,,,,,,1751351278.646
5146,373908760,1751351279619,3,0.0245,0.02470077,34.96,BTC-25JUL25-110000-C,106846.64,sell,0.5,0.5,,,,,,,1751351279.619
5147,373909163,1751352391770,0,0.025,0.02496921,35.22,BTC-25JUL25-110000-C,106908.73,buy,0.6,0.6,,,,,,,1751352391.77
5148,373915060,1751355555099,1,0.025,0.02506989,35.03,BTC-25JUL25-110000-C,107029.29,buy,1.3,1.3,,,,,,,1751355555.099
5149,373923850,1751358828079,2,0.0245,0.02451682,34.99,BTC-25JUL25-110000-C,106925.97,buy,0.1,0.1,,,,,,,1751358828.079
5150,373924383,1751359103022,3,0.0245,0.02440976,35.12,BTC-25JUL25-110000-C,106893.93,sell,0.1,0.1,,,,,,,1751359103.022
5151,373925814,1751359727661,2,0.024,0.02399331,35.08,BTC-25JUL25-110000-C,106775.28,sell,0.1,0.1,,,,,,,1751359727.661
5152,373928529,1751361950590,2,0.0236,0.02370002,34.83,BTC-25JUL25-110000-C,106726.51,sell,125.0,125.0,2.0,BLOCK-207988,7503.0,,,,1751361950.59
5153,373928777,1751362144194,2,0.0233,0.02365926,34.58,BTC-25JUL25-110000-C,106715.65,sell,62.5,62.5,2.0,BLOCK-207989,7504.0,,,,1751362144.194
5154,373929653,1751362748138,0,0.0235,0.02323551,35.17,BTC-25JUL25-110000-C,106604.19,buy,1.0,1.0,,,,,,,1751362748.138
5155,373929790,1751362766441,1,0.0235,0.02321449,35.2,BTC-25JUL25-110000-C,106595.1,buy,0.1,0.1,,,,,,,1751362766.441
5156,373929791,1751362766451,1,0.0235,0.02321449,35.2,BTC-25JUL25-110000-C,106595.1,buy,0.9,0.9,,,,,,,1751362766.451
5157,373929853,1751362783046,1,0.0235,0.02320081,35.26,BTC-25JUL25-110000-C,106578.8,buy,1.0,1.0,,,,,,,1751362783.046
5158,373929985,1751362805276,1,0.0235,0.02315299,35.29,BTC-25JUL25-110000-C,106572.78,buy,0.9,0.9,,,,,,,1751362805.276
5159,373930006,1751362814303,1,0.0235,0.0231519,35.3,BTC-25JUL25-110000-C,106573.19,buy,5.0,5.0,,,,,,,1751362814.303
5160,373930247,1751362879998,1,0.0235,0.02314095,35.35,BTC-25JUL25-110000-C,106547.64,buy,5.0,5.0,,,,,,,1751362879.998
5161,373930248,1751362879998,1,0.0235,0.02314095,35.35,BTC-25JUL25-110000-C,106547.64,buy,1.0,1.0,,,,,,,1751362879.998
5162,373930820,1751362998410,2,0.023,0.02313018,34.92,BTC-25JUL25-110000-C,106534.81,sell,0.1,0.1,,,,,,,1751362998.41
5163,373930821,1751362998410,3,0.023,0.02313018,34.92,BTC-25JUL25-110000-C,106534.81,sell,1.2,1.2,,,,,,,1751362998.41
5164,373930822,1751362998410,3,0.023,0.02313018,34.92,BTC-25JUL25-110000-C,106534.81,sell,1.1,1.1,,,,,,,1751362998.41
5166,373930824,1751362998413,3,0.023,0.02313018,34.92,BTC-25JUL25-110000-C,106534.81,buy,0.8,0.8,,,,,,,1751362998.413
5165,373930823,1751362998413,3,0.023,0.02313018,34.92,BTC-25JUL25-110000-C,106534.81,buy,1.8,1.8,,,,,,,1751362998.413
5167,373931593,1751363430160,3,0.023,0.02311941,34.8,BTC-25JUL25-110000-C,106564.46,buy,0.1,0.1,,,,,,,1751363430.16
5168,373931611,1751363456054,3,0.023,0.02312489,34.81,BTC-25JUL25-110000-C,106559.68,buy,0.1,0.1,,,,,,,1751363456.054
5171,373931625,1751363464935,1,0.0235,0.02312653,35.33,BTC-25JUL25-110000-C,106557.09,buy,5.0,5.0,,,,,,,1751363464.935
5175,373931629,1751363464935,1,0.0235,0.02312653,35.33,BTC-25JUL25-110000-C,106557.09,buy,0.5,0.5,,,,,,,1751363464.935
5173,373931627,1751363464935,1,0.0235,0.02312653,35.33,BTC-25JUL25-110000-C,106557.09,buy,5.2,5.2,,,,,,,1751363464.935
5177,373931631,1751363464935,1,0.0235,0.02312653,35.33,BTC-25JUL25-110000-C,106557.09,buy,24.6,24.6,,,,,,,1751363464.935
5170,373931624,1751363464935,1,0.0235,0.02312653,35.33,BTC-25JUL25-110000-C,106557.09,buy,0.9,0.9,,,,,,,1751363464.935
5176,373931630,1751363464935,1,0.0235,0.02312653,35.33,BTC-25JUL25-110000-C,106557.09,buy,0.1,0.1,,,,,,,1751363464.935
5169,373931623,1751363464935,0,0.0235,0.02312653,35.33,BTC-25JUL25-110000-C,106557.09,buy,0.7,0.7,,,,,,,1751363464.935
5172,373931626,1751363464935,1,0.0235,0.02312653,35.33,BTC-25JUL25-110000-C,106557.09,buy,6.0,6.0,,,,,,,1751363464.935
5174,373931628,1751363464935,1,0.0235,0.02312653,35.33,BTC-25JUL25-110000-C,106557.09,buy,10.0,10.0,,,,,,,1751363464.935
5178,373931632,1751363464941,1,0.0235,0.02312653,35.33,BTC-25JUL25-110000-C,106557.09,sell,17.5,17.5,,,,,,,1751363464.941
5179,373931633,1751363464953,1,0.0235,0.02312653,35.33,BTC-25JUL25-110000-C,106557.09,sell,29.5,29.5,,,,,,,1751363464.953
5180,373931660,1751363474280,1,0.0235,0.02310222,35.34,BTC-25JUL25-110000-C,106550.53,buy,2.3,2.3,,,,,,,1751363474.28
5181,373931661,1751363474286,1,0.0235,0.02310222,35.34,BTC-25JUL25-110000-C,106550.53,sell,1.6,1.6,,,,,,,1751363474.286
5182,373931936,1751363629207,1,0.0235,0.02340596,35.29,BTC-25JUL25-110000-C,106560.32,sell,0.1,0.1,,,,,,,1751363629.207
5183,373932948,1751364020214,1,0.0235,0.02345335,35.45,BTC-25JUL25-110000-C,106541.89,sell,33.0,33.0,,,,,,,1751364020.214
5184,373933182,1751364069440,1,0.0235,0.02357197,35.33,BTC-25JUL25-110000-C,106568.22,sell,63.0,63.0,,,,,,,1751364069.44
5185,373941188,1751367730813,1,0.0235,0.02353915,35.22,BTC-25JUL25-110000-C,106573.6,buy,0.3,0.3,,,,,,,1751367730.813
5186,373941189,1751367730829,1,0.0235,0.02353915,35.22,BTC-25JUL25-110000-C,106573.6,buy,0.2,0.2,,,,,,,1751367730.829
5187,373941190,1751367730834,1,0.0235,0.02353915,35.22,BTC-25JUL25-110000-C,106573.6,buy,0.2,0.2,,,,,,,1751367730.834
5188,373941191,1751367730841,1,0.0235,0.02353915,35.22,BTC-25JUL25-110000-C,106573.6,buy,0.2,0.2,,,,,,,1751367730.841
5189,373941192,1751367730848,1,0.0235,0.02353915,35.22,BTC-25JUL25-110000-C,106573.6,buy,0.1,0.1,,,,,,,1751367730.848
5190,373941727,1751368038697,1,0.0235,0.02353538,35.22,BTC-25JUL25-110000-C,106580.01,buy,0.1,0.1,,,,,,,1751368038.697
5191,373944542,1751369676431,1,0.0235,0.02346394,35.08,BTC-25JUL25-110000-C,106623.7,buy,0.1,0.1,,,,,,,1751369676.431
5192,373944564,1751369703193,1,0.0235,0.02348374,35.06,BTC-25JUL25-110000-C,106631.36,buy,0.1,0.1,,,,,,,1751369703.193
5193,373944605,1751369705119,1,0.0235,0.02348616,35.04,BTC-25JUL25-110000-C,106635.75,buy,0.9,0.9,,,,,,,1751369705.119
5194,373945920,1751371366855,1,0.0235,0.02338982,35.09,BTC-25JUL25-110000-C,106640.31,buy,0.1,0.1,,,,,,,1751371366.855
5195,373945930,1751371369746,1,0.0235,0.02339424,35.01,BTC-25JUL25-110000-C,106667.22,buy,0.9,0.9,,,,,,,1751371369.746
5196,373947346,1751372570257,2,0.023,0.02305602,34.94,BTC-25JUL25-110000-C,106545.51,sell,0.8,0.8,,,,,,,1751372570.257
5197,373947347,1751372570260,3,0.023,0.02305602,34.94,BTC-25JUL25-110000-C,106545.51,buy,0.2,0.2,,,,,,,1751372570.26
5198,373950888,1751375607670,3,0.023,0.0227929,35.08,BTC-25JUL25-110000-C,106513.39,buy,0.4,0.4,,,,,,,1751375607.67
5199,373950890,1751375607752,3,0.023,0.0227929,35.08,BTC-25JUL25-110000-C,106513.39,buy,0.6,0.6,,,,,,,1751375607.752
5200,373950925,1751375625464,3,0.023,0.02280753,35.1,BTC-25JUL25-110000-C,106515.6,sell,1.0,1.0,,,,,,,1751375625.464
5201,373950929,1751375626019,3,0.023,0.02281482,35.11,BTC-25JUL25-110000-C,106513.81,sell,1.0,1.0,,,,,,,1751375626.019
5202,373950949,1751375644886,3,0.023,0.02293843,35.07,BTC-25JUL25-110000-C,106520.65,sell,0.9,0.9,,,,,,,1751375644.886
5203,373950981,1751375662000,0,0.0234,0.02301887,35.43,BTC-25JUL25-110000-C,106525.27,buy,25.0,25.0,1.0,BLOCK-208013,,,,,1751375662.0
5204,373950994,1751375684171,0,0.0235,0.02312382,35.51,BTC-25JUL25-110000-C,106526.98,buy,1.0,1.0,,,,,,,1751375684.171
5205,373951005,1751375701733,1,0.0235,0.02331241,35.51,BTC-25JUL25-110000-C,106524.44,sell,1.0,1.0,,,,,,,1751375701.733
5206,373951011,1751375719473,1,0.0235,0.0234029,35.5,BTC-25JUL25-110000-C,106523.68,sell,0.9,0.9,,,,,,,1751375719.473
5207,373952467,1751376457142,0,0.024,0.02390794,35.66,BTC-25JUL25-110000-C,106602.19,buy,0.4,0.4,,,,,,,1751376457.142
5208,373952477,1751376457190,1,0.024,0.02390794,35.66,BTC-25JUL25-110000-C,106602.19,buy,0.4,0.4,,,,,,,1751376457.19
5209,373952521,1751376459161,1,0.024,0.02403686,35.52,BTC-25JUL25-110000-C,106652.64,buy,0.3,0.3,,,,,,,1751376459.161
5210,373952621,1751376481319,1,0.024,0.02406017,35.48,BTC-25JUL25-110000-C,106650.08,buy,0.3,0.3,,,,,,,1751376481.319
5211,373952623,1751376481561,1,0.024,0.02405828,35.48,BTC-25JUL25-110000-C,106651.38,buy,0.5,0.5,,,,,,,1751376481.561
5212,373952625,1751376484085,1,0.024,0.02406112,35.42,BTC-25JUL25-110000-C,106667.37,buy,0.1,0.1,,,,,,,1751376484.085
5213,373953002,1751376624341,1,0.024,0.02414259,35.32,BTC-25JUL25-110000-C,106692.23,buy,0.1,0.1,,,,,,,1751376624.341
5214,373953003,1751376624363,1,0.024,0.02414259,35.32,BTC-25JUL25-110000-C,106692.23,buy,0.1,0.1,,,,,,,1751376624.363
5216,373953009,1751376625661,1,0.024,0.02414516,35.31,BTC-25JUL25-110000-C,106695.32,buy,0.4,0.4,,,,,,,1751376625.661
5215,373953008,1751376625661,1,0.024,0.02414516,35.31,BTC-25JUL25-110000-C,106695.32,buy,0.6,0.6,,,,,,,1751376625.661
5217,373953020,1751376626465,1,0.024,0.02414516,35.31,BTC-25JUL25-110000-C,106695.32,buy,0.6,0.6,,,,,,,1751376626.465
5218,373953609,1751376765314,0,0.0245,0.02438338,35.6,BTC-25JUL25-110000-C,106741.94,buy,1.0,1.0,,,,,,,1751376765.314
5219,373953693,1751376816114,1,0.0245,0.02450916,35.48,BTC-25JUL25-110000-C,106783.92,buy,1.0,1.0,,,,,,,1751376816.114
5220,373955030,1751377247251,2,0.0235,0.02352249,35.6,BTC-25JUL25-110000-C,106472.79,sell,1.0,1.0,,,,,,,1751377247.251
5221,373955110,1751377250668,3,0.0235,0.02341996,35.74,BTC-25JUL25-110000-C,106434.76,sell,3.4,3.4,,,,,,,1751377250.668
5222,373955125,1751377252234,3,0.0235,0.02326857,35.82,BTC-25JUL25-110000-C,106412.93,sell,1.0,1.0,,,,,,,1751377252.234
5223,373955171,1751377258418,3,0.0235,0.02327836,35.84,BTC-25JUL25-110000-C,106408.8,sell,1.0,1.0,,,,,,,1751377258.418
5224,373955249,1751377277284,3,0.0235,0.02340431,35.83,BTC-25JUL25-110000-C,106409.18,sell,1.0,1.0,,,,,,,1751377277.284
5225,373955250,1751377277314,3,0.0235,0.02340431,35.83,BTC-25JUL25-110000-C,106409.18,sell,1.0,1.0,,,,,,,1751377277.314
5226,373955408,1751377311254,3,0.0235,0.02361574,35.62,BTC-25JUL25-110000-C,106454.64,sell,0.2,0.2,,,,,,,1751377311.254
5227,373955662,1751377412555,3,0.0235,0.02346317,35.83,BTC-25JUL25-110000-C,106411.96,sell,1.0,1.0,,,,,,,1751377412.555
5228,373955772,1751377417247,3,0.0235,0.02325313,36.03,BTC-25JUL25-110000-C,106358.93,sell,12.6,12.6,,,,,,,1751377417.247
5229,373955796,1751377423704,3,0.0235,0.02327741,36.01,BTC-25JUL25-110000-C,106362.43,sell,0.6,0.6,,,,,,,1751377423.704
5230,373955800,1751377423758,3,0.0235,0.02327741,36.01,BTC-25JUL25-110000-C,106362.43,sell,3.3,3.3,,,,,,,1751377423.758
5231,373955801,1751377423766,3,0.0235,0.02327741,36.01,BTC-25JUL25-110000-C,106362.43,sell,0.4,0.4,,,,,,,1751377423.766
5232,373955804,1751377423803,3,0.0235,0.02327741,36.01,BTC-25JUL25-110000-C,106362.43,sell,0.3,0.3,,,,,,,1751377423.803
5233,373955815,1751377425423,3,0.0235,0.02321267,36.12,BTC-25JUL25-110000-C,106332.79,sell,70.3,70.3,,,,,,,1751377425.423
5234,373956211,1751377527471,3,0.0235,0.02368162,35.58,BTC-25JUL25-110000-C,106475.06,buy,0.3,0.3,,,,,,,1751377527.471
5235,373956212,1751377527474,3,0.0235,0.02368162,35.58,BTC-25JUL25-110000-C,106475.06,buy,0.1,0.1,,,,,,,1751377527.474
5236,373956221,1751377529624,3,0.0235,0.02368969,35.52,BTC-25JUL25-110000-C,106492.51,buy,0.4,0.4,,,,,,,1751377529.624
5237,373956222,1751377529629,3,0.0235,0.02368969,35.52,BTC-25JUL25-110000-C,106492.51,buy,0.7,0.7,,,,,,,1751377529.629
5238,373956223,1751377529937,3,0.0235,0.02368969,35.52,BTC-25JUL25-110000-C,106492.51,buy,0.1,0.1,,,,,,,1751377529.937
5239,373956228,1751377530426,3,0.0235,0.02368969,35.52,BTC-25JUL25-110000-C,106492.51,buy,1.0,1.0,,,,,,,1751377530.426
5240,373956232,1751377530634,3,0.0235,0.02368929,35.49,BTC-25JUL25-110000-C,106498.97,buy,2.1,2.1,,,,,,,1751377530.634
5241,373956504,1751377649550,0,0.024,0.02409452,35.64,BTC-25JUL25-110000-C,106599.2,buy,0.1,0.1,,,,,,,1751377649.55
5242,373959486,1751378890369,0,0.0253,0.0255894,35.17,BTC-25JUL25-110000-C,107113.92,sell,12.5,12.5,2.0,BLOCK-208025,,BTC-STRD-25JUL25-110000,,,1751378890.369
5243,373959782,1751379115896,0,0.0255,0.02530026,35.71,BTC-25JUL25-110000-C,107018.9,buy,0.5,0.5,,,,,,,1751379115.896
5244,373961466,1751379440371,1,0.0255,0.02560082,35.42,BTC-25JUL25-110000-C,107087.02,buy,1.0,1.0,,,,,,,1751379440.371
5245,373961903,1751379733903,2,0.025,0.0250651,35.41,BTC-25JUL25-110000-C,106953.76,buy,1.0,1.0,,,,,,,1751379733.903
5246,373961986,1751379772497,3,0.025,0.02507229,35.4,BTC-25JUL25-110000-C,106952.42,sell,1.0,1.0,,,,,,,1751379772.497
5247,373962247,1751379800690,3,0.025,0.02489187,35.57,BTC-25JUL25-110000-C,106900.65,buy,1.0,1.0,,,,,,,1751379800.69
5248,373963599,1751380068970,2,0.024,0.02406353,35.47,BTC-25JUL25-110000-C,106645.12,sell,0.3,0.3,,,,,,,1751380068.97
5249,373963600,1751380068972,3,0.024,0.02406353,35.47,BTC-25JUL25-110000-C,106645.12,buy,0.7,0.7,,,,,,,1751380068.972
5250,373967739,1751380987792,2,0.022,0.02192149,35.62,BTC-25JUL25-110000-C,106016.7,buy,1.0,1.0,,,,,,,1751380987.792
5251,373969350,1751381182778,2,0.0215,0.02151129,35.63,BTC-25JUL25-110000-C,105867.49,buy,0.1,0.1,,,,,,,1751381182.778
5252,373969352,1751381182785,3,0.0215,0.02151129,35.63,BTC-25JUL25-110000-C,105867.49,buy,0.8,0.8,,,,,,,1751381182.785
5253,373969353,1751381182787,3,0.0215,0.02151129,35.63,BTC-25JUL25-110000-C,105867.49,buy,0.1,0.1,,,,,,,1751381182.787
5255,373970009,1751381235486,3,0.0215,0.02131447,35.75,BTC-25JUL25-110000-C,105834.84,buy,1.0,1.0,,,,,,,1751381235.486
5254,373970008,1751381235486,3,0.0215,0.02131447,35.75,BTC-25JUL25-110000-C,105834.84,buy,1.0,1.0,,,,,,,1751381235.486
5256,373970352,1751381282648,3,0.0215,0.0215089,35.65,BTC-25JUL25-110000-C,105865.0,buy,1.0,1.0,,,,,,,1751381282.648
5257,373970572,1751381359631,3,0.0215,0.02160634,35.6,BTC-25JUL25-110000-C,105878.25,buy,0.2,0.2,,,,,,,1751381359.631
5258,373970573,1751381359636,3,0.0215,0.02160634,35.6,BTC-25JUL25-110000-C,105878.25,buy,0.2,0.2,,,,,,,1751381359.636
5259,373971813,1751381855382,3,0.0215,0.02184181,35.35,BTC-25JUL25-110000-C,105964.66,sell,0.1,0.1,,,,,,,1751381855.382
5260,373971855,1751381895426,3,0.0215,0.02190226,35.27,BTC-25JUL25-110000-C,105987.26,sell,0.4,0.4,,,,,,,1751381895.426
5261,373972116,1751382002482,3,0.0215,0.02174121,35.43,BTC-25JUL25-110000-C,105940.01,sell,0.6,0.6,,,,,,,1751382002.482
5262,373972122,1751382002904,3,0.0215,0.02174121,35.43,BTC-25JUL25-110000-C,105940.01,sell,0.5,0.5,,,,,,,1751382002.904
5263,373972627,1751382219756,3,0.0215,0.02150491,35.63,BTC-25JUL25-110000-C,105886.33,buy,0.7,0.7,,,,,,,1751382219.756
5264,373972862,1751382300473,3,0.0215,0.02186972,35.24,BTC-25JUL25-110000-C,105996.04,sell,0.4,0.4,,,,,,,1751382300.473
5265,373974435,1751382819204,2,0.021,0.02093398,35.75,BTC-25JUL25-110000-C,105709.88,buy,0.8,0.8,,,,,,,1751382819.204
5266,373975331,1751383136522,3,0.021,0.0212463,35.47,BTC-25JUL25-110000-C,105798.11,sell,0.2,0.2,,,,,,,1751383136.522
5267,373977112,1751384133569,0,0.0225,0.02249007,35.76,BTC-25JUL25-110000-C,106188.21,buy,0.7,0.7,,,,,,,1751384133.569
5268,373979085,1751385932709,2,0.0215,0.02144593,35.71,BTC-25JUL25-110000-C,105904.55,buy,0.1,0.1,,,,,,,1751385932.709
5269,373979204,1751385990009,3,0.0215,0.02148795,35.7,BTC-25JUL25-110000-C,105895.01,sell,0.8,0.8,,,,,,,1751385990.009
5270,373979205,1751385990018,3,0.0215,0.02148795,35.7,BTC-25JUL25-110000-C,105895.01,buy,0.2,0.2,,,,,,,1751385990.018
5271,373979442,1751386143563,0,0.022,0.02196923,35.74,BTC-25JUL25-110000-C,106020.85,buy,0.1,0.1,,,,,,,1751386143.563
5272,373979450,1751386143906,1,0.022,0.02196923,35.74,BTC-25JUL25-110000-C,106020.85,buy,0.1,0.1,,,,,,,1751386143.906
5273,373979478,1751386173456,1,0.022,0.02203068,35.74,BTC-25JUL25-110000-C,106029.9,buy,0.2,0.2,,,,,,,1751386173.456
5274,373979488,1751386176808,1,0.022,0.02203923,35.71,BTC-25JUL25-110000-C,106040.51,buy,0.4,0.4,,,,,,,1751386176.808
5275,373979489,1751386176819,1,0.022,0.02203923,35.71,BTC-25JUL25-110000-C,106040.51,buy,0.1,0.1,,,,,,,1751386176.819
5276,373979669,1751386259491,0,0.0225,0.02243085,35.85,BTC-25JUL25-110000-C,106148.81,buy,1.0,1.0,,,,,,,1751386259.491
5277,373979760,1751386288117,1,0.0225,0.02259376,35.72,BTC-25JUL25-110000-C,106188.93,sell,1.0,1.0,,,,,,,1751386288.117
5278,373981790,1751388667938,2,0.0215,0.02222462,35.12,BTC-25JUL25-110000-C,106085.48,sell,0.2,0.2,,,,,,,1751388667.938
5279,373984366,1751391618945,0,0.0225,0.0223164,35.84,BTC-25JUL25-110000-C,106185.52,buy,0.1,0.1,,,,,,,1751391618.945
5280,373984446,1751391668539,0,0.023,0.02255331,36.14,BTC-25JUL25-110000-C,106239.2,buy,0.3,0.3,,,,,,,1751391668.539
5281,373984679,1751391953369,1,0.023,0.02313472,35.89,BTC-25JUL25-110000-C,106281.84,sell,8.5,8.5,,,,,,,1751391953.369
5282,373985469,1751393387248,1,0.023,0.02311969,36.3,BTC-25JUL25-110000-C,106180.75,sell,10.1,10.1,,,,,,,1751393387.248
5283,373985470,1751393387253,1,0.023,0.02311969,36.3,BTC-25JUL25-110000-C,106180.75,sell,0.7,0.7,,,,,,,1751393387.253
5284,373985471,1751393387258,1,0.023,0.02311969,36.3,BTC-25JUL25-110000-C,106180.75,sell,0.1,0.1,,,,,,,1751393387.258
5285,373985472,1751393387264,1,0.023,0.02311969,36.3,BTC-25JUL25-110000-C,106180.75,sell,0.4,0.4,,,,,,,1751393387.264
5286,373985473,1751393387269,1,0.023,0.02311969,36.3,BTC-25JUL25-110000-C,106180.75,sell,0.1,0.1,,,,,,,1751393387.269
5287,373985474,1751393387274,1,0.023,0.02311969,36.3,BTC-25JUL25-110000-C,106180.75,sell,0.1,0.1,,,,,,,1751393387.274
5288,373985475,1751393387283,1,0.023,0.02311969,36.3,BTC-25JUL25-110000-C,106180.75,sell,0.1,0.1,,,,,,,1751393387.283
5289,373985476,1751393387839,1,0.023,0.02311732,36.31,BTC-25JUL25-110000-C,106176.31,sell,0.1,0.1,,,,,,,1751393387.839
5290,373985484,1751393399211,1,0.023,0.02304147,36.35,BTC-25JUL25-110000-C,106170.99,sell,25.0,25.0,,,,,,,1751393399.211
5291,373985708,1751393873972,1,0.023,0.02304242,36.45,BTC-25JUL25-110000-C,106119.17,sell,10.3,10.3,,,,,,,1751393873.972
5292,373985712,1751393873990,1,0.023,0.02304242,36.45,BTC-25JUL25-110000-C,106119.17,sell,10.3,10.3,,,,,,,1751393873.99
5293,373985729,1751393874479,1,0.023,0.02304505,36.45,BTC-25JUL25-110000-C,106118.09,sell,5.9,5.9,,,,,,,1751393874.479
5294,373985733,1751393876583,1,0.023,0.02303957,36.52,BTC-25JUL25-110000-C,106100.2,sell,28.0,28.0,,,,,,,1751393876.583
5295,373989593,1751396561249,2,0.021,0.0209128,36.44,BTC-25JUL25-110000-C,105544.65,sell,0.1,0.1,,,,,,,1751396561.249
5296,373994377,1751396752520,3,0.021,0.02120191,36.15,BTC-25JUL25-110000-C,105629.79,buy,3.0,3.0,,,,,,,1751396752.52
5297,373995425,1751397002881,2,0.0205,0.02054835,36.14,BTC-25JUL25-110000-C,105506.56,sell,0.8,0.8,,,,,,,1751397002.881
5298,373995426,1751397002881,3,0.0205,0.02054835,36.14,BTC-25JUL25-110000-C,105506.56,sell,0.9,0.9,,,,,,,1751397002.881
5299,373995427,1751397002967,3,0.0205,0.02054835,36.14,BTC-25JUL25-110000-C,105506.56,buy,3.0,3.0,,,,,,,1751397002.967
5300,373995432,1751397003217,3,0.0205,0.02054835,36.14,BTC-25JUL25-110000-C,105506.56,buy,3.0,3.0,,,,,,,1751397003.217
5301,374000287,1751400037162,2,0.02,0.01996361,35.97,BTC-25JUL25-110000-C,105373.21,sell,0.1,0.1,,,,,,,1751400037.162
5302,374000375,1751400044832,3,0.02,0.01989849,36.02,BTC-25JUL25-110000-C,105365.81,sell,0.1,0.1,,,,,,,1751400044.832
5303,374000376,1751400044835,3,0.02,0.01989849,36.02,BTC-25JUL25-110000-C,105365.81,sell,0.1,0.1,,,,,,,1751400044.835
5304,374000377,1751400044844,3,0.02,0.01989849,36.02,BTC-25JUL25-110000-C,105365.81,sell,0.1,0.1,,,,,,,1751400044.844
5305,374000469,1751400056867,3,0.02,0.01985994,36.07,BTC-25JUL25-110000-C,105355.33,sell,0.1,0.1,,,,,,,1751400056.867
5306,374000476,1751400056885,3,0.02,0.01985994,36.07,BTC-25JUL25-110000-C,105355.33,sell,0.3,0.3,,,,,,,1751400056.885
5307,374005196,1751403943867,0,0.021,0.02115136,35.75,BTC-25JUL25-110000-C,105767.89,buy,0.4,0.4,,,,,,,1751403943.867
5308,374005197,1751403945486,1,0.021,0.02115734,35.75,BTC-25JUL25-110000-C,105765.66,buy,0.2,0.2,,,,,,,1751403945.486
5309,374005199,1751403952500,1,0.021,0.02115533,35.75,BTC-25JUL25-110000-C,105763.47,buy,0.2,0.2,,,,,,,1751403952.5
5310,374005661,1751404445532,1,0.021,0.02125565,35.38,BTC-25JUL25-110000-C,105872.83,buy,0.2,0.2,,,,,,,1751404445.532
5311,374005662,1751404445977,1,0.021,0.02127286,35.38,BTC-25JUL25-110000-C,105872.75,buy,1.0,1.0,,,,,,,1751404445.977
5312,374006735,1751405238871,0,0.0215,0.0215751,35.63,BTC-25JUL25-110000-C,105976.26,sell,2.0,2.0,,,,,,,1751405238.871
5313,374006759,1751405257760,1,0.0215,0.0213975,35.75,BTC-25JUL25-110000-C,105947.42,sell,0.5,0.5,,,,,,,1751405257.76
5314,374008724,1751407809061,2,0.0205,0.02076364,35.27,BTC-25JUL25-110000-C,105772.66,sell,1.0,1.0,,,,,,,1751407809.061
5315,374008725,1751407809061,3,0.0205,0.02076364,35.27,BTC-25JUL25-110000-C,105772.66,sell,0.8,0.8,,,,,,,1751407809.061
5316,374008726,1751407809809,3,0.0205,0.0207645,35.27,BTC-25JUL25-110000-C,105772.4,sell,0.8,0.8,,,,,,,1751407809.809
5317,374011238,1751411759648,2,0.0195,0.0195584,35.37,BTC-25JUL25-110000-C,105438.36,buy,2.0,2.0,,,,,,,1751411759.648
5318,374014952,1751414572497,0,0.0205,0.0201803,35.56,BTC-25JUL25-110000-C,105732.98,buy,0.5,0.5,,,,,,,1751414572.497
5320,374015056,1751414599987,1,0.0205,0.02018008,35.57,BTC-25JUL25-110000-C,105732.59,buy,0.7,0.7,,,,,,,1751414599.987
5322,374015058,1751414599987,1,0.0205,0.02018008,35.57,BTC-25JUL25-110000-C,105732.59,buy,0.5,0.5,,,,,,,1751414599.987
5321,374015057,1751414599987,1,0.0205,0.02018008,35.57,BTC-25JUL25-110000-C,105732.59,buy,1.6,1.6,,,,,,,1751414599.987
5319,374015055,1751414599987,1,0.0205,0.02018008,35.57,BTC-25JUL25-110000-C,105732.59,buy,0.2,0.2,,,,,,,1751414599.987
5323,374020992,1751419059513,2,0.0185,0.01839451,35.16,BTC-25JUL25-110000-C,105212.71,sell,0.1,0.1,,,,,,,1751419059.513
5324,374021117,1751419064924,2,0.018,0.01821473,34.89,BTC-25JUL25-110000-C,105130.52,sell,0.1,0.1,,,,,,T,1751419064.924
5325,374022550,1751419898971,0,0.0195,0.01965345,34.81,BTC-25JUL25-110000-C,105640.33,buy,1.0,1.0,,,,,,,1751419898.971
5326,374027138,1751424795625,0,0.021,0.0204081,35.65,BTC-25JUL25-110000-C,105859.72,buy,0.1,0.1,,,,,,,1751424795.625
5327,374031180,1751430941132,1,0.021,0.02160366,34.58,BTC-25JUL25-110000-C,106191.48,sell,0.2,0.2,,,,,,,1751430941.132
5328,374031241,1751431113131,0,0.0215,0.02174691,34.91,BTC-25JUL25-110000-C,106239.01,buy,150.0,150.0,6.0,BLOCK-208091,7562.0,,,,1751431113.131
5329,374031689,1751431762465,0,0.022,0.02185612,35.28,BTC-25JUL25-110000-C,106285.38,buy,1.0,1.0,,,,,,,1751431762.465
5330,374032366,1751432654696,0,0.0225,0.0220129,35.55,BTC-25JUL25-110000-C,106368.38,buy,0.2,0.2,,,,,,,1751432654.696
5331,374035406,1751436214172,0,0.023,0.02314304,34.93,BTC-25JUL25-110000-C,106688.95,buy,0.2,0.2,,,,,,,1751436214.172
5339,374035414,1751436219453,1,0.023,0.02315042,34.92,BTC-25JUL25-110000-C,106691.11,buy,0.4,0.4,,,,,,,1751436219.453
5340,374035415,1751436219453,1,0.023,0.02315042,34.92,BTC-25JUL25-110000-C,106691.11,buy,23.6,23.6,,,,,,,1751436219.453
5332,374035407,1751436219453,1,0.023,0.02315042,34.92,BTC-25JUL25-110000-C,106691.11,buy,0.1,0.1,,,,,,,1751436219.453
5335,374035410,1751436219453,1,0.023,0.02315042,34.92,BTC-25JUL25-110000-C,106691.11,buy,0.8,0.8,,,,,,,1751436219.453
5333,374035408,1751436219453,1,0.023,0.02315042,34.92,BTC-25JUL25-110000-C,106691.11,buy,0.1,0.1,,,,,,,1751436219.453
5337,374035412,1751436219453,1,0.023,0.02315042,34.92,BTC-25JUL25-110000-C,106691.11,buy,0.2,0.2,,,,,,,1751436219.453
5336,374035411,1751436219453,1,0.023,0.02315042,34.92,BTC-25JUL25-110000-C,106691.11,buy,0.1,0.1,,,,,,,1751436219.453
5334,374035409,1751436219453,1,0.023,0.02315042,34.92,BTC-25JUL25-110000-C,106691.11,buy,0.2,0.2,,,,,,,1751436219.453
5338,374035413,1751436219453,1,0.023,0.02315042,34.92,BTC-25JUL25-110000-C,106691.11,buy,1.0,1.0,,,,,,,1751436219.453
5341,374035478,1751436311086,1,0.023,0.02305762,34.95,BTC-25JUL25-110000-C,106690.71,buy,16.5,16.5,,,,,,,1751436311.086
5342,374035479,1751436311086,1,0.023,0.02305762,34.95,BTC-25JUL25-110000-C,106690.71,buy,0.2,0.2,,,,,,,1751436311.086
5343,374037211,1751438064229,0,0.024,0.02395276,35.35,BTC-25JUL25-110000-C,106853.38,buy,1.0,1.0,,,,,,,1751438064.229
5344,374039055,1751439824934,0,0.0245,0.02450903,35.42,BTC-25JUL25-110000-C,106978.42,buy,1.0,1.0,,,,,,,1751439824.934
5345,374041494,1751442189784,0,0.025,0.02489491,35.62,BTC-25JUL25-110000-C,107100.65,sell,0.1,0.1,,,,,,,1751442189.784
5346,374043018,1751442898040,0,0.0255,0.02534498,35.67,BTC-25JUL25-110000-C,107194.52,buy,0.1,0.1,,,,,,,1751442898.04
5347,374044058,1751443230473,1,0.0255,0.02540479,35.63,BTC-25JUL25-110000-C,107232.37,buy,2.0,2.0,,,,,,,1751443230.473
5348,374044518,1751443317212,0,0.026,0.02587272,35.64,BTC-25JUL25-110000-C,107353.82,buy,0.1,0.1,,,,,,,1751443317.212
5349,374044901,1751443357233,1,0.026,0.02589758,35.63,BTC-25JUL25-110000-C,107356.79,buy,0.1,0.1,,,,,,,1751443357.233
5350,374045144,1751443400274,1,0.026,0.02589112,35.61,BTC-25JUL25-110000-C,107356.42,buy,0.1,0.1,,,,,,,1751443400.274
5351,374045425,1751443456327,0,0.0265,0.02622563,35.78,BTC-25JUL25-110000-C,107432.71,buy,0.1,0.1,,,,,,,1751443456.327
5352,374045589,1751443493368,1,0.0265,0.02623725,35.77,BTC-25JUL25-110000-C,107432.6,buy,0.1,0.1,,,,,,,1751443493.368
5353,374045697,1751443550713,1,0.0265,0.02624492,35.76,BTC-25JUL25-110000-C,107439.08,buy,0.1,0.1,,,,,,,1751443550.713
5354,374045920,1751443620170,1,0.0265,0.02611736,35.9,BTC-25JUL25-110000-C,107407.5,buy,0.8,0.8,,,,,,,1751443620.17
5355,374045961,1751443637530,1,0.0265,0.02619656,35.82,BTC-25JUL25-110000-C,107422.47,buy,0.1,0.1,,,,,,,1751443637.53
5356,374046055,1751443701820,1,0.0265,0.0262005,35.83,BTC-25JUL25-110000-C,107418.49,buy,0.1,0.1,,,,,,,1751443701.82
5357,374046361,1751443771692,1,0.0265,0.02616151,35.88,BTC-25JUL25-110000-C,107408.89,buy,0.1,0.1,,,,,,,1751443771.692
5358,374051203,1751446236150,0,0.027,0.02688351,35.58,BTC-25JUL25-110000-C,107599.99,buy,0.2,0.2,,,,,,,1751446236.15
5359,374051204,1751446238234,1,0.027,0.02688014,35.57,BTC-25JUL25-110000-C,107603.68,buy,0.2,0.2,,,,,,,1751446238.234
5360,374051205,1751446242232,1,0.027,0.02688922,35.57,BTC-25JUL25-110000-C,107603.61,buy,0.2,0.2,,,,,,,1751446242.232
5361,374051220,1751446256983,1,0.027,0.02687005,35.6,BTC-25JUL25-110000-C,107601.25,sell,0.2,0.2,,,,,,,1751446256.983
5362,374051715,1751446371811,0,0.0275,0.02730301,35.66,BTC-25JUL25-110000-C,107723.59,buy,0.2,0.2,,,,,,,1751446371.811
5363,374052082,1751446526557,1,0.0275,0.0273475,35.61,BTC-25JUL25-110000-C,107735.23,buy,0.2,0.2,,,,,,,1751446526.557
5364,374052083,1751446527551,1,0.0275,0.02734995,35.61,BTC-25JUL25-110000-C,107735.61,buy,0.2,0.2,,,,,,,1751446527.551
5365,374052113,1751446528993,1,0.0275,0.0273498,35.6,BTC-25JUL25-110000-C,107735.86,buy,0.2,0.2,,,,,,,1751446528.993
5366,374052126,1751446542579,1,0.0275,0.02740511,35.55,BTC-25JUL25-110000-C,107747.26,sell,0.2,0.2,,,,,,,1751446542.579
5367,374052128,1751446546348,1,0.0275,0.02740596,35.55,BTC-25JUL25-110000-C,107746.65,sell,0.2,0.2,,,,,,,1751446546.348
5369,374052264,1751446625029,1,0.0275,0.02749965,35.47,BTC-25JUL25-110000-C,107762.28,sell,0.2,0.2,,,,,,,1751446625.029
5368,374052263,1751446625029,1,0.0275,0.02749965,35.47,BTC-25JUL25-110000-C,107762.28,sell,0.2,0.2,,,,,,,1751446625.029
5370,374053956,1751446983095,1,0.0275,0.027472,35.49,BTC-25JUL25-110000-C,107758.09,sell,0.2,0.2,,,,,,,1751446983.095
5371,374054012,1751446994578,1,0.0275,0.02749034,35.47,BTC-25JUL25-110000-C,107765.51,sell,0.1,0.1,,,,,,,1751446994.578
5372,374054095,1751447005221,1,0.0275,0.02739606,35.57,BTC-25JUL25-110000-C,107742.67,sell,0.2,0.2,,,,,,,1751447005.221
5373,374054216,1751447036109,1,0.0275,0.02732519,35.64,BTC-25JUL25-110000-C,107722.33,buy,0.1,0.1,,,,,,,1751447036.109
5374,374054234,1751447057135,1,0.0275,0.02730886,35.65,BTC-25JUL25-110000-C,107713.29,buy,0.1,0.1,,,,,,,1751447057.135
5375,374054298,1751447062181,1,0.0275,0.02731042,35.64,BTC-25JUL25-110000-C,107713.45,buy,0.2,0.2,,,,,,,1751447062.181
5376,374054303,1751447063658,1,0.0275,0.0273103,35.64,BTC-25JUL25-110000-C,107714.53,buy,0.1,0.1,,,,,,,1751447063.658
5377,374054441,1751447096174,1,0.0275,0.02736852,35.58,BTC-25JUL25-110000-C,107728.76,buy,0.1,0.1,,,,,,,1751447096.174
5378,374054442,1751447098215,1,0.0275,0.02736842,35.58,BTC-25JUL25-110000-C,107728.39,buy,0.1,0.1,,,,,,,1751447098.215
5379,374054477,1751447116194,1,0.0275,0.02730774,35.64,BTC-25JUL25-110000-C,107710.53,buy,0.1,0.1,,,,,,,1751447116.194
5380,374054483,1751447118237,1,0.0275,0.0273083,35.65,BTC-25JUL25-110000-C,107710.72,buy,0.1,0.1,,,,,,,1751447118.237
5381,374054542,1751447125770,1,0.0275,0.02734613,35.6,BTC-25JUL25-110000-C,107724.39,buy,0.1,0.1,,,,,,,1751447125.77
5382,374054641,1751447173515,1,0.0275,0.02745229,35.5,BTC-25JUL25-110000-C,107744.62,sell,0.1,0.1,,,,,,,1751447173.515
5383,374054744,1751447181906,1,0.0275,0.02746502,35.49,BTC-25JUL25-110000-C,107748.26,sell,0.1,0.1,,,,,,,1751447181.906
5384,374054747,1751447185287,1,0.0275,0.02746277,35.49,BTC-25JUL25-110000-C,107749.42,buy,0.1,0.1,,,,,,,1751447185.287
5385,374054752,1751447198316,1,0.0275,0.0274587,35.5,BTC-25JUL25-110000-C,107749.47,buy,0.1,0.1,,,,,,,1751447198.316
5386,374054754,1751447201323,1,0.0275,0.02745674,35.5,BTC-25JUL25-110000-C,107748.84,buy,0.1,0.1,,,,,,,1751447201.323
5387,374054909,1751447234354,1,0.0275,0.0273567,35.6,BTC-25JUL25-110000-C,107728.9,buy,0.1,0.1,,,,,,,1751447234.354
5388,374054954,1751447249382,1,0.0275,0.02736448,35.59,BTC-25JUL25-110000-C,107730.3,buy,0.1,0.1,,,,,,,1751447249.382
5389,374055565,1751447315920,1,0.0275,0.02736513,35.58,BTC-25JUL25-110000-C,107725.46,buy,0.1,0.1,,,,,,,1751447315.92
5390,374055578,1751447328468,1,0.0275,0.027374,35.56,BTC-25JUL25-110000-C,107725.46,buy,0.1,0.1,,,,,,,1751447328.468
5391,374055579,1751447328480,1,0.0275,0.027374,35.56,BTC-25JUL25-110000-C,107725.46,buy,0.1,0.1,,,,,,,1751447328.48
5392,374055605,1751447368528,1,0.0275,0.02740227,35.54,BTC-25JUL25-110000-C,107722.68,buy,0.1,0.1,,,,,,,1751447368.528
5393,374055658,1751447388570,1,0.0275,0.02741146,35.57,BTC-25JUL25-110000-C,107709.07,buy,0.1,0.1,,,,,,,1751447388.57
5394,374056510,1751447992259,2,0.027,0.0269341,35.44,BTC-25JUL25-110000-C,107625.59,sell,0.1,0.1,,,,,,,1751447992.259
5395,374056531,1751448008826,3,0.027,0.02691342,35.46,BTC-25JUL25-110000-C,107623.58,sell,0.1,0.1,,,,,,,1751448008.826
5396,374056534,1751448028074,3,0.027,0.02690406,35.47,BTC-25JUL25-110000-C,107622.52,sell,0.1,0.1,,,,,,,1751448028.074
5397,374056852,1751448173432,0,0.0275,0.02726821,35.62,BTC-25JUL25-110000-C,107710.81,buy,0.1,0.1,,,,,,,1751448173.432
5398,374056853,1751448174466,1,0.0275,0.02727131,35.61,BTC-25JUL25-110000-C,107711.85,buy,0.1,0.1,,,,,,,1751448174.466
5399,374056883,1751448190992,1,0.0275,0.02736165,35.53,BTC-25JUL25-110000-C,107728.1,sell,0.1,0.1,,,,,,,1751448190.992
5400,374056895,1751448199257,1,0.0275,0.02736388,35.53,BTC-25JUL25-110000-C,107727.4,sell,0.1,0.1,,,,,,,1751448199.257
5401,374056969,1751448218512,1,0.0275,0.02733873,35.56,BTC-25JUL25-110000-C,107714.28,sell,0.1,0.1,,,,,,,1751448218.512
5402,374056973,1751448218652,1,0.0275,0.02733873,35.56,BTC-25JUL25-110000-C,107714.28,sell,0.1,0.1,,,,,,,1751448218.652
5403,374056976,1751448219702,1,0.0275,0.02734351,35.56,BTC-25JUL25-110000-C,107714.44,sell,0.1,0.1,,,,,,,1751448219.702
5405,374057011,1751448240490,1,0.0275,0.02741501,35.49,BTC-25JUL25-110000-C,107733.47,sell,0.1,0.1,,,,,,,1751448240.49
5404,374057010,1751448240490,1,0.0275,0.02741501,35.49,BTC-25JUL25-110000-C,107733.47,sell,0.1,0.1,,,,,,,1751448240.49
5406,374057017,1751448266897,1,0.0275,0.02738841,35.52,BTC-25JUL25-110000-C,107726.3,sell,0.1,0.1,,,,,,,1751448266.897
5407,374057038,1751448267134,1,0.0275,0.02738841,35.52,BTC-25JUL25-110000-C,107726.3,sell,0.1,0.1,,,,,,,1751448267.134
5408,374057042,1751448268770,1,0.0275,0.02738834,35.56,BTC-25JUL25-110000-C,107720.06,buy,0.1,0.1,,,,,,,1751448268.77
5409,374057386,1751448468137,1,0.0275,0.02698448,35.93,BTC-25JUL25-110000-C,107639.14,buy,0.1,0.1,,,,,,,1751448468.137
5411,374057844,1751448734106,1,0.0275,0.02717654,35.76,BTC-25JUL25-110000-C,107671.53,buy,1.0,1.0,,,,,,,1751448734.106
5413,374057846,1751448734106,1,0.0275,0.02717654,35.76,BTC-25JUL25-110000-C,107671.53,buy,0.6,0.6,,,,,,,1751448734.106
5412,374057845,1751448734106,1,0.0275,0.02717654,35.76,BTC-25JUL25-110000-C,107671.53,buy,5.0,5.0,,,,,,,1751448734.106
5410,374057843,1751448734106,1,0.0275,0.02717654,35.76,BTC-25JUL25-110000-C,107671.53,buy,0.9,0.9,,,,,,,1751448734.106
5414,374057849,1751448739573,1,0.0275,0.02717808,35.76,BTC-25JUL25-110000-C,107671.82,buy,0.1,0.1,,,,,,,1751448739.573
5415,374057935,1751448813609,1,0.0275,0.0270619,35.91,BTC-25JUL25-110000-C,107637.68,buy,0.2,0.2,,,,,,,1751448813.609
5416,374057941,1751448832615,2,0.027,0.02701089,35.42,BTC-25JUL25-110000-C,107638.53,sell,0.1,0.1,,,,,,,1751448832.615
5417,374057942,1751448832615,3,0.027,0.02701089,35.42,BTC-25JUL25-110000-C,107638.53,sell,0.1,0.1,,,,,,,1751448832.615
5418,374058041,1751448953098,0,0.0275,0.02702477,35.91,BTC-25JUL25-110000-C,107650.1,buy,0.1,0.1,,,,,,,1751448953.098
5419,374058108,1751449014950,2,0.027,0.02699626,35.43,BTC-25JUL25-110000-C,107637.19,sell,0.1,0.1,,,,,,,1751449014.95
5420,374058170,1751449092856,3,0.027,0.02686189,35.58,BTC-25JUL25-110000-C,107612.63,sell,0.1,0.1,,,,,,,1751449092.856
5421,374058186,1751449102501,3,0.027,0.02686498,35.58,BTC-25JUL25-110000-C,107611.44,buy,0.1,0.1,,,,,,,1751449102.501
5422,374058199,1751449136545,3,0.027,0.02685126,35.59,BTC-25JUL25-110000-C,107609.46,buy,0.1,0.1,,,,,,,1751449136.545
5423,374058209,1751449161377,3,0.027,0.02683421,35.6,BTC-25JUL25-110000-C,107604.84,buy,0.1,0.1,,,,,,,1751449161.377
5424,374058211,1751449167538,3,0.027,0.02683701,35.6,BTC-25JUL25-110000-C,107604.88,buy,0.1,0.1,,,,,,,1751449167.538
5425,374058397,1751449244470,3,0.027,0.02687261,35.54,BTC-25JUL25-110000-C,107614.58,buy,0.1,0.1,,,,,,,1751449244.47
5426,374058398,1751449255626,3,0.027,0.02686488,35.54,BTC-25JUL25-110000-C,107612.12,buy,0.1,0.1,,,,,,,1751449255.626
5427,374058400,1751449269698,3,0.027,0.02687804,35.53,BTC-25JUL25-110000-C,107612.88,buy,0.1,0.1,,,,,,,1751449269.698
5428,374058401,1751449270648,3,0.027,0.02687854,35.52,BTC-25JUL25-110000-C,107612.93,buy,0.1,0.1,,,,,,,1751449270.648
5429,374058403,1751449286663,3,0.027,0.02688207,35.52,BTC-25JUL25-110000-C,107612.72,buy,0.1,0.1,,,,,,,1751449286.663
5430,374058406,1751449291728,3,0.027,0.02687923,35.52,BTC-25JUL25-110000-C,107612.74,buy,0.1,0.1,,,,,,,1751449291.728
5431,374058424,1751449319015,3,0.027,0.0268854,35.51,BTC-25JUL25-110000-C,107613.91,buy,0.1,0.1,,,,,,,1751449319.015
5432,374058425,1751449321760,3,0.027,0.02688339,35.51,BTC-25JUL25-110000-C,107612.16,buy,0.1,0.1,,,,,,,1751449321.76
5433,374058463,1751449365979,3,0.027,0.02691718,35.46,BTC-25JUL25-110000-C,107626.23,buy,0.1,0.1,,,,,,,1751449365.979
5434,374058465,1751449382118,3,0.027,0.02691628,35.46,BTC-25JUL25-110000-C,107627.18,buy,0.1,0.1,,,,,,,1751449382.118
5435,374058472,1751449403013,3,0.027,0.02690594,35.46,BTC-25JUL25-110000-C,107627.27,buy,0.1,0.1,,,,,,,1751449403.013
5436,374058527,1751449408146,3,0.027,0.02690911,35.45,BTC-25JUL25-110000-C,107632.28,buy,0.1,0.1,,,,,,,1751449408.146
5437,374058529,1751449417350,3,0.027,0.02695548,35.39,BTC-25JUL25-110000-C,107644.41,buy,0.1,0.1,,,,,,,1751449417.35
5438,374058533,1751449423119,3,0.027,0.02696616,35.39,BTC-25JUL25-110000-C,107643.94,buy,0.1,0.1,,,,,,,1751449423.119
5439,374059606,1751450844009,3,0.027,0.02700151,35.3,BTC-25JUL25-110000-C,107683.83,sell,0.1,0.1,,,,,,,1751450844.009
5440,374059618,1751450846740,3,0.027,0.02693423,35.39,BTC-25JUL25-110000-C,107660.1,sell,0.1,0.1,,,,,,,1751450846.74
5441,374060146,1751451211314,0,0.0275,0.02716456,35.58,BTC-25JUL25-110000-C,107733.2,buy,0.1,0.1,,,,,,,1751451211.314
5442,374060266,1751451404427,1,0.0275,0.02710552,35.61,BTC-25JUL25-110000-C,107732.15,buy,0.1,0.1,,,,,,,1751451404.427
5443,374060337,1751451495494,1,0.0275,0.02721319,35.52,BTC-25JUL25-110000-C,107767.55,buy,0.1,0.1,,,,,,,1751451495.494
5444,374060338,1751451495536,1,0.0275,0.02721319,35.52,BTC-25JUL25-110000-C,107767.55,buy,0.1,0.1,,,,,,,1751451495.536
5445,374060356,1751451523529,1,0.0275,0.02721404,35.53,BTC-25JUL25-110000-C,107766.86,buy,0.1,0.1,,,,,,,1751451523.529
5446,374060364,1751451551555,1,0.0275,0.0272692,35.47,BTC-25JUL25-110000-C,107767.74,buy,0.1,0.1,,,,,,,1751451551.555
5447,374060378,1751451570620,1,0.0275,0.02729901,35.43,BTC-25JUL25-110000-C,107773.19,sell,0.1,0.1,,,,,,,1751451570.62
5448,374060415,1751451613711,0,0.028,0.02738154,35.88,BTC-25JUL25-110000-C,107788.49,buy,0.1,0.1,,,,,,,1751451613.711
5449,374060690,1751452109244,1,0.028,0.02754905,35.76,BTC-25JUL25-110000-C,107826.52,buy,0.1,0.1,,,,,,,1751452109.244
5450,374060737,1751452156611,2,0.0275,0.02748248,35.33,BTC-25JUL25-110000-C,107803.98,sell,0.1,0.1,,,,,,,1751452156.611
5451,374061067,1751452719054,0,0.028,0.02746245,35.85,BTC-25JUL25-110000-C,107800.26,buy,0.1,0.1,,,,,,,1751452719.054
5452,374061104,1751452738631,2,0.0275,0.02746439,35.35,BTC-25JUL25-110000-C,107798.19,sell,0.1,0.1,,,,,,,1751452738.631
5453,374061153,1751452816099,3,0.0275,0.02738508,35.41,BTC-25JUL25-110000-C,107790.4,buy,0.1,0.1,,,,,,,1751452816.099
5454,374062955,1751456053647,2,0.027,0.02686822,35.36,BTC-25JUL25-110000-C,107678.82,sell,0.1,0.1,,,,,,,1751456053.647
5455,374065789,1751457560068,2,0.026,0.02621559,34.96,BTC-25JUL25-110000-C,107491.99,sell,0.6,0.6,,,,,,,1751457560.068
5456,374065790,1751457560070,3,0.026,0.02621559,34.96,BTC-25JUL25-110000-C,107491.99,buy,0.4,0.4,,,,,,,1751457560.07
5457,374066603,1751458364714,3,0.026,0.02586088,35.27,BTC-25JUL25-110000-C,107418.57,buy,1.0,1.0,,,,,,,1751458364.714
5458,374068207,1751458779941,2,0.0255,0.02542877,35.22,BTC-25JUL25-110000-C,107302.27,sell,0.2,0.2,,,,,,,1751458779.941
5459,374068208,1751458780525,3,0.0255,0.02542877,35.22,BTC-25JUL25-110000-C,107302.27,buy,0.8,0.8,,,,,,,1751458780.525
5460,374069765,1751459242417,2,0.025,0.02543538,34.78,BTC-25JUL25-110000-C,107264.59,sell,0.1,0.1,,,,,,,1751459242.417
5461,374078289,1751464991805,0,0.0275,0.02735635,35.43,BTC-25JUL25-110000-C,107834.38,buy,0.6,0.6,,,,,,,1751464991.805
5462,374078290,1751464991805,1,0.0275,0.02735635,35.43,BTC-25JUL25-110000-C,107834.38,buy,0.8,0.8,,,,,,,1751464991.805
5463,374078291,1751464991805,1,0.0275,0.02735635,35.43,BTC-25JUL25-110000-C,107834.38,buy,1.1,1.1,,,,,,,1751464991.805
5464,374078292,1751464991812,1,0.0275,0.02735635,35.43,BTC-25JUL25-110000-C,107834.38,buy,0.8,0.8,,,,,,,1751464991.812
5465,374079150,1751465487383,0,0.028,0.02777233,35.52,BTC-25JUL25-110000-C,107931.87,buy,0.2,0.2,,,,,,,1751465487.383
5466,374084362,1751466740823,2,0.0275,0.02760494,35.23,BTC-25JUL25-110000-C,107849.18,buy,1.0,1.0,,,,,,,1751466740.823
5467,374086726,1751467478758,0,0.028,0.0280323,35.3,BTC-25JUL25-110000-C,107958.52,buy,1.0,1.0,,,,,,,1751467478.758
5468,374086775,1751467486096,0,0.0285,0.0279366,36.04,BTC-25JUL25-110000-C,107904.1,buy,0.1,0.1,,,,,,,1751467486.096
5469,374087102,1751467576707,2,0.028,0.02792129,35.36,BTC-25JUL25-110000-C,107937.03,buy,1.0,1.0,,,,,,,1751467576.707
5470,374088932,1751468123171,0,0.0285,0.02841785,35.35,BTC-25JUL25-110000-C,108066.17,buy,1.0,1.0,,,,,,,1751468123.171
5471,374089292,1751468319313,0,0.029,0.02880947,35.4,BTC-25JUL25-110000-C,108170.76,buy,0.1,0.1,,,,,,,1751468319.313
5472,374089293,1751468319317,1,0.029,0.02880947,35.4,BTC-25JUL25-110000-C,108170.76,buy,0.1,0.1,,,,,,,1751468319.317
5473,374089294,1751468319321,1,0.029,0.02880947,35.4,BTC-25JUL25-110000-C,108170.76,buy,0.8,0.8,,,,,,,1751468319.321
5474,374089647,1751468345680,1,0.029,0.02891969,35.35,BTC-25JUL25-110000-C,108180.89,buy,0.2,0.2,,,,,,,1751468345.68
5475,374089689,1751468366289,1,0.029,0.02890673,35.33,BTC-25JUL25-110000-C,108187.4,buy,0.1,0.1,,,,,,,1751468366.289
5476,374089690,1751468366295,1,0.029,0.02890673,35.33,BTC-25JUL25-110000-C,108187.4,buy,0.1,0.1,,,,,,,1751468366.295
5477,374089691,1751468366303,1,0.029,0.02890673,35.33,BTC-25JUL25-110000-C,108187.4,buy,0.1,0.1,,,,,,,1751468366.303
5478,374089704,1751468368627,1,0.029,0.02892484,35.31,BTC-25JUL25-110000-C,108195.53,buy,0.5,0.5,,,,,,,1751468368.627
5479,374098450,1751470462352,0,0.03,0.0300355,35.64,BTC-25JUL25-110000-C,108354.85,buy,2.0,2.0,,,,,,,1751470462.352
5480,374101046,1751471137450,0,0.031,0.03095146,35.89,BTC-25JUL25-110000-C,108529.66,buy,0.3,0.3,,,,,,,1751471137.45
5481,374107686,1751472123507,0,0.032,0.03221896,35.85,BTC-25JUL25-110000-C,108795.69,sell,0.1,0.1,,,,,,,1751472123.507
5482,374109737,1751472305017,0,0.033,0.0329526,36.13,BTC-25JUL25-110000-C,108957.07,buy,0.5,0.5,,,,,,,1751472305.017
5484,374109991,1751472306332,1,0.0335,0.0329526,36.53,BTC-25JUL25-110000-C,108981.05,buy,1.0,1.0,,,,,,,1751472306.332
5483,374109990,1751472306332,0,0.0335,0.0329526,36.53,BTC-25JUL25-110000-C,108981.05,buy,0.1,0.1,,,,,,,1751472306.332
5485,374111192,1751472347735,0,0.034,0.03375869,36.27,BTC-25JUL25-110000-C,109133.5,buy,1.0,1.0,,,,,,,1751472347.735
5486,374112665,1751472405788,0,0.0345,0.03430691,36.31,BTC-25JUL25-110000-C,109258.42,buy,1.0,1.0,,,,,,,1751472405.788
5487,374112919,1751472423807,1,0.0345,0.03437547,36.25,BTC-25JUL25-110000-C,109274.14,buy,1.0,1.0,,,,,,,1751472423.807
5488,374114475,1751472504881,1,0.0345,0.0342204,36.38,BTC-25JUL25-110000-C,109226.77,buy,1.0,1.0,,,,,,,1751472504.881
5489,374114935,1751472526177,0,0.035,0.03446525,36.48,BTC-25JUL25-110000-C,109325.1,buy,0.1,0.1,,,,,,,1751472526.177
5490,374115890,1751472549849,0,0.036,0.03545903,36.67,BTC-25JUL25-110000-C,109502.9,sell,0.5,0.5,,,,,,,1751472549.849
5491,374119699,1751472714327,0,0.0365,0.03581409,37.23,BTC-25JUL25-110000-C,109517.03,buy,0.5,0.5,,,,,,,1751472714.327
5493,374123120,1751472980879,2,0.036,0.03641874,36.39,BTC-25JUL25-110000-C,109587.94,sell,1.0,1.0,,,,,,,1751472980.879
5492,374123119,1751472980879,1,0.0365,0.03641874,36.89,BTC-25JUL25-110000-C,109587.94,sell,0.2,0.2,,,,,,,1751472980.879
5495,374123122,1751472980879,3,0.036,0.03641874,36.39,BTC-25JUL25-110000-C,109587.94,sell,2.8,2.8,,,,,,,1751472980.879
5494,374123121,1751472980879,3,0.036,0.03641874,36.39,BTC-25JUL25-110000-C,109587.94,sell,1.0,1.0,,,,,,,1751472980.879
5496,374124930,1751473092850,0,0.0365,0.0362763,37.16,BTC-25JUL25-110000-C,109513.72,sell,0.1,0.1,,,,,,,1751473092.85
5499,374132827,1751473750080,3,0.035,0.0353267,36.71,BTC-25JUL25-110000-C,109273.82,sell,0.8,0.8,,,,,,,1751473750.08
5497,374132825,1751473750080,2,0.035,0.0353267,36.71,BTC-25JUL25-110000-C,109273.82,sell,0.2,0.2,,,,,,,1751473750.08
5498,374132826,1751473750080,3,0.035,0.0353267,36.71,BTC-25JUL25-110000-C,109273.82,sell,1.0,1.0,,,,,,,1751473750.08
5500,374133710,1751473812086,0,0.0355,0.03540081,37.14,BTC-25JUL25-110000-C,109305.25,buy,1.0,1.0,,,,,,,1751473812.086
5501,374134060,1751473858031,1,0.0355,0.03528548,37.24,BTC-25JUL25-110000-C,109306.83,buy,1.0,1.0,,,,,,,1751473858.031
5503,374135973,1751474360664,1,0.036,0.0360006,37.0,BTC-25JUL25-110000-C,109469.92,buy,0.5,0.5,,,,,,,1751474360.664
5502,374135972,1751474360664,0,0.036,0.0360006,37.0,BTC-25JUL25-110000-C,109469.92,buy,1.0,1.0,,,,,,,1751474360.664
5504,374136476,1751474519003,0,0.0365,0.03631408,37.22,BTC-25JUL25-110000-C,109545.91,buy,0.1,0.1,,,,,,,1751474519.003
5505,374137863,1751474907396,1,0.0365,0.03651088,37.2,BTC-25JUL25-110000-C,109547.63,buy,1.0,1.0,,,,,,,1751474907.396
5507,374138012,1751474924903,1,0.0365,0.03633237,37.26,BTC-25JUL25-110000-C,109542.4,buy,0.8,0.8,,,,,,,1751474924.903
5506,374138011,1751474924903,1,0.0365,0.03633237,37.26,BTC-25JUL25-110000-C,109542.4,buy,0.2,0.2,,,,,,,1751474924.903
5508,374138317,1751474982500,1,0.0365,0.03686698,36.72,BTC-25JUL25-110000-C,109636.99,sell,0.2,0.2,,,,,,,1751474982.5
5509,374138318,1751474982500,1,0.0365,0.03686698,36.72,BTC-25JUL25-110000-C,109636.99,sell,4.8,4.8,,,,,,,1751474982.5
5510,374138948,1751475102170,1,0.0365,0.03642025,37.21,BTC-25JUL25-110000-C,109529.21,buy,1.0,1.0,,,,,,,1751475102.17
5511,374139191,1751475137199,1,0.0365,0.03640356,37.21,BTC-25JUL25-110000-C,109536.0,buy,0.9,0.9,,,,,,,1751475137.199
5512,374140856,1751475601529,1,0.0365,0.0362257,37.42,BTC-25JUL25-110000-C,109484.24,buy,1.0,1.0,,,,,,,1751475601.529
5513,374141518,1751475801700,1,0.0365,0.03666648,36.94,BTC-25JUL25-110000-C,109587.82,buy,6.9,6.9,,,,,,,1751475801.7
5514,374142148,1751476181501,2,0.036,0.0360233,37.07,BTC-25JUL25-110000-C,109452.78,buy,0.1,0.1,,,,,,,1751476181.501
5515,374142724,1751476436742,0,0.0365,0.03641129,37.2,BTC-25JUL25-110000-C,109540.53,buy,0.1,0.1,,,,,,,1751476436.742
5516,374142864,1751476599352,1,0.0365,0.03621179,37.37,BTC-25JUL25-110000-C,109517.0,buy,1.7,1.7,,,,,,,1751476599.352
5517,374142865,1751476599352,1,0.0365,0.03621179,37.37,BTC-25JUL25-110000-C,109517.0,buy,1.0,1.0,,,,,,,1751476599.352
5518,374146847,1751478021001,2,0.035,0.0347692,37.7,BTC-25JUL25-110000-C,109085.68,buy,0.2,0.2,,,,,,,1751478021.001
5519,374146851,1751478021377,3,0.035,0.0347692,37.7,BTC-25JUL25-110000-C,109085.68,buy,0.3,0.3,,,,,,,1751478021.377
5520,374146861,1751478022302,3,0.035,0.03476772,37.7,BTC-25JUL25-110000-C,109086.14,buy,0.2,0.2,,,,,,,1751478022.302
5521,374146864,1751478022319,3,0.035,0.03476772,37.7,BTC-25JUL25-110000-C,109086.14,buy,0.3,0.3,,,,,,,1751478022.319
5522,374146916,1751478037148,2,0.0345,0.03483373,37.17,BTC-25JUL25-110000-C,109087.07,sell,0.1,0.1,,,,,,,1751478037.148
5523,374146948,1751478047826,3,0.0345,0.03460314,37.41,BTC-25JUL25-110000-C,109045.7,sell,1.0,1.0,,,,,,,1751478047.826
5524,374147050,1751478064644,3,0.0345,0.03436014,37.62,BTC-25JUL25-110000-C,108995.09,sell,0.2,0.2,,,,,,,1751478064.644
5525,374147051,1751478064646,3,0.0345,0.03436014,37.62,BTC-25JUL25-110000-C,108995.09,buy,0.8,0.8,,,,,,,1751478064.646
5527,374147063,1751478082282,3,0.0345,0.03438434,37.61,BTC-25JUL25-110000-C,108995.46,sell,0.5,0.5,,,,,,,1751478082.282
5526,374147062,1751478082282,3,0.0345,0.03438434,37.61,BTC-25JUL25-110000-C,108995.46,sell,0.5,0.5,,,,,,,1751478082.282
5529,374156396,1751483089779,1,0.036,0.03599393,36.79,BTC-25JUL25-110000-C,109571.33,sell,0.1,0.1,,,,,,,1751483089.779
5528,374156395,1751483089779,0,0.036,0.03599393,36.79,BTC-25JUL25-110000-C,109571.33,sell,0.1,0.1,,,,,,,1751483089.779
5530,374156397,1751483089779,1,0.036,0.03599393,36.79,BTC-25JUL25-110000-C,109571.33,sell,0.7,0.7,,,,,,,1751483089.779
5531,374157551,1751484031110,1,0.036,0.035779,37.18,BTC-25JUL25-110000-C,109492.5,buy,1.0,1.0,,,,,,,1751484031.11
5532,374157916,1751484600924,0,0.0365,0.03642261,37.08,BTC-25JUL25-110000-C,109619.85,buy,0.8,0.8,,,,,,,1751484600.924
5533,374158529,1751485185640,2,0.036,0.03599147,37.03,BTC-25JUL25-110000-C,109525.2,buy,1.0,1.0,,,,,,,1751485185.64
5534,374164978,1751488106072,3,0.036,0.03582855,37.93,BTC-25JUL25-110000-C,109311.85,buy,0.1,0.1,,,,,,,1751488106.072
5535,374165774,1751488560661,0,0.037,0.03653976,38.23,BTC-25JUL25-110000-C,109476.69,buy,0.1,0.1,,,,,,,1751488560.661
5536,374165984,1751488960946,1,0.037,0.0366619,38.15,BTC-25JUL25-110000-C,109471.18,buy,0.1,0.1,,,,,,,1751488960.946
5537,374167322,1751490298375,2,0.0355,0.03595868,37.62,BTC-25JUL25-110000-C,109208.14,sell,0.5,0.5,,,,,,,1751490298.375
5538,374167387,1751490477999,0,0.036,0.03610362,37.96,BTC-25JUL25-110000-C,109251.4,buy,0.3,0.3,,,,,,,1751490477.999
5539,374167532,1751490803371,1,0.036,0.03610683,37.79,BTC-25JUL25-110000-C,109290.38,buy,0.4,0.4,,,,,,,1751490803.371
5540,374167533,1751490803371,1,0.036,0.03610683,37.79,BTC-25JUL25-110000-C,109290.38,buy,1.2,1.2,,,,,,,1751490803.371
5541,374167534,1751490803371,1,0.036,0.03610683,37.79,BTC-25JUL25-110000-C,109290.38,buy,1.2,1.2,,,,,,,1751490803.371
5542,374167548,1751490818286,1,0.036,0.03612385,37.77,BTC-25JUL25-110000-C,109294.99,buy,1.3,1.3,,,,,,,1751490818.286
5543,374167549,1751490818286,1,0.036,0.03612385,37.77,BTC-25JUL25-110000-C,109294.99,buy,2.0,2.0,,,,,,,1751490818.286
5544,374167668,1751490848421,2,0.0355,0.03589385,37.49,BTC-25JUL25-110000-C,109248.3,sell,0.5,0.5,,,,,,,1751490848.421
5545,374167671,1751490848641,3,0.0355,0.03588558,37.5,BTC-25JUL25-110000-C,109247.55,sell,0.4,0.4,,,,,,,1751490848.641
5546,374167675,1751490848832,3,0.0355,0.03588558,37.5,BTC-25JUL25-110000-C,109247.55,sell,0.1,0.1,,,,,,,1751490848.832
5547,374167679,1751490849017,3,0.0355,0.03588558,37.5,BTC-25JUL25-110000-C,109247.55,sell,2.5,2.5,,,,,,,1751490849.017
5548,374167681,1751490849205,3,0.0355,0.03588558,37.5,BTC-25JUL25-110000-C,109247.55,sell,0.2,0.2,,,,,,,1751490849.205
5549,374167683,1751490849421,3,0.0355,0.03588558,37.5,BTC-25JUL25-110000-C,109247.55,sell,0.8,0.8,,,,,,,1751490849.421
5551,374167685,1751490849421,3,0.0355,0.03588558,37.5,BTC-25JUL25-110000-C,109247.55,sell,0.7,0.7,,,,,,,1751490849.421
5550,374167684,1751490849421,3,0.0355,0.03588558,37.5,BTC-25JUL25-110000-C,109247.55,sell,1.0,1.0,,,,,,,1751490849.421
5552,374167687,1751490849627,3,0.0355,0.03587059,37.51,BTC-25JUL25-110000-C,109246.52,sell,2.5,2.5,,,,,,,1751490849.627
5553,374167689,1751490849835,3,0.0355,0.03587059,37.51,BTC-25JUL25-110000-C,109246.52,sell,1.8,1.8,,,,,,,1751490849.835
5554,374167690,1751490849835,3,0.0355,0.03587059,37.51,BTC-25JUL25-110000-C,109246.52,sell,0.1,0.1,,,,,,,1751490849.835
5555,374167692,1751490850042,3,0.0355,0.03587059,37.51,BTC-25JUL25-110000-C,109246.52,sell,1.0,1.0,,,,,,,1751490850.042
5556,374167696,1751490850272,3,0.0355,0.03587059,37.51,BTC-25JUL25-110000-C,109246.52,sell,2.5,2.5,,,,,,,1751490850.272
5557,374167701,1751490850488,3,0.0355,0.03587059,37.51,BTC-25JUL25-110000-C,109246.52,sell,2.5,2.5,,,,,,,1751490850.488
5558,374167706,1751490850712,3,0.0355,0.0358648,37.51,BTC-25JUL25-110000-C,109248.04,sell,2.0,2.0,,,,,,,1751490850.712
5559,374167710,1751490850946,3,0.0355,0.0358648,37.51,BTC-25JUL25-110000-C,109248.04,sell,1.1,1.1,,,,,,,1751490850.946
5561,374167714,1751490851160,3,0.0355,0.0358648,37.51,BTC-25JUL25-110000-C,109248.04,sell,2.0,2.0,,,,,,,1751490851.16
5560,374167713,1751490851160,3,0.0355,0.0358648,37.51,BTC-25JUL25-110000-C,109248.04,sell,0.5,0.5,,,,,,,1751490851.16
5562,374167719,1751490851398,3,0.0355,0.0358648,37.51,BTC-25JUL25-110000-C,109248.04,sell,1.6,1.6,,,,,,,1751490851.398
5564,374167721,1751490851398,3,0.0355,0.0358648,37.51,BTC-25JUL25-110000-C,109248.04,sell,0.1,0.1,,,,,,,1751490851.398
5563,374167720,1751490851398,3,0.0355,0.0358648,37.51,BTC-25JUL25-110000-C,109248.04,sell,0.8,0.8,,,,,,,1751490851.398
5565,374167723,1751490851633,3,0.0355,0.03585911,37.51,BTC-25JUL25-110000-C,109248.61,sell,2.5,2.5,,,,,,,1751490851.633
5566,374167725,1751490851874,3,0.0355,0.03585911,37.51,BTC-25JUL25-110000-C,109248.61,sell,2.5,2.5,,,,,,,1751490851.874
5568,374167730,1751490852194,2,0.035,0.03585911,37.0,BTC-25JUL25-110000-C,109248.61,sell,1.5,1.5,,,,,,,1751490852.194
5567,374167729,1751490852194,3,0.0355,0.03585911,37.51,BTC-25JUL25-110000-C,109248.61,sell,1.0,1.0,,,,,,,1751490852.194
5570,374167741,1751490852491,2,0.035,0.03585911,37.0,BTC-25JUL25-110000-C,109248.61,sell,1.5,1.5,,,,,,,1751490852.491
5569,374167740,1751490852491,0,0.0355,0.03585911,37.51,BTC-25JUL25-110000-C,109248.61,sell,1.0,1.0,,,,,,,1751490852.491
5571,374167744,1751490852693,0,0.0355,0.03586381,37.5,BTC-25JUL25-110000-C,109249.32,sell,1.0,1.0,,,,,,,1751490852.693
5572,374167745,1751490852693,2,0.035,0.03586381,37.0,BTC-25JUL25-110000-C,109249.32,sell,0.8,0.8,,,,,,,1751490852.693
5573,374167749,1751490852897,3,0.035,0.03586381,37.0,BTC-25JUL25-110000-C,109249.32,sell,0.9,0.9,,,,,,,1751490852.897
5574,374167760,1751490853092,0,0.0355,0.03586381,37.5,BTC-25JUL25-110000-C,109249.32,sell,2.5,2.5,,,,,,,1751490853.092
5575,374167762,1751490853323,1,0.0355,0.03586381,37.5,BTC-25JUL25-110000-C,109249.32,sell,0.8,0.8,,,,,,,1751490853.323
5576,374168383,1751491043795,0,0.036,0.03602984,37.73,BTC-25JUL25-110000-C,109329.04,buy,2.5,2.5,,,,,,,1751491043.795
5577,374168407,1751491055315,1,0.036,0.03608843,37.7,BTC-25JUL25-110000-C,109334.97,buy,0.3,0.3,,,,,,,1751491055.315
5579,374168409,1751491055315,1,0.036,0.03608843,37.7,BTC-25JUL25-110000-C,109334.97,buy,0.7,0.7,,,,,,,1751491055.315
5578,374168408,1751491055315,1,0.036,0.03608843,37.7,BTC-25JUL25-110000-C,109334.97,buy,2.1,2.1,,,,,,,1751491055.315
5580,374168420,1751491059079,1,0.036,0.03612717,37.65,BTC-25JUL25-110000-C,109345.52,buy,1.8,1.8,,,,,,,1751491059.079
5581,374168421,1751491059079,1,0.036,0.03612717,37.65,BTC-25JUL25-110000-C,109345.52,buy,1.0,1.0,,,,,,,1751491059.079
5584,374168438,1751491071306,1,0.036,0.03614554,37.64,BTC-25JUL25-110000-C,109348.87,buy,0.1,0.1,,,,,,,1751491071.306
5583,374168437,1751491071306,1,0.036,0.03614554,37.64,BTC-25JUL25-110000-C,109348.87,buy,0.4,0.4,,,,,,,1751491071.306
5582,374168436,1751491071306,1,0.036,0.03614554,37.64,BTC-25JUL25-110000-C,109348.87,buy,1.5,1.5,,,,,,,1751491071.306
5585,374168439,1751491071306,1,0.036,0.03614554,37.64,BTC-25JUL25-110000-C,109348.87,buy,0.4,0.4,,,,,,,1751491071.306
5586,374168442,1751491093843,2,0.0355,0.03615397,37.11,BTC-25JUL25-110000-C,109357.52,sell,0.2,0.2,,,,,,,1751491093.843
5587,374168443,1751491093920,3,0.0355,0.03615397,37.11,BTC-25JUL25-110000-C,109357.52,sell,1.0,1.0,,,,,,,1751491093.92
5589,374168445,1751491093983,3,0.0355,0.03615397,37.11,BTC-25JUL25-110000-C,109357.52,sell,0.1,0.1,,,,,,,1751491093.983
5588,374168444,1751491093983,3,0.0355,0.03615397,37.11,BTC-25JUL25-110000-C,109357.52,sell,0.1,0.1,,,,,,,1751491093.983
5590,374168446,1751491094051,3,0.0355,0.03615397,37.11,BTC-25JUL25-110000-C,109357.52,sell,1.0,1.0,,,,,,,1751491094.051
5591,374168447,1751491094121,3,0.0355,0.03615397,37.11,BTC-25JUL25-110000-C,109357.52,sell,2.5,2.5,,,,,,,1751491094.121
5592,374168448,1751491094194,3,0.0355,0.03615397,37.11,BTC-25JUL25-110000-C,109357.52,sell,2.5,2.5,,,,,,,1751491094.194
5593,374168449,1751491094271,3,0.0355,0.03615397,37.11,BTC-25JUL25-110000-C,109357.52,sell,2.5,2.5,,,,,,,1751491094.271
5594,374168450,1751491094342,3,0.0355,0.03615397,37.11,BTC-25JUL25-110000-C,109357.52,sell,1.7,1.7,,,,,,,1751491094.342
5595,374168451,1751491094411,3,0.0355,0.03615397,37.11,BTC-25JUL25-110000-C,109357.52,sell,1.5,1.5,,,,,,,1751491094.411
5596,374168452,1751491094482,3,0.0355,0.03615397,37.11,BTC-25JUL25-110000-C,109357.52,sell,2.5,2.5,,,,,,,1751491094.482
5597,374168453,1751491094563,3,0.0355,0.03615397,37.11,BTC-25JUL25-110000-C,109357.52,sell,0.4,0.4,,,,,,,1751491094.563
5598,374168454,1751491094636,3,0.0355,0.03615397,37.11,BTC-25JUL25-110000-C,109357.52,sell,0.1,0.1,,,,,,,1751491094.636
5599,374168455,1751491094711,3,0.0355,0.03615397,37.11,BTC-25JUL25-110000-C,109357.52,sell,1.7,1.7,,,,,,,1751491094.711
5600,374168456,1751491094711,3,0.0355,0.03615397,37.11,BTC-25JUL25-110000-C,109357.52,sell,0.8,0.8,,,,,,,1751491094.711
5601,374168457,1751491094783,3,0.0355,0.03615397,37.11,BTC-25JUL25-110000-C,109357.52,sell,2.5,2.5,,,,,,,1751491094.783
5602,374168458,1751491094857,3,0.0355,0.0361436,37.12,BTC-25JUL25-110000-C,109356.98,sell,2.5,2.5,,,,,,,1751491094.857
5603,374168459,1751491094930,3,0.0355,0.0361436,37.12,BTC-25JUL25-110000-C,109356.98,sell,0.9,0.9,,,,,,,1751491094.93
5604,374168460,1751491095001,3,0.0355,0.0361436,37.12,BTC-25JUL25-110000-C,109356.98,sell,2.5,2.5,,,,,,,1751491095.001
5605,374168461,1751491095078,3,0.0355,0.0361436,37.12,BTC-25JUL25-110000-C,109356.98,sell,0.5,0.5,,,,,,,1751491095.078
5606,374168465,1751491095150,3,0.0355,0.0361436,37.12,BTC-25JUL25-110000-C,109356.98,sell,0.6,0.6,,,,,,,1751491095.15
5607,374168836,1751491336084,3,0.0355,0.03568485,37.42,BTC-25JUL25-110000-C,109317.52,buy,0.5,0.5,,,,,,,1751491336.084
5611,374168842,1751491337331,3,0.0355,0.03568441,37.42,BTC-25JUL25-110000-C,109316.2,buy,0.4,0.4,,,,,,,1751491337.331
5609,374168840,1751491337331,3,0.0355,0.03568441,37.42,BTC-25JUL25-110000-C,109316.2,buy,2.5,2.5,,,,,,,1751491337.331
5610,374168841,1751491337331,3,0.0355,0.03568441,37.42,BTC-25JUL25-110000-C,109316.2,buy,2.5,2.5,,,,,,,1751491337.331
5612,374168843,1751491337331,3,0.0355,0.03568441,37.42,BTC-25JUL25-110000-C,109316.2,buy,0.6,0.6,,,,,,,1751491337.331
5608,374168839,1751491337331,3,0.0355,0.03568441,37.42,BTC-25JUL25-110000-C,109316.2,buy,2.5,2.5,,,,,,,1751491337.331
5614,374168858,1751491337837,3,0.0355,0.03568441,37.42,BTC-25JUL25-110000-C,109316.2,buy,0.7,0.7,,,,,,,1751491337.837
5613,374168857,1751491337837,3,0.0355,0.03568441,37.42,BTC-25JUL25-110000-C,109316.2,buy,1.4,1.4,,,,,,,1751491337.837
5615,374168859,1751491337837,3,0.0355,0.03568441,37.42,BTC-25JUL25-110000-C,109316.2,buy,0.4,0.4,,,,,,,1751491337.837
5616,374168863,1751491339296,3,0.0355,0.03567887,37.43,BTC-25JUL25-110000-C,109315.2,buy,2.1,2.1,,,,,,,1751491339.296
5617,374168870,1751491359771,3,0.0355,0.03568139,37.42,BTC-25JUL25-110000-C,109313.39,sell,0.5,0.5,,,,,,,1751491359.771
5618,374168871,1751491359851,3,0.0355,0.03568139,37.42,BTC-25JUL25-110000-C,109313.39,sell,0.2,0.2,,,,,,,1751491359.851
5619,374168872,1751491359851,2,0.035,0.03568139,36.91,BTC-25JUL25-110000-C,109313.39,sell,2.3,2.3,,,,,,,1751491359.851
5620,374168874,1751491359936,3,0.035,0.03568139,36.91,BTC-25JUL25-110000-C,109313.39,sell,1.5,1.5,,,,,,,1751491359.936
5621,374168875,1751491359936,3,0.035,0.03568139,36.91,BTC-25JUL25-110000-C,109313.39,sell,1.0,1.0,,,,,,,1751491359.936
5622,374168877,1751491360024,3,0.035,0.03568139,36.91,BTC-25JUL25-110000-C,109313.39,sell,2.5,2.5,,,,,,,1751491360.024
5623,374168878,1751491360123,3,0.035,0.03568083,36.91,BTC-25JUL25-110000-C,109314.31,sell,2.5,2.5,,,,,,,1751491360.123
5624,374168879,1751491360216,3,0.035,0.03568083,36.91,BTC-25JUL25-110000-C,109314.31,sell,2.5,2.5,,,,,,,1751491360.216
5625,374168880,1751491360301,3,0.035,0.03568083,36.91,BTC-25JUL25-110000-C,109314.31,sell,2.4,2.4,,,,,,,1751491360.301
5626,374168881,1751491360381,3,0.035,0.03568083,36.91,BTC-25JUL25-110000-C,109314.31,sell,2.5,2.5,,,,,,,1751491360.381
5627,374168882,1751491360462,3,0.035,0.03568083,36.91,BTC-25JUL25-110000-C,109314.31,sell,1.7,1.7,,,,,,,1751491360.462
5628,374168883,1751491360549,3,0.035,0.03568083,36.91,BTC-25JUL25-110000-C,109314.31,sell,2.5,2.5,,,,,,,1751491360.549
5630,374168885,1751491360634,3,0.035,0.03568083,36.91,BTC-25JUL25-110000-C,109314.31,sell,0.6,0.6,,,,,,,1751491360.634
5629,374168884,1751491360634,3,0.035,0.03568083,36.91,BTC-25JUL25-110000-C,109314.31,sell,1.9,1.9,,,,,,,1751491360.634
5632,374168887,1751491360715,3,0.035,0.03568083,36.91,BTC-25JUL25-110000-C,109314.31,sell,1.1,1.1,,,,,,,1751491360.715
5631,374168886,1751491360715,3,0.035,0.03568083,36.91,BTC-25JUL25-110000-C,109314.31,sell,1.4,1.4,,,,,,,1751491360.715
5633,374168888,1751491360797,3,0.035,0.03568083,36.91,BTC-25JUL25-110000-C,109314.31,sell,0.8,0.8,,,,,,,1751491360.797
5634,374168889,1751491360888,3,0.035,0.03568083,36.91,BTC-25JUL25-110000-C,109314.31,sell,2.5,2.5,,,,,,,1751491360.888
5635,374168924,1751491482823,0,0.0355,0.0357034,37.33,BTC-25JUL25-110000-C,109330.6,buy,0.2,0.2,,,,,,,1751491482.823
5636,374168925,1751491488014,1,0.0355,0.03570063,37.32,BTC-25JUL25-110000-C,109332.83,buy,0.2,0.2,,,,,,,1751491488.014
5637,374169234,1751491844920,2,0.035,0.03537865,36.96,BTC-25JUL25-110000-C,109310.09,sell,2.1,2.1,,,,,,,1751491844.92
5638,374169236,1751491845081,3,0.035,0.03537865,36.96,BTC-25JUL25-110000-C,109310.09,sell,1.0,1.0,,,,,,,1751491845.081
5639,374169238,1751491845241,3,0.035,0.03537865,36.96,BTC-25JUL25-110000-C,109310.09,sell,0.7,0.7,,,,,,,1751491845.241
5640,374169239,1751491845241,3,0.035,0.03537865,36.96,BTC-25JUL25-110000-C,109310.09,sell,1.8,1.8,,,,,,,1751491845.241
5641,374169243,1751491845407,3,0.035,0.03537865,36.96,BTC-25JUL25-110000-C,109310.09,sell,2.5,2.5,,,,,,,1751491845.407
5642,374169247,1751491845577,3,0.035,0.03538203,36.96,BTC-25JUL25-110000-C,109309.92,sell,0.8,0.8,,,,,,,1751491845.577
5643,374169250,1751491845749,3,0.035,0.03538203,36.96,BTC-25JUL25-110000-C,109309.92,sell,0.7,0.7,,,,,,,1751491845.749
5644,374169251,1751491845749,3,0.035,0.03538203,36.96,BTC-25JUL25-110000-C,109309.92,sell,1.8,1.8,,,,,,,1751491845.749
5645,374169254,1751491845920,3,0.035,0.03538203,36.96,BTC-25JUL25-110000-C,109309.92,sell,0.7,0.7,,,,,,,1751491845.92
5646,374169255,1751491845920,3,0.035,0.03538203,36.96,BTC-25JUL25-110000-C,109309.92,sell,1.8,1.8,,,,,,,1751491845.92
5647,374169258,1751491846096,3,0.035,0.03538203,36.96,BTC-25JUL25-110000-C,109309.92,sell,1.5,1.5,,,,,,,1751491846.096
5649,374169512,1751492002359,1,0.0355,0.03560997,37.2,BTC-25JUL25-110000-C,109382.97,buy,0.7,0.7,,,,,,,1751492002.359
5648,374169511,1751492002359,0,0.0355,0.03560997,37.2,BTC-25JUL25-110000-C,109382.97,buy,2.5,2.5,,,,,,,1751492002.359
5657,374169526,1751492016630,1,0.0355,0.03560935,37.19,BTC-25JUL25-110000-C,109382.85,buy,2.5,2.5,,,,,,,1751492016.63
5654,374169523,1751492016630,1,0.0355,0.03560935,37.19,BTC-25JUL25-110000-C,109382.85,buy,1.4,1.4,,,,,,,1751492016.63
5653,374169522,1751492016630,1,0.0355,0.03560935,37.19,BTC-25JUL25-110000-C,109382.85,buy,2.5,2.5,,,,,,,1751492016.63
5656,374169525,1751492016630,1,0.0355,0.03560935,37.19,BTC-25JUL25-110000-C,109382.85,buy,2.5,2.5,,,,,,,1751492016.63
5652,374169521,1751492016630,1,0.0355,0.03560935,37.19,BTC-25JUL25-110000-C,109382.85,buy,0.1,0.1,,,,,,,1751492016.63
5655,374169524,1751492016630,1,0.0355,0.03560935,37.19,BTC-25JUL25-110000-C,109382.85,buy,2.5,2.5,,,,,,,1751492016.63
5651,374169520,1751492016630,1,0.0355,0.03560935,37.19,BTC-25JUL25-110000-C,109382.85,buy,2.5,2.5,,,,,,,1751492016.63
5650,374169519,1751492016630,1,0.0355,0.03560935,37.19,BTC-25JUL25-110000-C,109382.85,buy,0.3,0.3,,,,,,,1751492016.63
5659,374169585,1751492182050,1,0.0355,0.03565852,37.22,BTC-25JUL25-110000-C,109370.16,buy,0.6,0.6,,,,,,,1751492182.05
5658,374169584,1751492182050,1,0.0355,0.03565852,37.22,BTC-25JUL25-110000-C,109370.16,buy,2.5,2.5,,,,,,,1751492182.05
5661,374170571,1751492703350,3,0.035,0.03521349,37.06,BTC-25JUL25-110000-C,109306.84,buy,0.4,0.4,,,,,,,1751492703.35
5660,374170570,1751492703350,2,0.035,0.03521349,37.06,BTC-25JUL25-110000-C,109306.84,buy,2.5,2.5,,,,,,,1751492703.35
5662,374170572,1751492703356,3,0.035,0.03521349,37.06,BTC-25JUL25-110000-C,109306.84,buy,1.7,1.7,,,,,,,1751492703.356
5663,374170573,1751492703356,3,0.035,0.03521349,37.06,BTC-25JUL25-110000-C,109306.84,buy,2.5,2.5,,,,,,,1751492703.356
5664,374170574,1751492703356,3,0.035,0.03521349,37.06,BTC-25JUL25-110000-C,109306.84,buy,0.2,0.2,,,,,,,1751492703.356
5665,374170722,1751492899333,3,0.035,0.03548095,36.72,BTC-25JUL25-110000-C,109375.98,sell,1.1,1.1,,,,,,,1751492899.333
5666,374170741,1751492957681,0,0.0354,0.03545439,37.12,BTC-25JUL25-110000-C,109374.05,sell,0.1,0.1,,,,BTC-CDIAG-25JUL25_11JUL25-110000_108000,374170739,,1751492957.681
5667,374170744,1751492957703,1,0.0354,0.03545439,37.12,BTC-25JUL25-110000-C,109374.05,buy,0.9,0.9,,,,BTC-CDIAG-25JUL25_11JUL25-110000_108000,374170742,,1751492957.703
5669,374170879,1751493117150,1,0.0355,0.03555086,37.05,BTC-25JUL25-110000-C,109421.76,buy,2.5,2.5,,,,,,,1751493117.15
5668,374170878,1751493117150,0,0.0355,0.03555086,37.05,BTC-25JUL25-110000-C,109421.76,buy,2.5,2.5,,,,,,,1751493117.15
5670,374171395,1751493611406,0,0.036,0.03603142,37.04,BTC-25JUL25-110000-C,109538.4,buy,1.3,1.3,,,,,,,1751493611.406
5671,374171396,1751493611406,1,0.036,0.03603142,37.04,BTC-25JUL25-110000-C,109538.4,buy,2.5,2.5,,,,,,,1751493611.406
5672,374171736,1751493774198,2,0.0355,0.03578985,36.83,BTC-25JUL25-110000-C,109458.52,buy,2.5,2.5,,,,,,,1751493774.198
5673,374171902,1751494064766,0,0.0359,0.03531372,37.79,BTC-25JUL25-110000-C,109332.5,buy,100.0,100.0,2.0,BLOCK-208322,,BTC-REV-25JUL25-110000,,,1751494064.766
5674,374172169,1751494483445,2,0.035,0.03503999,36.94,BTC-25JUL25-110000-C,109306.43,buy,2.2,2.2,,,,,,,1751494483.445
5675,374172894,1751495593874,0,0.0355,0.03545633,37.21,BTC-25JUL25-110000-C,109340.34,buy,1.0,1.0,,,,,,,1751495593.874
5676,374172961,1751495611306,1,0.0355,0.03556246,37.11,BTC-25JUL25-110000-C,109365.53,sell,0.5,0.5,,,,,,,1751495611.306
5677,374172962,1751495611307,1,0.0355,0.03556246,37.11,BTC-25JUL25-110000-C,109365.53,buy,0.3,0.3,,,,,,,1751495611.307
5678,374172963,1751495611307,1,0.0355,0.03556246,37.11,BTC-25JUL25-110000-C,109365.53,buy,0.2,0.2,,,,,,,1751495611.307
5679,374173008,1751495628887,1,0.0355,0.03562224,37.07,BTC-25JUL25-110000-C,109373.1,buy,1.0,1.0,,,,,,,1751495628.887
5680,374173040,1751495646868,1,0.0355,0.03562846,37.05,BTC-25JUL25-110000-C,109375.78,buy,1.0,1.0,,,,,,,1751495646.868
5681,374173050,1751495664378,1,0.0355,0.03564449,37.04,BTC-25JUL25-110000-C,109377.07,buy,1.0,1.0,,,,,,,1751495664.378
5682,374174390,1751496415338,2,0.0345,0.03463293,37.01,BTC-25JUL25-110000-C,109183.14,buy,1.0,1.0,,,,,,,1751496415.338
5683,374174401,1751496433809,3,0.0345,0.03456339,37.04,BTC-25JUL25-110000-C,109177.94,buy,1.0,1.0,,,,,,,1751496433.809
5684,374174429,1751496462100,3,0.0345,0.03452654,37.06,BTC-25JUL25-110000-C,109177.97,buy,1.0,1.0,,,,,,,1751496462.1
5685,374174633,1751496802018,3,0.0345,0.03459135,37.0,BTC-25JUL25-110000-C,109185.93,buy,1.0,1.0,,,,,,,1751496802.018
5686,374174903,1751497243234,3,0.0345,0.03462871,36.89,BTC-25JUL25-110000-C,109218.96,buy,2.0,2.0,,,,,,,1751497243.234
5687,374174908,1751497259218,3,0.0345,0.0345233,37.0,BTC-25JUL25-110000-C,109199.55,buy,1.0,1.0,,,,,,,1751497259.218
5688,374175601,1751498353912,2,0.034,0.03408807,36.9,BTC-25JUL25-110000-C,109121.51,buy,1.9,1.9,,,,,,,1751498353.912
5689,374175620,1751498372780,3,0.034,0.0340546,36.93,BTC-25JUL25-110000-C,109117.0,buy,1.9,1.9,,,,,,,1751498372.78
5690,374176179,1751498856429,2,0.0335,0.03356204,36.92,BTC-25JUL25-110000-C,108986.4,buy,1.9,1.9,,,,,,,1751498856.429
5691,374176199,1751498874836,3,0.0335,0.03353435,36.92,BTC-25JUL25-110000-C,108986.78,buy,0.2,0.2,,,,,,,1751498874.836
5692,374176436,1751499197809,3,0.0335,0.03362472,36.9,BTC-25JUL25-110000-C,109002.15,buy,0.1,0.1,,,,,,,1751499197.809
5693,374177630,1751500096558,2,0.033,0.03307302,36.92,BTC-25JUL25-110000-C,108882.12,buy,1.0,1.0,,,,,,,1751500096.558
5694,374179177,1751502250432,3,0.033,0.03289754,37.21,BTC-25JUL25-110000-C,108838.44,buy,1.0,1.0,,,,,,,1751502250.432
5696,374182379,1751506187714,1,0.0345,0.03415073,37.33,BTC-25JUL25-110000-C,109112.81,buy,1.0,1.0,,,,,,,1751506187.714
5697,374182380,1751506187714,1,0.0345,0.03415073,37.33,BTC-25JUL25-110000-C,109112.81,buy,0.7,0.7,,,,,,,1751506187.714
5695,374182378,1751506187714,0,0.0345,0.03415073,37.33,BTC-25JUL25-110000-C,109112.81,buy,1.0,1.0,,,,,,,1751506187.714
5698,374182381,1751506187714,1,0.0345,0.03415073,37.33,BTC-25JUL25-110000-C,109112.81,buy,0.9,0.9,,,,,,,1751506187.714
5699,374185045,1751509153481,2,0.033,0.03305653,37.1,BTC-25JUL25-110000-C,108825.26,sell,0.2,0.2,,,,,,,1751509153.481
5700,374185250,1751509248513,3,0.033,0.03291372,37.22,BTC-25JUL25-110000-C,108795.02,buy,0.1,0.1,,,,,,,1751509248.513
5701,374185251,1751509248524,3,0.033,0.03291372,37.22,BTC-25JUL25-110000-C,108795.02,buy,0.1,0.1,,,,,,,1751509248.524
5702,374185577,1751509389846,2,0.0325,0.0325134,37.11,BTC-25JUL25-110000-C,108712.06,buy,1.0,1.0,,,,,,,1751509389.846
5703,374187218,1751510230972,2,0.0323,0.03230292,37.11,BTC-25JUL25-110000-C,108661.29,sell,10.0,10.0,2.0,BLOCK-208355,7684.0,BTC-CSR12-25JUL25-110000_116000,,,1751510230.972
5704,374188745,1751510461756,2,0.032,0.03201513,37.13,BTC-25JUL25-110000-C,108616.12,buy,0.6,0.6,,,,,,,1751510461.756
5705,374188909,1751510484884,0,0.0321,0.03198166,37.25,BTC-25JUL25-110000-C,108614.65,sell,10.0,10.0,2.0,BLOCK-208356,7685.0,BTC-CSR12-25JUL25-110000_116000,,,1751510484.884
5706,374189988,1751510658006,2,0.032,0.03194533,37.18,BTC-25JUL25-110000-C,108615.1,buy,0.5,0.5,,,,,,,1751510658.006
5707,374189993,1751510658936,3,0.032,0.03194441,37.19,BTC-25JUL25-110000-C,108615.08,buy,0.5,0.5,,,,,,,1751510658.936
5708,374190021,1751510662529,3,0.032,0.03194333,37.19,BTC-25JUL25-110000-C,108614.39,buy,0.5,0.5,,,,,,,1751510662.529
5709,374190022,1751510662539,3,0.032,0.03194333,37.19,BTC-25JUL25-110000-C,108614.39,buy,0.5,0.5,,,,,,,1751510662.539
5710,374192514,1751512012750,0,0.0325,0.03254596,37.07,BTC-25JUL25-110000-C,108761.15,sell,40.0,40.0,5.0,BLOCK-208359,7687.0,,,,1751512012.75
5711,374192612,1751512134483,2,0.0324,0.03256954,36.93,BTC-25JUL25-110000-C,108766.41,sell,10.0,10.0,2.0,BLOCK-208360,7688.0,BTC-CSR12-25JUL25-110000_116000,,,1751512134.483
5712,374195412,1751514510355,0,0.0328,0.03272425,37.14,BTC-25JUL25-110000-C,108781.11,sell,25.0,25.0,4.0,BLOCK-208370,7691.0,,,,1751514510.355
5713,374197217,1751516391841,0,0.0335,0.03336572,37.15,BTC-25JUL25-110000-C,108964.16,buy,0.5,0.5,,,,,,,1751516391.841
5714,374198375,1751519054757,2,0.033,0.03290201,37.17,BTC-25JUL25-110000-C,108847.22,buy,1.0,1.0,,,,,,,1751519054.757
5715,374198992,1751519363177,0,0.034,0.0335957,37.53,BTC-25JUL25-110000-C,109010.89,buy,1.0,1.0,,,,,,,1751519363.177
5716,374199170,1751519366863,0,0.0345,0.03433856,37.18,BTC-25JUL25-110000-C,109197.28,buy,0.2,0.2,,,,,,,1751519366.863
5717,374200632,1751520721882,1,0.0345,0.03445516,37.33,BTC-25JUL25-110000-C,109168.78,buy,0.5,0.5,,,,,,,1751520721.882
5718,374203498,1751523121745,0,0.0355,0.03559333,37.47,BTC-25JUL25-110000-C,109345.6,buy,0.3,0.3,,,,,,,1751523121.745
5719,374206155,1751524822613,0,0.036,0.03586087,37.6,BTC-25JUL25-110000-C,109433.84,sell,1.4,1.4,,,,,,,1751524822.613
5720,374206156,1751524822685,1,0.036,0.03586087,37.6,BTC-25JUL25-110000-C,109433.84,buy,0.1,0.1,,,,,,,1751524822.685
5721,374206703,1751525160708,0,0.0361,0.03627099,37.39,BTC-25JUL25-110000-C,109483.39,sell,25.0,25.0,3.0,BLOCK-208401,,,,,1751525160.708
5722,374208463,1751525801746,0,0.0365,0.03637478,37.73,BTC-25JUL25-110000-C,109512.64,sell,0.1,0.1,,,,,,,1751525801.746
5723,374209313,1751526365858,2,0.036,0.03607764,37.76,BTC-25JUL25-110000-C,109417.26,sell,1.2,1.2,,,,,,,1751526365.858
5724,374209314,1751526365858,3,0.036,0.03607764,37.76,BTC-25JUL25-110000-C,109417.26,sell,0.5,0.5,,,,,,,1751526365.858
5725,374210783,1751527329302,2,0.0355,0.03542436,37.9,BTC-25JUL25-110000-C,109267.17,buy,1.0,1.0,,,,,,,1751527329.302
5726,374210906,1751527517121,3,0.0355,0.03536178,38.05,BTC-25JUL25-110000-C,109225.86,buy,0.3,0.3,,,,,,,1751527517.121
5727,374212602,1751528493000,3,0.0355,0.03611096,37.33,BTC-25JUL25-110000-C,109384.08,sell,0.5,0.5,,,,,,,1751528493.0
5728,374213725,1751529529863,2,0.0354,0.03568464,37.42,BTC-25JUL25-110000-C,109334.18,sell,80.0,80.0,2.0,BLOCK-208430,7717.0,BTC-STRG-25JUL25-108000_110000,,,1751529529.863
5729,374213998,1751529653183,0,0.0356,0.03591938,37.37,BTC-25JUL25-110000-C,109388.52,sell,25.0,25.0,2.0,BLOCK-208431,7719.0,BTC-STRG-25JUL25-108000_110000,,,1751529653.183
5730,374214265,1751529764169,2,0.0355,0.03569981,37.48,BTC-25JUL25-110000-C,109348.39,sell,25.0,25.0,2.0,BLOCK-208433,7720.0,BTC-STRG-25JUL25-108000_110000,,,1751529764.169
5731,374215918,1751530930153,0,0.0365,0.03661265,37.68,BTC-25JUL25-110000-C,109516.72,sell,0.1,0.1,,,,,,,1751530930.153
5732,374218867,1751531935977,1,0.0365,0.03659361,37.59,BTC-25JUL25-110000-C,109554.94,sell,0.5,0.5,,,,,,,1751531935.977
5733,374218868,1751531935985,1,0.0365,0.03659361,37.59,BTC-25JUL25-110000-C,109554.94,buy,3.0,3.0,,,,,,,1751531935.985
5734,374218870,1751531937918,1,0.0365,0.03660384,37.59,BTC-25JUL25-110000-C,109554.94,buy,0.1,0.1,,,,,,,1751531937.918
5735,374223524,1751534269801,0,0.0375,0.03736526,37.94,BTC-25JUL25-110000-C,109703.18,buy,0.1,0.1,,,,,,,1751534269.801
5736,374224551,1751534400237,0,0.038,0.0381306,37.66,BTC-25JUL25-110000-C,109869.24,buy,0.1,0.1,,,,,,,1751534400.237
5738,374224818,1751534452484,1,0.0385,0.03808489,38.23,BTC-25JUL25-110000-C,109852.99,buy,1.0,1.0,,,,,,,1751534452.484
5737,374224817,1751534452484,0,0.0385,0.03808489,38.23,BTC-25JUL25-110000-C,109852.99,buy,1.0,1.0,,,,,,,1751534452.484
5739,374227468,1751534741146,1,0.0385,0.03856176,37.67,BTC-25JUL25-110000-C,109961.83,sell,0.2,0.2,,,,,,,1751534741.146
5740,374228567,1751534896125,0,0.039,0.03873708,38.02,BTC-25JUL25-110000-C,110001.97,buy,0.5,0.5,,,,,,,1751534896.125
5742,374228770,1751534923768,1,0.039,0.03880468,37.94,BTC-25JUL25-110000-C,110014.17,buy,1.0,1.0,,,,,,,1751534923.768
5741,374228769,1751534923768,1,0.039,0.03880468,37.94,BTC-25JUL25-110000-C,110014.17,buy,0.7,0.7,,,,,,,1751534923.768
5743,374228792,1751534943096,1,0.039,0.03880217,37.96,BTC-25JUL25-110000-C,110008.22,buy,1.0,1.0,,,,,,,1751534943.096
5744,374230304,1751535245975,1,0.039,0.03891305,37.95,BTC-25JUL25-110000-C,110012.4,buy,0.4,0.4,,,,,,,1751535245.975
5745,374233084,1751535743140,0,0.04,0.0397053,38.22,BTC-25JUL25-110000-C,110171.14,buy,0.1,0.1,,,,,,,1751535743.14
5746,374235677,1751536094307,1,0.04,0.03981325,38.36,BTC-25JUL25-110000-C,110143.88,sell,0.1,0.1,,,,,,,1751536094.307
5747,374236337,1751536166359,2,0.039,0.03906002,38.12,BTC-25JUL25-110000-C,109990.74,sell,0.2,0.2,,,,,,,1751536166.359
5748,374236338,1751536166361,3,0.039,0.03906002,38.12,BTC-25JUL25-110000-C,109990.74,buy,1.8,1.8,,,,,,,1751536166.361
5749,374244693,1751537085053,2,0.0385,0.03902564,37.87,BTC-25JUL25-110000-C,109907.42,sell,0.3,0.3,,,,,,,1751537085.053
5750,374245285,1751537181332,0,0.039,0.0391457,38.26,BTC-25JUL25-110000-C,109946.16,buy,0.1,0.1,,,,,,,1751537181.332
5751,374250718,1751538280989,2,0.038,0.0383714,38.05,BTC-25JUL25-110000-C,109764.09,sell,0.3,0.3,,,,,,,1751538280.989
5752,374252109,1751538992520,3,0.038,0.03834846,38.0,BTC-25JUL25-110000-C,109783.64,sell,2.0,2.0,,,,,,,1751538992.52
5753,374253556,1751540024282,0,0.0385,0.03852311,38.12,BTC-25JUL25-110000-C,109855.58,buy,1.0,1.0,,,,,,,1751540024.282
5754,374258078,1751543223920,2,0.0375,0.0375361,37.97,BTC-25JUL25-110000-C,109678.31,buy,0.4,0.4,,,,,,,1751543223.92
5755,374259238,1751543732053,3,0.0375,0.03757537,37.86,BTC-25JUL25-110000-C,109689.29,buy,0.1,0.1,,,,,,,1751543732.053
5756,374263459,1751545673632,3,0.0375,0.03745113,38.2,BTC-25JUL25-110000-C,109604.18,buy,0.8,0.8,,,,,,,1751545673.632
5757,374266074,1751545918429,3,0.0375,0.03723994,38.27,BTC-25JUL25-110000-C,109581.82,buy,0.2,0.2,,,,,,,1751545918.429
5758,374267620,1751546109036,2,0.0365,0.03632576,38.24,BTC-25JUL25-110000-C,109376.76,buy,1.0,1.0,,,,,,,1751546109.036
5759,374267882,1751546180790,2,0.036,0.03628124,37.83,BTC-25JUL25-110000-C,109359.0,sell,0.1,0.1,,,,,,,1751546180.79
5760,374270528,1751546446432,2,0.035,0.03489548,38.08,BTC-25JUL25-110000-C,109068.62,buy,1.0,1.0,,,,,,,1751546446.432
5761,374271295,1751546646857,2,0.0344,0.0342199,38.12,BTC-25JUL25-110000-C,108946.06,sell,50.0,50.0,2.0,BLOCK-208490,7743.0,BTC-STRG-25JUL25-108000_110000,,,1751546646.857
5762,374271343,1751546672680,2,0.0337,0.03433381,37.35,BTC-25JUL25-110000-C,108955.01,sell,25.0,25.0,2.0,BLOCK-208491,7745.0,BTC-STRG-25JUL25-108000_110000,,,1751546672.68
5763,374271524,1751546736833,2,0.0334,0.03423512,37.11,BTC-25JUL25-110000-C,108939.33,sell,20.0,20.0,2.0,BLOCK-208492,7746.0,BTC-STRG-25JUL25-108000_110000,,,1751546736.833
5764,374271822,1751546835396,0,0.034,0.03425946,37.69,BTC-25JUL25-110000-C,108945.54,buy,0.3,0.3,,,,,,,1751546835.396
5765,374272054,1751546947215,2,0.033,0.03358402,37.25,BTC-25JUL25-110000-C,108834.22,sell,0.2,0.2,,,,,,,1751546947.215
5766,374272314,1751547022077,3,0.033,0.03346259,37.32,BTC-25JUL25-110000-C,108818.22,sell,0.7,0.7,,,,,,,1751547022.077
5767,374272453,1751547105472,0,0.0345,0.03429001,37.98,BTC-25JUL25-110000-C,109012.62,buy,2.0,2.0,,,,,,,1751547105.472
5768,374272478,1751547119350,2,0.034,0.03426058,37.53,BTC-25JUL25-110000-C,108993.89,buy,1.9,1.9,,,,,,,1751547119.35
5769,374272481,1751547125397,3,0.034,0.03421775,37.54,BTC-25JUL25-110000-C,108998.64,buy,0.1,0.1,,,,,,,1751547125.397
5770,374273831,1751547702770,0,0.0355,0.03548276,37.6,BTC-25JUL25-110000-C,109338.25,buy,1.0,1.0,,,,,,,1751547702.77
5771,374274142,1751547781707,2,0.035,0.03513669,37.53,BTC-25JUL25-110000-C,109252.25,sell,0.9,0.9,,,,,,,1751547781.707
5772,374274293,1751547873244,3,0.035,0.03501063,37.6,BTC-25JUL25-110000-C,109225.81,buy,1.0,1.0,,,,,,,1751547873.244
5773,374274366,1751547913407,3,0.035,0.03515537,37.47,BTC-25JUL25-110000-C,109239.87,sell,0.1,0.1,,,,,,,1751547913.407
5774,374274370,1751547913422,3,0.035,0.03515537,37.47,BTC-25JUL25-110000-C,109239.87,sell,0.2,0.2,,,,,,,1751547913.422
5775,374274371,1751547913423,3,0.035,0.03515537,37.47,BTC-25JUL25-110000-C,109239.87,sell,0.2,0.2,,,,,,,1751547913.423
5776,374274981,1751548406561,0,0.0355,0.03548867,37.51,BTC-25JUL25-110000-C,109368.82,sell,0.9,0.9,,,,,,,1751548406.561
5777,374274992,1751548431482,1,0.0355,0.03544621,37.51,BTC-25JUL25-110000-C,109366.83,sell,8.4,8.4,,,,,,,1751548431.482
5778,374274993,1751548431491,1,0.0355,0.03544621,37.51,BTC-25JUL25-110000-C,109366.83,sell,5.0,5.0,,,,,,,1751548431.491
5779,374274994,1751548431505,1,0.0355,0.03544621,37.51,BTC-25JUL25-110000-C,109366.83,sell,0.1,0.1,,,,,,,1751548431.505
5780,374275124,1751548442726,1,0.0355,0.03554165,37.45,BTC-25JUL25-110000-C,109375.97,sell,0.2,0.2,,,,,,,1751548442.726
5781,374275252,1751548533628,1,0.0355,0.03549174,37.61,BTC-25JUL25-110000-C,109345.8,sell,1.0,1.0,,,,,,,1751548533.628
5782,374275259,1751548552133,1,0.0355,0.03542072,37.61,BTC-25JUL25-110000-C,109344.03,sell,1.0,1.0,,,,,,,1751548552.133
5783,374275408,1751548674299,1,0.0355,0.03539592,37.69,BTC-25JUL25-110000-C,109327.73,sell,8.4,8.4,,,,,,,1751548674.299
5784,374277543,1751549486290,0,0.037,0.03692002,37.35,BTC-25JUL25-110000-C,109725.63,buy,0.3,0.3,,,,,,,1751549486.29
5785,374282304,1751550385577,0,0.039,0.03908177,37.32,BTC-25JUL25-110000-C,110178.58,sell,0.2,0.2,,,,,,,1751550385.577
5786,374284647,1751550636397,0,0.0405,0.04025565,37.66,BTC-25JUL25-110000-C,110418.07,buy,0.6,0.6,,,,,,,1751550636.397
5787,374285780,1751550706103,1,0.0405,0.03969578,38.32,BTC-25JUL25-110000-C,110277.15,buy,1.0,1.0,,,,,,,1751550706.103
5788,374286304,1751550776730,1,0.0405,0.04019038,37.83,BTC-25JUL25-110000-C,110369.74,buy,0.8,0.8,,,,,,,1751550776.73
5789,374286413,1751550787171,1,0.0405,0.0400258,38.04,BTC-25JUL25-110000-C,110326.1,buy,0.8,0.8,,,,,,,1751550787.171
5790,374286414,1751550787467,1,0.0405,0.0400258,38.04,BTC-25JUL25-110000-C,110326.1,buy,0.8,0.8,,,,,,,1751550787.467
5792,374286737,1751550819230,1,0.0405,0.03983009,38.24,BTC-25JUL25-110000-C,110282.11,buy,0.8,0.8,,,,,,,1751550819.23
5791,374286736,1751550819230,1,0.0405,0.03983009,38.24,BTC-25JUL25-110000-C,110282.11,buy,1.0,1.0,,,,,,,1751550819.23
5793,374286927,1751550839555,0,0.041,0.04045517,38.13,BTC-25JUL25-110000-C,110405.95,buy,1.0,1.0,,,,,,,1751550839.555
5794,374291408,1751551502715,2,0.0405,0.04036469,37.85,BTC-25JUL25-110000-C,110372.15,sell,0.1,0.1,,,,,,,1751551502.715
5798,374292925,1751551842471,1,0.04,0.03934758,38.54,BTC-25JUL25-110000-C,110121.63,buy,7.8,7.8,,,,,,,1751551842.471
5796,374292923,1751551842471,3,0.0395,0.03934758,38.02,BTC-25JUL25-110000-C,110121.63,buy,0.1,0.1,,,,,,,1751551842.471
5795,374292922,1751551842471,2,0.0395,0.03934758,38.02,BTC-25JUL25-110000-C,110121.63,buy,0.9,0.9,,,,,,,1751551842.471
5797,374292924,1751551842471,0,0.04,0.03934758,38.54,BTC-25JUL25-110000-C,110121.63,buy,5.2,5.2,,,,,,,1751551842.471
5799,374292926,1751551842471,1,0.04,0.03934758,38.54,BTC-25JUL25-110000-C,110121.63,buy,6.0,6.0,,,,,,,1751551842.471
5800,374293724,1751552100725,2,0.039,0.03876762,38.09,BTC-25JUL25-110000-C,110008.39,buy,0.2,0.2,,,,,,,1751552100.725
5801,374293725,1751552100743,3,0.039,0.03876762,38.09,BTC-25JUL25-110000-C,110008.39,buy,0.2,0.2,,,,,,,1751552100.743
5802,374293728,1751552101706,3,0.039,0.03876949,38.09,BTC-25JUL25-110000-C,110008.87,buy,0.1,0.1,,,,,,,1751552101.706
5803,374295097,1751552248053,0,0.0395,0.03943832,37.86,BTC-25JUL25-110000-C,110164.58,buy,0.1,0.1,,,,,,,1751552248.053
5804,374295129,1751552304074,2,0.039,0.03934948,37.49,BTC-25JUL25-110000-C,110137.42,sell,0.4,0.4,,,,,,,1751552304.074
5805,374299928,1751554372490,2,0.0365,0.03686564,37.23,BTC-25JUL25-110000-C,109669.44,sell,0.5,0.5,,,,,,,1751554372.49
5806,374305228,1751556809271,2,0.036,0.03610843,37.03,BTC-25JUL25-110000-C,109596.19,buy,0.4,0.4,,,,,,,1751556809.271
5807,374305688,1751556900210,2,0.035,0.03546046,36.69,BTC-25JUL25-110000-C,109456.16,sell,1.1,1.1,,,,,,,1751556900.21
5808,374307041,1751557283825,3,0.035,0.03516702,36.84,BTC-25JUL25-110000-C,109418.93,buy,0.9,0.9,,,,,,,1751557283.825
5809,374307091,1751557301739,3,0.035,0.03515725,36.85,BTC-25JUL25-110000-C,109419.8,buy,0.1,0.1,,,,,,,1751557301.739
5810,374307094,1751557301746,3,0.035,0.03515725,36.85,BTC-25JUL25-110000-C,109419.8,buy,0.2,0.2,,,,,,,1751557301.746
5811,374307096,1751557301753,3,0.035,0.03515725,36.85,BTC-25JUL25-110000-C,109419.8,buy,0.1,0.1,,,,,,,1751557301.753
5812,374307097,1751557301759,3,0.035,0.03515725,36.85,BTC-25JUL25-110000-C,109419.8,buy,0.3,0.3,,,,,,,1751557301.759
5813,374307098,1751557301762,3,0.035,0.03515725,36.85,BTC-25JUL25-110000-C,109419.8,buy,0.3,0.3,,,,,,,1751557301.762
5814,374307101,1751557302004,3,0.035,0.03515725,36.85,BTC-25JUL25-110000-C,109419.8,buy,0.1,0.1,,,,,,,1751557302.004
5815,374307857,1751557866783,2,0.0345,0.03450654,36.84,BTC-25JUL25-110000-C,109307.64,buy,1.0,1.0,,,,,,,1751557866.783
5816,374310910,1751560246241,2,0.0333,0.03368576,35.97,BTC-25JUL25-110000-C,109229.41,sell,0.2,0.2,,,,BTC-STRG-25JUL25-98000_110000,374310908,,1751560246.241
5817,374310957,1751560326546,0,0.0338,0.03369438,36.43,BTC-25JUL25-110000-C,109234.76,sell,0.4,0.4,,,,BTC-STRG-25JUL25-98000_110000,374310956,,1751560326.546
5818,374312295,1751561138420,0,0.035,0.03462466,36.28,BTC-25JUL25-110000-C,109533.06,buy,1.1,1.1,,,,,,,1751561138.42
5819,374315812,1751564760240,1,0.035,0.03503093,35.98,BTC-25JUL25-110000-C,109605.17,sell,0.5,0.5,,,,,,,1751564760.24
5820,374315899,1751564891515,1,0.035,0.03510102,35.87,BTC-25JUL25-110000-C,109628.29,sell,0.7,0.7,,,,,,,1751564891.515
5821,374320991,1751570213863,0,0.036,0.03581365,35.88,BTC-25JUL25-110000-C,109867.74,buy,1.0,1.0,,,,,,,1751570213.863
5822,374324065,1751575047985,2,0.0355,0.03606358,35.1,BTC-25JUL25-110000-C,109902.46,sell,100.0,100.0,3.0,BLOCK-208566,,,,,1751575047.985
5823,374324069,1751575048446,0,0.036,0.03606358,35.62,BTC-25JUL25-110000-C,109902.46,buy,1.6,1.6,,,,,,,1751575048.446
5824,374324227,1751575205916,2,0.0357,0.03618297,35.18,BTC-25JUL25-110000-C,109932.41,sell,50.0,50.0,1.0,BLOCK-208567,,,,,1751575205.916
5825,374325876,1751576838881,0,0.036,0.0360334,35.85,BTC-25JUL25-110000-C,109867.62,buy,1.0,1.0,,,,,,,1751576838.881
5826,374326046,1751576883243,1,0.036,0.03579722,36.03,BTC-25JUL25-110000-C,109832.83,buy,0.1,0.1,,,,,,,1751576883.243
5827,374326171,1751576931700,1,0.036,0.03601437,35.78,BTC-25JUL25-110000-C,109877.96,buy,0.1,0.1,,,,,,,1751576931.7
5828,374326172,1751576931711,1,0.036,0.03601437,35.78,BTC-25JUL25-110000-C,109877.96,buy,0.1,0.1,,,,,,,1751576931.711
5829,374326173,1751576931719,1,0.036,0.03601437,35.78,BTC-25JUL25-110000-C,109877.96,buy,0.2,0.2,,,,,,,1751576931.719
5830,374326174,1751576931721,1,0.036,0.03601437,35.78,BTC-25JUL25-110000-C,109877.96,buy,0.1,0.1,,,,,,,1751576931.721
5831,374326634,1751577406231,2,0.0355,0.03556866,35.8,BTC-25JUL25-110000-C,109771.12,buy,1.0,1.0,,,,,,,1751577406.231
5832,374326647,1751577426689,3,0.0355,0.03546322,35.9,BTC-25JUL25-110000-C,109755.3,buy,0.4,0.4,,,,,,,1751577426.689
5833,374327961,1751578819086,2,0.0353,0.03585815,35.51,BTC-25JUL25-110000-C,109790.33,sell,100.0,100.0,3.0,BLOCK-208574,,,,,1751578819.086
5834,374328637,1751579305603,0,0.0356,0.0355805,35.96,BTC-25JUL25-110000-C,109794.22,sell,100.0,100.0,3.0,BLOCK-208575,,,,,1751579305.603
5835,374328762,1751579476767,0,0.036,0.03565506,36.29,BTC-25JUL25-110000-C,109808.06,buy,0.1,0.1,,,,,,,1751579476.767
5836,374328766,1751579494616,2,0.0352,0.03564308,35.48,BTC-25JUL25-110000-C,109807.26,sell,50.0,50.0,1.0,BLOCK-208576,,,,,1751579494.616
5837,374328775,1751579526810,0,0.0355,0.03566553,35.76,BTC-25JUL25-110000-C,109807.87,sell,1.0,1.0,,,,,,,1751579526.81
5838,374329021,1751579690758,1,0.0355,0.0357732,35.59,BTC-25JUL25-110000-C,109856.2,sell,0.1,0.1,,,,,,,1751579690.758
5839,374329022,1751579691240,1,0.0355,0.03577142,35.59,BTC-25JUL25-110000-C,109849.88,sell,0.1,0.1,,,,,,,1751579691.24
5840,374329048,1751579730495,2,0.0351,0.03567905,35.27,BTC-25JUL25-110000-C,109844.55,sell,50.0,50.0,1.0,BLOCK-208577,,,,,1751579730.495
5841,374329137,1751579817872,0,0.0357,0.03568728,35.87,BTC-25JUL25-110000-C,109852.13,sell,100.0,100.0,3.0,BLOCK-208578,,,,,1751579817.872
5845,374329179,1751579944712,3,0.035,0.03542545,35.33,BTC-25JUL25-110000-C,109834.16,sell,0.1,0.1,,,,,,,1751579944.712
5843,374329177,1751579944712,3,0.035,0.03542545,35.33,BTC-25JUL25-110000-C,109834.16,sell,0.1,0.1,,,,,,,1751579944.712
5842,374329176,1751579944712,2,0.035,0.03542545,35.33,BTC-25JUL25-110000-C,109834.16,sell,10.0,10.0,,,,,,,1751579944.712
5844,374329178,1751579944712,3,0.035,0.03542545,35.33,BTC-25JUL25-110000-C,109834.16,sell,3.6,3.6,,,,,,,1751579944.712
5846,374329180,1751579944716,3,0.035,0.03542545,35.33,BTC-25JUL25-110000-C,109834.16,buy,15.5,15.5,,,,,,,1751579944.716
5847,374329181,1751579944717,3,0.035,0.03542545,35.33,BTC-25JUL25-110000-C,109834.16,buy,0.7,0.7,,,,,,,1751579944.717
5848,374329182,1751579944718,3,0.035,0.03542545,35.33,BTC-25JUL25-110000-C,109834.16,buy,0.1,0.1,,,,,,,1751579944.718
5849,374329183,1751579944720,3,0.035,0.03542545,35.33,BTC-25JUL25-110000-C,109834.16,buy,0.9,0.9,,,,,,,1751579944.72
5850,374329518,1751580138714,3,0.035,0.03519635,35.3,BTC-25JUL25-110000-C,109852.75,buy,0.4,0.4,,,,,,,1751580138.714
5851,374329526,1751580141455,3,0.035,0.03520224,35.27,BTC-25JUL25-110000-C,109861.16,buy,10.0,10.0,,,,,,,1751580141.455
5852,374329555,1751580149163,3,0.035,0.03527228,35.21,BTC-25JUL25-110000-C,109870.9,buy,0.2,0.2,,,,,,,1751580149.163
5853,374329594,1751580150614,3,0.035,0.03527355,35.21,BTC-25JUL25-110000-C,109872.59,buy,0.5,0.5,,,,,,,1751580150.614
5854,374329595,1751580150625,3,0.035,0.03527355,35.21,BTC-25JUL25-110000-C,109872.59,buy,0.9,0.9,,,,,,,1751580150.625
5855,374329597,1751580150715,3,0.035,0.03527366,35.2,BTC-25JUL25-110000-C,109874.51,buy,0.3,0.3,,,,,,,1751580150.715
5856,374329598,1751580150726,3,0.035,0.03527366,35.2,BTC-25JUL25-110000-C,109874.51,buy,0.1,0.1,,,,,,,1751580150.726
5857,374329755,1751580182383,3,0.035,0.0352481,35.2,BTC-25JUL25-110000-C,109884.77,buy,0.1,0.1,,,,,,,1751580182.383
5858,374329782,1751580188183,3,0.035,0.03528579,35.15,BTC-25JUL25-110000-C,109895.88,buy,0.3,0.3,,,,,,,1751580188.183
5859,374329783,1751580188264,3,0.035,0.03528579,35.15,BTC-25JUL25-110000-C,109895.88,buy,0.5,0.5,,,,,,,1751580188.264
5860,374329875,1751580198779,3,0.035,0.0353017,35.14,BTC-25JUL25-110000-C,109899.01,buy,2.7,2.7,,,,,,,1751580198.779
5861,374329876,1751580198788,3,0.035,0.0353017,35.14,BTC-25JUL25-110000-C,109899.01,buy,2.7,2.7,,,,,,,1751580198.788
5862,374329877,1751580198918,3,0.035,0.0353017,35.14,BTC-25JUL25-110000-C,109899.01,buy,0.3,0.3,,,,,,,1751580198.918
5863,374334182,1751585029411,2,0.034,0.03406198,35.59,BTC-25JUL25-110000-C,109602.61,sell,0.1,0.1,,,,,,,1751585029.411
5864,374334200,1751585044941,3,0.034,0.03400303,35.66,BTC-25JUL25-110000-C,109596.2,sell,1.8,1.8,,,,,,,1751585044.941
5865,374339441,1751589003320,2,0.0335,0.03348253,35.5,BTC-25JUL25-110000-C,109542.87,buy,0.1,0.1,,,,,,,1751589003.32
5866,374340002,1751589310344,3,0.0335,0.03365381,35.23,BTC-25JUL25-110000-C,109596.37,buy,0.1,0.1,,,,,,,1751589310.344
5867,374345959,1751592837894,0,0.034,0.03402877,35.26,BTC-25JUL25-110000-C,109724.86,buy,0.3,0.3,,,,,,,1751592837.894
5868,374350553,1751594581850,2,0.0325,0.03251706,34.81,BTC-25JUL25-110000-C,109521.09,buy,0.2,0.2,,,,,,,1751594581.85
5869,374350610,1751594712909,3,0.0325,0.03261028,34.69,BTC-25JUL25-110000-C,109538.96,buy,0.2,0.2,,,,,,,1751594712.909
5870,374355080,1751595716866,2,0.032,0.03197712,34.84,BTC-25JUL25-110000-C,109380.74,buy,0.2,0.2,,,,,,,1751595716.866
5871,374355507,1751596346851,3,0.032,0.0319934,34.81,BTC-25JUL25-110000-C,109397.67,buy,0.2,0.2,,,,,,,1751596346.851
5872,374355889,1751596399200,2,0.0315,0.03183738,34.44,BTC-25JUL25-110000-C,109366.71,sell,0.5,0.5,,,,,,,1751596399.2
5873,374355890,1751596399200,3,0.0315,0.03183738,34.44,BTC-25JUL25-110000-C,109366.71,sell,0.8,0.8,,,,,,,1751596399.2
5874,374355901,1751596399250,3,0.0315,0.03183738,34.44,BTC-25JUL25-110000-C,109366.71,sell,1.3,1.3,,,,,,,1751596399.25
5875,374355912,1751596399341,3,0.0315,0.03183738,34.44,BTC-25JUL25-110000-C,109366.71,sell,0.2,0.2,,,,,,,1751596399.341
5876,374355915,1751596399352,3,0.0315,0.03183738,34.44,BTC-25JUL25-110000-C,109366.71,sell,0.1,0.1,,,,,,,1751596399.352
5877,374365378,1751599098607,3,0.0315,0.03144349,34.77,BTC-25JUL25-110000-C,109270.65,buy,1.0,1.0,,,,,,,1751599098.607
5878,374366000,1751599157296,3,0.0315,0.03151597,34.7,BTC-25JUL25-110000-C,109287.16,buy,1.0,1.0,,,,,,,1751599157.296
5879,374366915,1751600119192,3,0.0315,0.03179986,34.47,BTC-25JUL25-110000-C,109346.31,sell,1.0,1.0,,,,,,,1751600119.192
5880,374388765,1751613005726,2,0.0305,0.03039846,34.88,BTC-25JUL25-110000-C,108997.43,sell,0.1,0.1,,,,,,,1751613005.726
5881,374395634,1751615774472,2,0.029,0.02938942,34.43,BTC-25JUL25-110000-C,108772.01,sell,5.0,5.0,,,,,,,1751615774.472
5883,374395722,1751615846000,3,0.029,0.02935252,34.47,BTC-25JUL25-110000-C,108762.74,sell,1.8,1.8,,,,,,,1751615846.0
