trade_seq,trade_id,timestamp,tick_direction,price,mark_price,iv,instrument_name,index_price,direction,contracts,amount,block_trade_leg_count,block_trade_id,combo_trade_id,combo_id,block_rfq_id,unix_sec
6309,373877683,1751313503877,3,0.012,0.01209038,37.93,BTC-25JUL25-100000-P,107610.72,sell,1.0,1.0,,,,,,1751313503.877
6310,373878344,1751313604402,2,0.0115,0.01173139,37.73,BTC-25JUL25-100000-P,107775.08,sell,1.0,1.0,,,,,,1751313604.402
6311,373878345,1751313604402,3,0.0115,0.01173139,37.73,BTC-25JUL25-100000-P,107775.08,sell,1.0,1.0,,,,,,1751313604.402
6312,373878346,1751313604402,3,0.0115,0.01173139,37.73,BTC-25JUL25-100000-P,107775.08,sell,1.0,1.0,,,,,,1751313604.402
6313,373878347,1751313604402,3,0.0115,0.01173139,37.73,BTC-25JUL25-100000-P,107775.08,sell,1.6,1.6,,,,,,1751313604.402
6314,373878348,1751313604405,3,0.0115,0.01173139,37.73,BTC-25JUL25-100000-P,107775.08,buy,0.4,0.4,,,,,,1751313604.405
6315,373878689,1751313740480,0,0.012,0.01199073,38.0,BTC-25JUL25-100000-P,107642.63,buy,0.1,0.1,,,,,,1751313740.48
6316,373878690,1751313740815,1,0.012,0.01199073,38.0,BTC-25JUL25-100000-P,107642.63,sell,0.1,0.1,,,,,,1751313740.815
6319,373879001,1751313885154,1,0.012,0.01227425,37.66,BTC-25JUL25-100000-P,107518.32,sell,0.2,0.2,,,,,,1751313885.154
6317,373878999,1751313885154,1,0.012,0.01227425,37.66,BTC-25JUL25-100000-P,107518.32,sell,1.0,1.0,,,,,,1751313885.154
6318,373879000,1751313885154,1,0.012,0.01227425,37.66,BTC-25JUL25-100000-P,107518.32,sell,1.0,1.0,,,,,,1751313885.154
6320,373879289,1751313950739,1,0.012,0.01224836,37.69,BTC-25JUL25-100000-P,107524.82,sell,0.2,0.2,,,,,,1751313950.739
6321,373879311,1751313950911,1,0.012,0.01224836,37.69,BTC-25JUL25-100000-P,107524.82,sell,0.5,0.5,,,,,,1751313950.911
6323,373879313,1751313950926,1,0.012,0.01224836,37.69,BTC-25JUL25-100000-P,107524.82,sell,1.0,1.0,,,,,,1751313950.926
6322,373879312,1751313950926,1,0.012,0.01224836,37.69,BTC-25JUL25-100000-P,107524.82,sell,0.3,0.3,,,,,,1751313950.926
6324,373879412,1751313969388,1,0.012,0.01213421,37.81,BTC-25JUL25-100000-P,107563.54,buy,1.0,1.0,,,,,,1751313969.388
6325,373879413,1751313969397,1,0.012,0.01213421,37.81,BTC-25JUL25-100000-P,107563.54,buy,1.0,1.0,,,,,,1751313969.397
6326,373879434,1751313988076,1,0.012,0.01213069,37.8,BTC-25JUL25-100000-P,107556.77,buy,0.3,0.3,,,,,,1751313988.076
6328,373880356,1751314234547,3,0.0115,0.01190001,37.29,BTC-25JUL25-100000-P,107631.1,sell,1.0,1.0,,,,,,1751314234.547
6327,373880355,1751314234547,2,0.0115,0.01190001,37.29,BTC-25JUL25-100000-P,107631.1,sell,1.0,1.0,,,,,,1751314234.547
6329,373880357,1751314234547,3,0.0115,0.01190001,37.29,BTC-25JUL25-100000-P,107631.1,sell,0.9,0.9,,,,,,1751314234.547
6330,373880358,1751314234547,3,0.0115,0.01190001,37.29,BTC-25JUL25-100000-P,107631.1,sell,2.1,2.1,,,,,,1751314234.547
6331,373880359,1751314236613,3,0.0115,0.01189891,37.29,BTC-25JUL25-100000-P,107631.06,sell,1.6,1.6,,,,,,1751314236.613
6332,373880360,1751314236615,3,0.0115,0.01189891,37.29,BTC-25JUL25-100000-P,107631.06,buy,3.3,3.3,,,,,,1751314236.615
6333,373880361,1751314236697,3,0.0115,0.01189861,37.29,BTC-25JUL25-100000-P,107631.06,buy,0.1,0.1,,,,,,1751314236.697
6334,373880363,1751314240665,3,0.0115,0.0118963,37.29,BTC-25JUL25-100000-P,107631.06,buy,0.9,0.9,,,,,,1751314240.665
6335,373882293,1751315294927,0,0.012,0.01171765,37.98,BTC-25JUL25-100000-P,107630.38,buy,0.1,0.1,,,,,,1751315294.927
6336,373882580,1751315383163,1,0.012,0.01181794,37.84,BTC-25JUL25-100000-P,107587.25,buy,0.1,0.1,,,,,,1751315383.163
6337,373884756,1751316399232,1,0.012,0.01180048,37.89,BTC-25JUL25-100000-P,107583.87,buy,0.1,0.1,,,,,,1751316399.232
6338,373886538,1751317712335,1,0.012,0.01194522,37.59,BTC-25JUL25-100000-P,107478.64,buy,0.1,0.1,,,,,,1751317712.335
6339,373886539,1751317712347,1,0.012,0.01194522,37.59,BTC-25JUL25-100000-P,107478.64,sell,0.9,0.9,,,,,,1751317712.347
6340,373890129,1751320736351,0,0.0125,0.012486,37.44,BTC-25JUL25-100000-P,107125.65,sell,1.0,1.0,,,,,,1751320736.351
6341,373890235,1751320788815,1,0.0125,0.01242018,37.5,BTC-25JUL25-100000-P,107154.2,sell,0.9,0.9,,,,,,1751320788.815
6342,373890468,1751320848715,1,0.0125,0.01243017,37.49,BTC-25JUL25-100000-P,107152.84,sell,0.1,0.1,,,,,,1751320848.715
6343,373894897,1751329000499,2,0.012,0.01197332,37.49,BTC-25JUL25-100000-P,107386.79,sell,1.0,1.0,,,,,,1751329000.499
6344,373900335,1751338958655,3,0.012,0.01223034,36.97,BTC-25JUL25-100000-P,107121.45,sell,0.1,0.1,,,,,,1751338958.655
6345,373900971,1751339494467,3,0.012,0.01219766,36.99,BTC-25JUL25-100000-P,107117.99,sell,0.1,0.1,,,,,,1751339494.467
6346,373902291,1751340850253,3,0.012,0.01195675,37.2,BTC-25JUL25-100000-P,107201.16,buy,0.1,0.1,,,,,,1751340850.253
6347,373902292,1751340850253,3,0.012,0.01195675,37.2,BTC-25JUL25-100000-P,107201.16,buy,0.9,0.9,,,,,,1751340850.253
6348,373902300,1751340870061,3,0.012,0.01197847,37.18,BTC-25JUL25-100000-P,107195.95,sell,0.9,0.9,,,,,,1751340870.061
6349,373902502,1751341339675,3,0.012,0.01193312,37.19,BTC-25JUL25-100000-P,107199.44,buy,0.1,0.1,,,,,,1751341339.675
6350,373902781,1751341868702,3,0.012,0.01204289,37.17,BTC-25JUL25-100000-P,107178.64,sell,1.0,1.0,,,,,,1751341868.702
6351,373902804,1751341917887,3,0.012,0.01198883,37.2,BTC-25JUL25-100000-P,107182.43,buy,1.0,1.0,,,,,,1751341917.887
6352,373903208,1751343348111,3,0.012,0.01178334,37.19,BTC-25JUL25-100000-P,107186.12,buy,0.1,0.1,,,,,,1751343348.111
6353,373903209,1751343348122,3,0.012,0.01178334,37.19,BTC-25JUL25-100000-P,107186.12,sell,0.6,0.6,,,,,,1751343348.122
6354,373903210,1751343348127,3,0.012,0.01178334,37.19,BTC-25JUL25-100000-P,107186.12,sell,0.1,0.1,,,,,,1751343348.127
6355,373903984,1751344970239,3,0.012,0.01200983,37.0,BTC-25JUL25-100000-P,107113.7,buy,0.1,0.1,,,,,,1751344970.239
6356,373904701,1751345783360,0,0.0125,0.01231533,37.18,BTC-25JUL25-100000-P,106956.55,buy,0.1,0.1,,,,,,1751345783.36
6357,373905246,1751346643933,1,0.0125,0.01235581,37.0,BTC-25JUL25-100000-P,106886.97,buy,0.1,0.1,,,,,,1751346643.933
6358,373905247,1751346643933,1,0.0125,0.01235581,37.0,BTC-25JUL25-100000-P,106886.97,buy,0.8,0.8,,,,,,1751346643.933
6359,373905248,1751346643935,1,0.0125,0.01235581,37.0,BTC-25JUL25-100000-P,106886.97,sell,0.1,0.1,,,,,,1751346643.935
6360,373905274,1751346663426,1,0.0125,0.01242585,36.98,BTC-25JUL25-100000-P,106877.06,sell,0.7,0.7,,,,,,1751346663.426
6361,373905275,1751346663431,1,0.0125,0.01242585,36.98,BTC-25JUL25-100000-P,106877.06,sell,0.3,0.3,,,,,,1751346663.431
6362,373906162,1751347941107,1,0.0125,0.01245252,37.12,BTC-25JUL25-100000-P,106896.51,sell,0.1,0.1,,,,,,1751347941.107
6363,373907680,1751350021545,1,0.0125,0.01249243,37.0,BTC-25JUL25-100000-P,106887.9,buy,0.1,0.1,,,,,,1751350021.545
6364,373908544,1751350807268,0,0.013,0.01262551,37.55,BTC-25JUL25-100000-P,106824.86,buy,0.1,0.1,,,,,,1751350807.268
6365,373908604,1751351032229,1,0.013,0.01262359,37.58,BTC-25JUL25-100000-P,106838.97,buy,0.1,0.1,,,,,,1751351032.229
6367,373908801,1751351414106,3,0.0125,0.01272353,36.8,BTC-25JUL25-100000-P,106802.56,sell,0.8,0.8,,,,,,1751351414.106
6366,373908800,1751351414106,2,0.0125,0.01272353,36.8,BTC-25JUL25-100000-P,106802.56,sell,0.5,0.5,,,,,,1751351414.106
6368,373908802,1751351414106,3,0.0125,0.01272353,36.8,BTC-25JUL25-100000-P,106802.56,sell,0.1,0.1,,,,,,1751351414.106
6369,373908803,1751351414142,3,0.0125,0.01272353,36.8,BTC-25JUL25-100000-P,106802.56,buy,1.4,1.4,,,,,,1751351414.142
6370,373908812,1751351464422,2,0.012,0.01267928,36.15,BTC-25JUL25-100000-P,106809.62,sell,5.0,5.0,,,,,,1751351464.422
6371,373908813,1751351464422,3,0.012,0.01267928,36.15,BTC-25JUL25-100000-P,106809.62,sell,5.0,5.0,,,,,,1751351464.422
6372,373908870,1751351540918,0,0.0125,0.01260095,36.84,BTC-25JUL25-100000-P,106811.03,buy,7.2,7.2,,,,,,1751351540.918
6373,373914158,1751355337070,1,0.0125,0.01215439,37.25,BTC-25JUL25-100000-P,106991.71,buy,0.1,0.1,,,,,,1751355337.07
6374,373917559,1751356203593,2,0.012,0.01212438,36.84,BTC-25JUL25-100000-P,107083.77,sell,1.0,1.0,,,,,,1751356203.593
6375,373918652,1751356271119,2,0.0115,0.01180367,36.48,BTC-25JUL25-100000-P,107195.46,sell,0.1,0.1,,,,,,1751356271.119
6376,373924455,1751359118153,0,0.0125,0.01238289,36.87,BTC-25JUL25-100000-P,106870.85,buy,1.0,1.0,,,,,,1751359118.153
6377,373924479,1751359135463,1,0.0125,0.01244058,36.79,BTC-25JUL25-100000-P,106849.38,buy,1.0,1.0,,,,,,1751359135.463
6378,373924538,1751359147946,1,0.0125,0.01245037,36.75,BTC-25JUL25-100000-P,106834.23,buy,1.0,1.0,,,,,,1751359147.946
6379,373924583,1751359160514,1,0.0125,0.01247161,36.67,BTC-25JUL25-100000-P,106807.26,buy,1.0,1.0,,,,,,1751359160.514
6380,373924664,1751359208213,1,0.0125,0.01240615,36.74,BTC-25JUL25-100000-P,106820.46,buy,0.1,0.1,,,,,,1751359208.213
6382,373924666,1751359208214,1,0.0125,0.01240615,36.74,BTC-25JUL25-100000-P,106820.46,buy,0.9,0.9,,,,,,1751359208.214
6381,373924665,1751359208214,1,0.0125,0.01240615,36.74,BTC-25JUL25-100000-P,106820.46,buy,0.9,0.9,,,,,,1751359208.214
6383,373924667,1751359208217,1,0.0125,0.01240615,36.74,BTC-25JUL25-100000-P,106820.46,buy,0.1,0.1,,,,,,1751359208.217
6384,373929973,1751362801575,0,0.013,0.01281518,36.7,BTC-25JUL25-100000-P,106573.25,buy,0.1,0.1,,,,,,1751362801.575
6385,373929974,1751362801579,1,0.013,0.01281518,36.7,BTC-25JUL25-100000-P,106573.25,sell,5.0,5.0,,,,,,1751362801.579
6386,373929975,1751362801581,1,0.013,0.01281518,36.7,BTC-25JUL25-100000-P,106573.25,sell,0.3,0.3,,,,,,1751362801.581
6387,373929976,1751362801588,1,0.013,0.01281518,36.7,BTC-25JUL25-100000-P,106573.25,sell,12.0,12.0,,,,,,1751362801.588
6388,373929978,1751362801601,1,0.013,0.01281518,36.7,BTC-25JUL25-100000-P,106573.25,sell,0.1,0.1,,,,,,1751362801.601
6390,373930204,1751362878810,1,0.0135,0.01290261,37.29,BTC-25JUL25-100000-P,106559.79,buy,6.0,6.0,,,,,,1751362878.81
6389,373930203,1751362878810,0,0.0135,0.01290261,37.29,BTC-25JUL25-100000-P,106559.79,buy,7.0,7.0,,,,,,1751362878.81
6391,373930205,1751362878810,1,0.0135,0.01290261,37.29,BTC-25JUL25-100000-P,106559.79,buy,2.0,2.0,,,,,,1751362878.81
6392,373930245,1751362879965,1,0.0135,0.01290633,37.26,BTC-25JUL25-100000-P,106547.64,buy,10.0,10.0,,,,,,1751362879.965
6393,373930246,1751362879965,1,0.0135,0.01290633,37.26,BTC-25JUL25-100000-P,106547.64,buy,5.0,5.0,,,,,,1751362879.965
6394,373930259,1751362880671,1,0.0135,0.01290543,37.23,BTC-25JUL25-100000-P,106538.18,buy,5.0,5.0,,,,,,1751362880.671
6395,373930381,1751362913111,2,0.013,0.01294407,36.6,BTC-25JUL25-100000-P,106537.62,buy,0.1,0.1,,,,,,1751362913.111
6396,373933314,1751364100492,3,0.013,0.0131732,36.75,BTC-25JUL25-100000-P,106581.61,sell,0.3,0.3,,,,,,1751364100.492
6397,373933807,1751364280720,3,0.013,0.01307584,36.92,BTC-25JUL25-100000-P,106638.3,sell,0.3,0.3,,,,,,1751364280.72
6398,373934119,1751364475334,3,0.013,0.01317369,36.85,BTC-25JUL25-100000-P,106606.32,sell,0.3,0.3,,,,,,1751364475.334
6399,373934432,1751364671684,3,0.013,0.01327236,36.77,BTC-25JUL25-100000-P,106582.71,sell,0.3,0.3,,,,,,1751364671.684
6400,373939070,1751367099262,0,0.0135,0.01353913,36.9,BTC-25JUL25-100000-P,106372.01,sell,1.0,1.0,,,,,,1751367099.262
6401,373942456,1751368388880,1,0.0135,0.01342681,37.0,BTC-25JUL25-100000-P,106426.95,buy,0.1,0.1,,,,,,1751368388.88
6402,373942457,1751368388892,1,0.0135,0.01342681,37.0,BTC-25JUL25-100000-P,106426.95,sell,0.9,0.9,,,,,,1751368388.892
6403,373942495,1751368406617,1,0.0135,0.01346066,36.99,BTC-25JUL25-100000-P,106426.52,sell,1.0,1.0,,,,,,1751368406.617
6404,373942515,1751368424344,1,0.0135,0.01348399,36.96,BTC-25JUL25-100000-P,106415.28,buy,0.3,0.3,,,,,,1751368424.344
6405,373942516,1751368424346,1,0.0135,0.01348399,36.96,BTC-25JUL25-100000-P,106415.28,sell,0.7,0.7,,,,,,1751368424.346
6406,373942542,1751368441985,1,0.0135,0.01349655,36.95,BTC-25JUL25-100000-P,106407.73,sell,1.0,1.0,,,,,,1751368441.985
6407,373944782,1751369841211,2,0.013,0.01296408,36.97,BTC-25JUL25-100000-P,106626.65,buy,0.1,0.1,,,,,,1751369841.211
6409,373945865,1751371277597,3,0.013,0.01297359,36.97,BTC-25JUL25-100000-P,106634.63,sell,1.0,1.0,,,,,,1751371277.597
6408,373945864,1751371277597,3,0.013,0.01297359,36.97,BTC-25JUL25-100000-P,106634.63,sell,0.1,0.1,,,,,,1751371277.597
6410,373948387,1751373100689,3,0.013,0.01313449,36.6,BTC-25JUL25-100000-P,106484.84,sell,0.2,0.2,,,,,,1751373100.689
6412,373948390,1751373102774,3,0.013,0.0131299,36.6,BTC-25JUL25-100000-P,106484.68,sell,1.0,1.0,,,,,,1751373102.774
6411,373948389,1751373102774,3,0.013,0.0131299,36.6,BTC-25JUL25-100000-P,106484.68,sell,0.8,0.8,,,,,,1751373102.774
6413,373948405,1751373109935,3,0.013,0.01313681,36.58,BTC-25JUL25-100000-P,106477.5,buy,0.5,0.5,,,,,,1751373109.935
6414,373948423,1751373119346,3,0.013,0.01317023,36.53,BTC-25JUL25-100000-P,106465.36,buy,0.7,0.7,,,,,,1751373119.346
6415,373948577,1751373219806,0,0.0135,0.01327263,37.05,BTC-25JUL25-100000-P,106426.4,buy,0.1,0.1,,,,,,1751373219.806
6416,373950211,1751374702826,2,0.013,0.01321452,36.57,BTC-25JUL25-100000-P,106474.8,sell,1.0,1.0,,,,,,1751374702.826
6417,373950270,1751374805417,0,0.0135,0.01325336,37.16,BTC-25JUL25-100000-P,106463.36,buy,0.1,0.1,,,,,,1751374805.417
6418,373950499,1751375159075,2,0.013,0.01319729,36.59,BTC-25JUL25-100000-P,106482.45,sell,0.1,0.1,,,,,,1751375159.075
6420,373950602,1751375305481,3,0.013,0.01316212,36.67,BTC-25JUL25-100000-P,106504.79,sell,1.0,1.0,,,,,,1751375305.481
6419,373950601,1751375305481,3,0.013,0.01316212,36.67,BTC-25JUL25-100000-P,106504.79,sell,1.0,1.0,,,,,,1751375305.481
6421,373952849,1751376518824,3,0.013,0.01285355,37.14,BTC-25JUL25-100000-P,106635.37,buy,0.1,0.1,,,,,,1751376518.824
6422,373952850,1751376518826,3,0.013,0.01285355,37.14,BTC-25JUL25-100000-P,106635.37,sell,1.8,1.8,,,,,,1751376518.826
6423,373952851,1751376519327,3,0.013,0.01285355,37.14,BTC-25JUL25-100000-P,106635.37,sell,0.1,0.1,,,,,,1751376519.327
6424,373954152,1751377019174,2,0.0125,0.0123922,37.21,BTC-25JUL25-100000-P,106886.03,sell,1.0,1.0,,,,,,1751377019.174
6425,373954856,1751377229896,0,0.013,0.01311935,36.97,BTC-25JUL25-100000-P,106570.77,sell,1.0,1.0,,,,,,1751377229.896
6426,373955933,1751377444488,0,0.0135,0.0136461,36.94,BTC-25JUL25-100000-P,106352.63,sell,0.3,0.3,,,,,,1751377444.488
6427,373955940,1751377449247,1,0.0135,0.01356777,37.0,BTC-25JUL25-100000-P,106372.33,sell,0.7,0.7,,,,,,1751377449.247
6428,373955999,1751377463250,1,0.0135,0.01355953,37.02,BTC-25JUL25-100000-P,106371.99,sell,0.4,0.4,,,,,,1751377463.25
6429,373956008,1751377466908,1,0.0135,0.01352686,37.06,BTC-25JUL25-100000-P,106384.88,sell,0.4,0.4,,,,,,1751377466.908
6430,373956049,1751377467241,1,0.0135,0.01352686,37.06,BTC-25JUL25-100000-P,106384.88,sell,0.2,0.2,,,,,,1751377467.241
6431,373961735,1751379674832,2,0.012,0.01211129,37.07,BTC-25JUL25-100000-P,107043.3,sell,0.2,0.2,,,,,,1751379674.832
6432,373963337,1751380007122,0,0.0125,0.01259941,37.01,BTC-25JUL25-100000-P,106790.8,buy,0.1,0.1,,,,,,1751380007.122
6433,373963344,1751380008158,0,0.013,0.01264633,37.62,BTC-25JUL25-100000-P,106776.33,buy,0.1,0.1,,,,,,1751380008.158
6434,373963741,1751380081673,1,0.013,0.01296113,37.08,BTC-25JUL25-100000-P,106586.26,buy,0.1,0.1,,,,,,1751380081.673
6435,373963742,1751380081677,1,0.013,0.01296113,37.08,BTC-25JUL25-100000-P,106586.26,sell,0.6,0.6,,,,,,1751380081.677
6436,373963751,1751380086366,1,0.013,0.01301538,37.07,BTC-25JUL25-100000-P,106581.4,sell,0.2,0.2,,,,,,1751380086.366
6437,373963803,1751380094576,1,0.013,0.01303302,37.04,BTC-25JUL25-100000-P,106574.21,sell,0.1,0.1,,,,,,1751380094.576
6438,373964276,1751380205482,1,0.013,0.01302638,37.04,BTC-25JUL25-100000-P,106567.23,sell,0.1,0.1,,,,,,1751380205.482
6439,373964914,1751380409513,1,0.013,0.01294994,37.07,BTC-25JUL25-100000-P,106589.03,buy,0.1,0.1,,,,,,1751380409.513
6440,373965620,1751380677810,0,0.0135,0.01349303,37.06,BTC-25JUL25-100000-P,106371.26,buy,0.3,0.3,,,,,,1751380677.81
6441,373965621,1751380677813,1,0.0135,0.01349303,37.06,BTC-25JUL25-100000-P,106371.26,sell,0.2,0.2,,,,,,1751380677.813
6443,373966050,1751380748403,1,0.0135,0.0134422,37.12,BTC-25JUL25-100000-P,106380.98,buy,0.9,0.9,,,,,,1751380748.403
6442,373966049,1751380748403,1,0.0135,0.0134422,37.12,BTC-25JUL25-100000-P,106380.98,buy,0.1,0.1,,,,,,1751380748.403
6444,373969400,1751381187483,0,0.0145,0.01460092,36.85,BTC-25JUL25-100000-P,105883.17,sell,1.0,1.0,,,,,,1751381187.483
6445,373970343,1751381278074,1,0.0145,0.01466328,36.7,BTC-25JUL25-100000-P,105836.39,sell,1.0,1.0,,,,,,1751381278.074
6446,373970976,1751381466312,1,0.0145,0.01442147,37.07,BTC-25JUL25-100000-P,105963.62,sell,1.0,1.0,,,,,,1751381466.312
6447,373971780,1751381833612,1,0.0145,0.01439756,37.18,BTC-25JUL25-100000-P,105997.9,sell,20.0,20.0,,,,,,1751381833.612
6449,373975610,1751383248620,1,0.015,0.01500164,37.13,BTC-25JUL25-100000-P,105803.63,sell,6.5,6.5,,,,,,1751383248.62
6448,373975609,1751383248620,0,0.015,0.01500164,37.13,BTC-25JUL25-100000-P,105803.63,sell,1.0,1.0,,,,,,1751383248.62
6450,373975622,1751383248796,1,0.015,0.01500164,37.13,BTC-25JUL25-100000-P,105803.63,buy,0.1,0.1,,,,,,1751383248.796
6451,373975663,1751383281610,1,0.015,0.01494461,37.14,BTC-25JUL25-100000-P,105811.0,buy,0.9,0.9,,,,,,1751383281.61
6452,373977247,1751384168775,2,0.014,0.01412319,37.0,BTC-25JUL25-100000-P,106168.42,sell,1.0,1.0,,,,,,1751384168.775
6453,373977955,1751385013200,0,0.0145,0.01451383,37.1,BTC-25JUL25-100000-P,105994.12,buy,0.1,0.1,,,,,,1751385013.2
6454,373977991,1751385032059,1,0.0145,0.01454849,37.08,BTC-25JUL25-100000-P,105990.61,sell,0.9,0.9,,,,,,1751385032.059
6455,373978293,1751385592235,1,0.0145,0.01454824,37.08,BTC-25JUL25-100000-P,105986.6,buy,0.1,0.1,,,,,,1751385592.235
6456,373978424,1751385707047,1,0.0145,0.01455194,37.1,BTC-25JUL25-100000-P,105984.36,sell,0.9,0.9,,,,,,1751385707.047
6457,373979983,1751386442738,2,0.014,0.01388591,37.42,BTC-25JUL25-100000-P,106301.24,buy,0.1,0.1,,,,,,1751386442.738
6458,373980359,1751386826500,3,0.014,0.0143568,36.87,BTC-25JUL25-100000-P,106138.26,sell,1.0,1.0,,,,,,1751386826.5
6459,373980825,1751387477498,0,0.0145,0.01419649,37.83,BTC-25JUL25-100000-P,106240.75,buy,0.1,0.1,,,,,,1751387477.498
6460,373980826,1751387477498,1,0.0145,0.01419649,37.83,BTC-25JUL25-100000-P,106240.75,buy,9.9,9.9,,,,,,1751387477.498
6461,373980860,1751387528418,1,0.0145,0.01418665,37.84,BTC-25JUL25-100000-P,106242.8,buy,10.0,10.0,,,,,,1751387528.418
6462,373981407,1751388240939,2,0.014,0.01420273,37.07,BTC-25JUL25-100000-P,106188.68,sell,1.0,1.0,,,,,,1751388240.939
6463,373981419,1751388268273,3,0.014,0.014229,37.02,BTC-25JUL25-100000-P,106174.31,buy,0.2,0.2,,,,,,1751388268.273
6464,373981492,1751388367008,3,0.014,0.01426952,36.87,BTC-25JUL25-100000-P,106133.93,buy,0.2,0.2,,,,,,1751388367.008
6465,373981493,1751388367017,3,0.014,0.01426952,36.87,BTC-25JUL25-100000-P,106133.93,buy,0.1,0.1,,,,,,1751388367.017
6466,373981508,1751388375323,3,0.014,0.01431806,36.83,BTC-25JUL25-100000-P,106122.26,buy,0.1,0.1,,,,,,1751388375.323
6467,373981509,1751388375333,3,0.014,0.01431806,36.83,BTC-25JUL25-100000-P,106122.26,buy,0.1,0.1,,,,,,1751388375.333
6468,373981515,1751388379217,3,0.014,0.01432122,36.79,BTC-25JUL25-100000-P,106108.75,buy,0.1,0.1,,,,,,1751388379.217
6469,373981516,1751388379223,3,0.014,0.01432122,36.79,BTC-25JUL25-100000-P,106108.75,buy,0.1,0.1,,,,,,1751388379.223
6470,373981517,1751388379232,3,0.014,0.01432122,36.79,BTC-25JUL25-100000-P,106108.75,buy,0.1,0.1,,,,,,1751388379.232
6471,373984976,1751392341731,2,0.0135,0.01389252,36.71,BTC-25JUL25-100000-P,106226.37,sell,0.1,0.1,,,,,,1751392341.731
6472,373987879,1751395800396,0,0.0145,0.01455662,36.86,BTC-25JUL25-100000-P,105865.82,buy,10.0,10.0,,,,,,1751395800.396
6474,373990864,1751396611161,1,0.015,0.01522559,36.49,BTC-25JUL25-100000-P,105566.82,sell,0.6,0.6,,,,,,1751396611.161
6473,373990863,1751396611161,0,0.015,0.01522559,36.49,BTC-25JUL25-100000-P,105566.82,sell,0.2,0.2,,,,,,1751396611.161
6475,373994281,1751396722850,1,0.015,0.01502032,36.71,BTC-25JUL25-100000-P,105634.65,buy,0.1,0.1,,,,,,1751396722.85
6476,373994323,1751396733717,1,0.015,0.01500972,36.74,BTC-25JUL25-100000-P,105639.36,buy,0.7,0.7,,,,,,1751396733.717
6477,373994324,1751396733718,1,0.015,0.01500972,36.74,BTC-25JUL25-100000-P,105639.36,buy,0.1,0.1,,,,,,1751396733.718
6478,373994325,1751396733726,1,0.015,0.01500972,36.74,BTC-25JUL25-100000-P,105639.36,buy,0.1,0.1,,,,,,1751396733.726
6479,373994487,1751396772905,1,0.015,0.01520615,36.53,BTC-25JUL25-100000-P,105576.12,sell,0.3,0.3,,,,,,1751396772.905
6481,373994489,1751396772905,1,0.015,0.01520615,36.53,BTC-25JUL25-100000-P,105576.12,sell,1.3,1.3,,,,,,1751396772.905
6480,373994488,1751396772905,1,0.015,0.01520615,36.53,BTC-25JUL25-100000-P,105576.12,sell,0.4,0.4,,,,,,1751396772.905
6482,373996308,1751397495705,1,0.015,0.01495428,36.72,BTC-25JUL25-100000-P,105651.31,buy,4.9,4.9,,,,,,1751397495.705
6483,374003031,1751402079216,2,0.0145,0.01496636,36.33,BTC-25JUL25-100000-P,105698.69,sell,1.0,1.0,,,,,,1751402079.216
6484,374003032,1751402079226,3,0.0145,0.01496636,36.33,BTC-25JUL25-100000-P,105698.69,sell,0.2,0.2,,,,,,1751402079.226
6485,374003150,1751402216157,3,0.0145,0.01494861,36.38,BTC-25JUL25-100000-P,105708.51,sell,1.2,1.2,,,,,,1751402216.157
6486,374003151,1751402216157,3,0.0145,0.01494861,36.38,BTC-25JUL25-100000-P,105708.51,sell,8.8,8.8,,,,,,1751402216.157
6487,374003393,1751402462112,0,0.015,0.0149204,37.08,BTC-25JUL25-100000-P,105743.5,buy,0.1,0.1,,,,,,1751402462.112
6488,374005774,1751404667707,2,0.0145,0.01448251,36.98,BTC-25JUL25-100000-P,105891.62,buy,0.1,0.1,,,,,,1751404667.707
6489,374005814,1751404717595,3,0.0145,0.01438504,37.15,BTC-25JUL25-100000-P,105946.47,sell,0.1,0.1,,,,,,1751404717.595
6490,374005815,1751404717741,3,0.0145,0.01438504,37.15,BTC-25JUL25-100000-P,105946.47,sell,0.1,0.1,,,,,,1751404717.741
6491,374005816,1751404717744,3,0.0145,0.01438504,37.15,BTC-25JUL25-100000-P,105946.47,sell,0.1,0.1,,,,,,1751404717.744
6492,374005817,1751404717746,3,0.0145,0.01438504,37.15,BTC-25JUL25-100000-P,105946.47,sell,0.1,0.1,,,,,,1751404717.746
6493,374005947,1751404804707,3,0.0145,0.01430312,37.21,BTC-25JUL25-100000-P,105965.54,buy,0.1,0.1,,,,,,1751404804.707
6494,374006834,1751405326348,3,0.0145,0.01426312,37.3,BTC-25JUL25-100000-P,105994.22,buy,0.2,0.2,,,,,,1751405326.348
6495,374009052,1751408445235,3,0.0145,0.01452895,36.89,BTC-25JUL25-100000-P,105854.87,buy,0.1,0.1,,,,,,1751408445.235
6496,374009395,1751409118926,0,0.015,0.01497165,36.89,BTC-25JUL25-100000-P,105673.75,buy,1.0,1.0,,,,,,1751409118.926
6497,374009404,1751409137260,1,0.015,0.0149991,36.86,BTC-25JUL25-100000-P,105662.81,buy,0.1,0.1,,,,,,1751409137.26
6498,374009405,1751409137260,1,0.015,0.0149991,36.86,BTC-25JUL25-100000-P,105662.81,buy,0.9,0.9,,,,,,1751409137.26
6499,374009414,1751409156184,1,0.015,0.01500256,36.85,BTC-25JUL25-100000-P,105663.47,buy,1.0,1.0,,,,,,1751409156.184
6500,374009458,1751409175022,1,0.015,0.01502618,36.83,BTC-25JUL25-100000-P,105655.41,buy,1.0,1.0,,,,,,1751409175.022
6501,374010054,1751410721509,1,0.015,0.01497288,36.9,BTC-25JUL25-100000-P,105673.29,buy,0.1,0.1,,,,,,1751410721.509
6502,374010055,1751410721512,1,0.015,0.01497288,36.9,BTC-25JUL25-100000-P,105673.29,sell,0.6,0.6,,,,,,1751410721.512
6503,374010056,1751410721514,1,0.015,0.01497288,36.9,BTC-25JUL25-100000-P,105673.29,sell,0.2,0.2,,,,,,1751410721.514
6506,374010806,1751411429901,1,0.0155,0.01536481,36.95,BTC-25JUL25-100000-P,105480.11,buy,1.0,1.0,,,,,,1751411429.901
6504,374010804,1751411429901,0,0.0155,0.01536481,36.95,BTC-25JUL25-100000-P,105480.11,buy,0.1,0.1,,,,,,1751411429.901
6505,374010805,1751411429901,1,0.0155,0.01536481,36.95,BTC-25JUL25-100000-P,105480.11,buy,0.8,0.8,,,,,,1751411429.901
6507,374010807,1751411429910,1,0.0155,0.01536481,36.95,BTC-25JUL25-100000-P,105480.11,sell,0.1,0.1,,,,,,1751411429.91
6508,374011554,1751412065465,1,0.0155,0.01545364,37.06,BTC-25JUL25-100000-P,105518.57,sell,1.0,1.0,,,,,,1751412065.465
6510,374012093,1751413300668,3,0.015,0.01529053,36.32,BTC-25JUL25-100000-P,105488.2,sell,0.3,0.3,,,,,,1751413300.668
6509,374012092,1751413300668,2,0.015,0.01529053,36.32,BTC-25JUL25-100000-P,105488.2,sell,1.0,1.0,,,,,,1751413300.668
6511,374021124,1751419064999,0,0.016,0.01603742,36.41,BTC-25JUL25-100000-P,105130.52,sell,0.1,0.1,,,,,,1751419064.999
6512,374021125,1751419065008,1,0.016,0.01603742,36.41,BTC-25JUL25-100000-P,105130.52,sell,0.1,0.1,,,,,,1751419065.008
6513,374021126,1751419065018,1,0.016,0.01603742,36.41,BTC-25JUL25-100000-P,105130.52,sell,0.1,0.1,,,,,,1751419065.018
6514,374021127,1751419065031,1,0.016,0.01603742,36.41,BTC-25JUL25-100000-P,105130.52,sell,0.1,0.1,,,,,,1751419065.031
6515,374021129,1751419065041,1,0.016,0.01603742,36.41,BTC-25JUL25-100000-P,105130.52,sell,0.2,0.2,,,,,,1751419065.041
6516,374021151,1751419065916,1,0.016,0.01608722,36.42,BTC-25JUL25-100000-P,105132.09,sell,0.4,0.4,,,,,,1751419065.916
6518,374024098,1751421097647,3,0.0145,0.01447166,36.47,BTC-25JUL25-100000-P,105715.11,buy,0.3,0.3,,,,,,1751421097.647
6517,374024097,1751421097647,2,0.0145,0.01447166,36.47,BTC-25JUL25-100000-P,105715.11,buy,0.7,0.7,,,,,,1751421097.647
6519,374024106,1751421114932,3,0.0145,0.01449822,36.48,BTC-25JUL25-100000-P,105713.69,sell,1.0,1.0,,,,,,1751421114.932
6520,374024116,1751421132918,3,0.0145,0.01449275,36.49,BTC-25JUL25-100000-P,105713.78,sell,1.0,1.0,,,,,,1751421132.918
6521,374024122,1751421150831,3,0.0145,0.01448887,36.49,BTC-25JUL25-100000-P,105713.21,buy,0.3,0.3,,,,,,1751421150.831
6522,374024123,1751421150833,3,0.0145,0.01448887,36.49,BTC-25JUL25-100000-P,105713.21,sell,0.7,0.7,,,,,,1751421150.833
6528,374025474,1751421957098,3,0.0145,0.01446307,36.52,BTC-25JUL25-100000-P,105723.5,buy,0.7,0.7,,,,,,1751421957.098
6526,374025472,1751421957098,3,0.0145,0.01446307,36.52,BTC-25JUL25-100000-P,105723.5,buy,0.4,0.4,,,,,,1751421957.098
6527,374025473,1751421957098,3,0.0145,0.01446307,36.52,BTC-25JUL25-100000-P,105723.5,buy,10.0,10.0,,,,,,1751421957.098
6525,374025471,1751421957098,3,0.0145,0.01446307,36.52,BTC-25JUL25-100000-P,105723.5,buy,5.0,5.0,,,,,,1751421957.098
6523,374025469,1751421957098,3,0.0145,0.01446307,36.52,BTC-25JUL25-100000-P,105723.5,buy,5.2,5.2,,,,,,1751421957.098
6524,374025470,1751421957098,3,0.0145,0.01446307,36.52,BTC-25JUL25-100000-P,105723.5,buy,7.8,7.8,,,,,,1751421957.098
6529,374027967,1751425781669,2,0.014,0.01393121,36.86,BTC-25JUL25-100000-P,105990.59,sell,1.0,1.0,,,,,,1751425781.669
6530,374030796,1751430295900,2,0.0135,0.01362227,36.9,BTC-25JUL25-100000-P,106205.38,sell,0.1,0.1,,,,,,1751430295.9
6531,374031239,1751431113131,2,0.0133,0.01354212,36.77,BTC-25JUL25-100000-P,106239.01,sell,50.0,50.0,6.0,BLOCK-208091,,,7562.0,1751431113.131
6532,374031330,1751431387853,0,0.0135,0.01356076,37.05,BTC-25JUL25-100000-P,106256.91,sell,1.0,1.0,,,,,,1751431387.853
6533,374032071,1751432153514,2,0.013,0.0130905,36.85,BTC-25JUL25-100000-P,106379.24,sell,1.0,1.0,,,,,,1751432153.514
6534,374036123,1751436630994,2,0.012,0.01223761,36.72,BTC-25JUL25-100000-P,106789.01,sell,0.5,0.5,,,,,,1751436630.994
6535,374037713,1751438416905,3,0.012,0.01200194,37.29,BTC-25JUL25-100000-P,106960.54,sell,1.0,1.0,,,,,,1751438416.905
6536,374038445,1751439278913,3,0.012,0.01200097,37.41,BTC-25JUL25-100000-P,106992.99,sell,0.5,0.5,,,,,,1751439278.913
6538,374039907,1751441583189,3,0.012,0.01178725,37.23,BTC-25JUL25-100000-P,106928.65,buy,1.0,1.0,,,,,,1751441583.189
6539,374039908,1751441583189,3,0.012,0.01178725,37.23,BTC-25JUL25-100000-P,106928.65,buy,0.1,0.1,,,,,,1751441583.189
6537,374039906,1751441583189,3,0.012,0.01178725,37.23,BTC-25JUL25-100000-P,106928.65,buy,0.5,0.5,,,,,,1751441583.189
6540,374039909,1751441583191,3,0.012,0.01178725,37.23,BTC-25JUL25-100000-P,106928.65,sell,0.1,0.1,,,,,,1751441583.191
6541,374046052,1751443695933,2,0.011,0.01111242,37.27,BTC-25JUL25-100000-P,107418.73,sell,2.0,2.0,,,,,,1751443695.933
6542,374051830,1751446398101,2,0.01,0.01040681,36.6,BTC-25JUL25-100000-P,107675.95,sell,1.0,1.0,,,,,,1751446398.101
6544,374051832,1751446398101,3,0.01,0.01040681,36.6,BTC-25JUL25-100000-P,107675.95,sell,7.0,7.0,,,,,,1751446398.101
6546,374051834,1751446398101,3,0.01,0.01040681,36.6,BTC-25JUL25-100000-P,107675.95,sell,19.5,19.5,,,,,,1751446398.101
6545,374051833,1751446398101,3,0.01,0.01040681,36.6,BTC-25JUL25-100000-P,107675.95,sell,10.0,10.0,,,,,,1751446398.101
6543,374051831,1751446398101,3,0.01,0.01040681,36.6,BTC-25JUL25-100000-P,107675.95,sell,12.5,12.5,,,,,,1751446398.101
6548,374052059,1751446488714,1,0.0105,0.01033776,37.44,BTC-25JUL25-100000-P,107713.32,buy,1.2,1.2,,,,,,1751446488.714
6547,374052058,1751446488714,0,0.0105,0.01033776,37.44,BTC-25JUL25-100000-P,107713.32,buy,0.1,0.1,,,,,,1751446488.714
6549,374058838,1751449564731,2,0.01,0.01016626,36.74,BTC-25JUL25-100000-P,107701.79,sell,0.1,0.1,,,,,,1751449564.731
6550,374062030,1751454323619,3,0.01,0.00990572,37.17,BTC-25JUL25-100000-P,107836.17,buy,0.1,0.1,,,,,,1751454323.619
6551,374062031,1751454323619,3,0.01,0.00990572,37.17,BTC-25JUL25-100000-P,107836.17,buy,1.0,1.0,,,,,,1751454323.619
6552,374062768,1751455952135,3,0.01,0.01000689,36.88,BTC-25JUL25-100000-P,107736.95,buy,0.1,0.1,,,,,,1751455952.135
6553,374064340,1751456827219,0,0.0105,0.01047243,36.88,BTC-25JUL25-100000-P,107455.93,buy,0.1,0.1,,,,,,1751456827.219
6554,374065464,1751457244161,1,0.0105,0.01052763,36.89,BTC-25JUL25-100000-P,107446.69,buy,0.1,0.1,,,,,,1751457244.161
6555,374066192,1751458041154,1,0.0105,0.01049593,37.01,BTC-25JUL25-100000-P,107486.76,buy,0.1,0.1,,,,,,1751458041.154
6556,374069766,1751459242782,0,0.011,0.01093609,37.16,BTC-25JUL25-100000-P,107264.59,buy,0.1,0.1,,,,,,1751459242.782
6557,374070364,1751459562651,1,0.011,0.01097995,37.2,BTC-25JUL25-100000-P,107290.51,buy,0.1,0.1,,,,,,1751459562.651
6558,374071345,1751460707058,1,0.011,0.01087945,37.55,BTC-25JUL25-100000-P,107405.65,sell,0.5,0.5,,,,,,1751460707.058
6559,374072706,1751461998595,2,0.0105,0.01048896,37.45,BTC-25JUL25-100000-P,107630.68,sell,1.0,1.0,,,,,,1751461998.595
6560,374072862,1751462115821,3,0.0105,0.01045868,37.51,BTC-25JUL25-100000-P,107658.97,buy,0.1,0.1,,,,,,1751462115.821
6561,374077399,1751464628832,3,0.0105,0.01042096,37.72,BTC-25JUL25-100000-P,107761.79,buy,0.1,0.1,,,,,,1751464628.832
6562,374077710,1751464784933,3,0.0105,0.01034293,37.84,BTC-25JUL25-100000-P,107809.58,buy,0.1,0.1,,,,,,1751464784.933
6563,374080300,1751465729283,3,0.0105,0.01011464,38.17,BTC-25JUL25-100000-P,107903.88,buy,0.1,0.1,,,,,,1751465729.283
6564,374082781,1751466383331,2,0.01,0.00990795,37.93,BTC-25JUL25-100000-P,108053.79,buy,0.1,0.1,,,,,,1751466383.331
6565,374084024,1751466598191,0,0.0105,0.01024083,38.24,BTC-25JUL25-100000-P,107906.92,buy,0.1,0.1,,,,,,1751466598.191
6566,374084167,1751466673083,1,0.0105,0.01033735,38.08,BTC-25JUL25-100000-P,107846.3,buy,0.1,0.1,,,,,,1751466673.083
6567,374084361,1751466738404,1,0.0105,0.01035097,38.07,BTC-25JUL25-100000-P,107842.35,buy,0.3,0.3,,,,,,1751466738.404
6568,374085531,1751467180986,1,0.0105,0.0100469,38.46,BTC-25JUL25-100000-P,107964.92,buy,0.1,0.1,,,,,,1751467180.986
6569,374086108,1751467372433,2,0.01,0.00982772,38.07,BTC-25JUL25-100000-P,108099.12,buy,0.1,0.1,,,,,,1751467372.433
6570,374090111,1751468454699,3,0.01,0.0096979,38.38,BTC-25JUL25-100000-P,108191.57,buy,0.1,0.1,,,,,,1751468454.699
6571,374092466,1751468986770,2,0.0095,0.00955307,37.83,BTC-25JUL25-100000-P,108297.43,buy,0.1,0.1,,,,,,1751468986.77
6573,374095683,1751469589528,3,0.0095,0.00938533,38.42,BTC-25JUL25-100000-P,108498.3,sell,4.0,4.0,,,,,,1751469589.528
6572,374095682,1751469589528,3,0.0095,0.00938533,38.42,BTC-25JUL25-100000-P,108498.3,sell,12.0,12.0,,,,,,1751469589.528
6574,374113509,1751472442799,2,0.0085,0.00849213,38.87,BTC-25JUL25-100000-P,109236.79,sell,0.3,0.3,,,,,,1751472442.799
6575,374113510,1751472442801,3,0.0085,0.00849213,38.87,BTC-25JUL25-100000-P,109236.79,buy,0.1,0.1,,,,,,1751472442.801
6576,374116173,1751472564161,2,0.008,0.00808662,38.93,BTC-25JUL25-100000-P,109575.8,sell,0.2,0.2,,,,,,1751472564.161
6577,374129309,1751473365983,0,0.0085,0.00839256,39.44,BTC-25JUL25-100000-P,109439.0,buy,1.0,1.0,,,,,,1751473365.983
6578,374137435,1751474784271,0,0.009,0.00845485,40.63,BTC-25JUL25-100000-P,109612.18,buy,0.1,0.1,,,,,,1751474784.271
6579,374140498,1751475508863,2,0.0085,0.00856398,39.55,BTC-25JUL25-100000-P,109503.54,buy,0.1,0.1,,,,,,1751475508.863
6583,374143202,1751476800471,3,0.008,0.00856309,38.89,BTC-25JUL25-100000-P,109575.74,sell,0.8,0.8,,,,,,1751476800.471
6580,374143199,1751476800471,2,0.008,0.00856309,38.89,BTC-25JUL25-100000-P,109575.74,sell,1.0,1.0,,,,,,1751476800.471
6584,374143203,1751476800471,3,0.008,0.00856309,38.89,BTC-25JUL25-100000-P,109575.74,sell,27.2,27.2,,,,,,1751476800.471
6581,374143200,1751476800471,3,0.008,0.00856309,38.89,BTC-25JUL25-100000-P,109575.74,sell,7.0,7.0,,,,,,1751476800.471
6582,374143201,1751476800471,3,0.008,0.00856309,38.89,BTC-25JUL25-100000-P,109575.74,sell,14.0,14.0,,,,,,1751476800.471
6585,374144545,1751477258720,0,0.0085,0.00858213,39.62,BTC-25JUL25-100000-P,109525.3,buy,0.2,0.2,,,,,,1751477258.72
6586,374147671,1751478307860,0,0.0095,0.00905148,40.38,BTC-25JUL25-100000-P,109186.9,buy,0.1,0.1,,,,,,1751478307.86
6587,374149583,1751478972299,1,0.0095,0.00936037,39.91,BTC-25JUL25-100000-P,109060.32,buy,0.1,0.1,,,,,,1751478972.299
6588,374149584,1751478972301,1,0.0095,0.00936037,39.91,BTC-25JUL25-100000-P,109060.32,sell,0.1,0.1,,,,,,1751478972.301
6589,374149959,1751479200196,1,0.0095,0.00912958,40.31,BTC-25JUL25-100000-P,109198.48,buy,0.5,0.5,,,,,,1751479200.196
6590,374150427,1751479429140,2,0.009,0.00901908,39.71,BTC-25JUL25-100000-P,109270.28,sell,0.4,0.4,,,,,,1751479429.14
6591,374150752,1751479556587,0,0.0095,0.00906153,40.41,BTC-25JUL25-100000-P,109245.89,buy,0.1,0.1,,,,,,1751479556.587
6592,374152525,1751480293277,2,0.009,0.00891092,39.67,BTC-25JUL25-100000-P,109248.13,buy,0.1,0.1,,,,,,1751480293.277
6593,374152526,1751480293277,3,0.009,0.00891092,39.67,BTC-25JUL25-100000-P,109248.13,buy,0.3,0.3,,,,,,1751480293.277
6594,374152873,1751480650812,3,0.009,0.00889296,39.73,BTC-25JUL25-100000-P,109269.3,buy,0.2,0.2,,,,,,1751480650.812
6596,374153113,1751480829161,3,0.009,0.00870085,40.01,BTC-25JUL25-100000-P,109377.16,buy,0.1,0.1,,,,,,1751480829.161
6595,374153112,1751480829161,3,0.009,0.00870085,40.01,BTC-25JUL25-100000-P,109377.16,buy,0.1,0.1,,,,,,1751480829.161
6597,374153585,1751481218974,3,0.009,0.00869876,40.0,BTC-25JUL25-100000-P,109375.59,buy,0.1,0.1,,,,,,1751481218.974
6598,374154109,1751481712569,3,0.009,0.0086189,40.08,BTC-25JUL25-100000-P,109406.22,buy,0.4,0.4,,,,,,1751481712.569
6599,374155004,1751482275594,3,0.009,0.00851608,40.23,BTC-25JUL25-100000-P,109447.62,buy,0.1,0.1,,,,,,1751482275.594
6600,374155211,1751482390189,3,0.009,0.00843186,40.41,BTC-25JUL25-100000-P,109514.82,buy,0.2,0.2,,,,,,1751482390.189
6601,374156036,1751482943367,2,0.0085,0.00835523,39.77,BTC-25JUL25-100000-P,109594.79,buy,0.1,0.1,,,,,,1751482943.367
6602,374156037,1751482943367,3,0.0085,0.00835523,39.77,BTC-25JUL25-100000-P,109594.79,buy,1.0,1.0,,,,,,1751482943.367
6603,374156038,1751482943369,3,0.0085,0.00835523,39.77,BTC-25JUL25-100000-P,109594.79,sell,2.0,2.0,,,,,,1751482943.369
6604,374156758,1751483245698,0,0.009,0.00862765,40.23,BTC-25JUL25-100000-P,109450.93,buy,0.2,0.2,,,,,,1751483245.698
6605,374156759,1751483245698,1,0.009,0.00862765,40.23,BTC-25JUL25-100000-P,109450.93,buy,0.1,0.1,,,,,,1751483245.698
6606,374158131,1751484824935,2,0.0086,0.00852815,39.83,BTC-25JUL25-100000-P,109545.22,buy,0.1,0.1,,,374158129,BTC-PDIAG-25JUL25_18JUL25-100000_102000,,1751484824.935
6607,374158148,1751484850898,0,0.0087,0.0085621,39.93,BTC-25JUL25-100000-P,109531.51,sell,0.1,0.1,,,374158146,BTC-PDIAG-25JUL25_18JUL25-100000_102000,,1751484850.898
6608,374158153,1751484864860,1,0.0087,0.00857241,39.94,BTC-25JUL25-100000-P,109534.17,sell,0.2,0.2,,,374158151,BTC-PDIAG-25JUL25_18JUL25-100000_102000,,1751484864.86
6609,374158157,1751484867448,1,0.0087,0.00856887,39.95,BTC-25JUL25-100000-P,109540.41,sell,0.3,0.3,,,374158156,BTC-PDIAG-25JUL25_18JUL25-100000_102000,,1751484867.448
6610,374158161,1751484870007,1,0.0087,0.00855463,39.95,BTC-25JUL25-100000-P,109540.19,sell,0.3,0.3,,,374158159,BTC-PDIAG-25JUL25_18JUL25-100000_102000,,1751484870.007
6611,374158164,1751484872556,1,0.0087,0.00855608,39.93,BTC-25JUL25-100000-P,109532.4,sell,0.2,0.2,,,374158162,BTC-PDIAG-25JUL25_18JUL25-100000_102000,,1751484872.556
6612,374158166,1751484875135,1,0.0087,0.00856573,39.92,BTC-25JUL25-100000-P,109529.78,sell,0.1,0.1,,,374158165,BTC-PDIAG-25JUL25_18JUL25-100000_102000,,1751484875.135
6613,374158251,1751484961855,1,0.0087,0.00851953,40.0,BTC-25JUL25-100000-P,109551.83,buy,8.7,8.7,,,374158250,BTC-PDIAG-25JUL25_18JUL25-100000_102000,,1751484961.855
6614,374158540,1751485194388,0,0.009,0.00854515,40.41,BTC-25JUL25-100000-P,109525.74,buy,0.1,0.1,,,,,,1751485194.388
6615,374158715,1751485349473,1,0.009,0.00853785,40.41,BTC-25JUL25-100000-P,109518.26,buy,0.2,0.2,,,,,,1751485349.473
6616,374158802,1751485505157,2,0.0085,0.00859908,39.55,BTC-25JUL25-100000-P,109506.88,sell,0.1,0.1,,,,,,1751485505.157
6617,374159502,1751485969984,0,0.009,0.00873695,40.19,BTC-25JUL25-100000-P,109438.52,buy,0.3,0.3,,,,,,1751485969.984
6618,374160635,1751486299623,1,0.009,0.00837027,40.83,BTC-25JUL25-100000-P,109689.15,buy,0.1,0.1,,,,,,1751486299.623
6619,374160636,1751486299623,1,0.009,0.00837027,40.83,BTC-25JUL25-100000-P,109689.15,buy,0.1,0.1,,,,,,1751486299.623
6620,374161042,1751486454035,1,0.009,0.00845293,40.78,BTC-25JUL25-100000-P,109672.59,buy,0.6,0.6,,,,,,1751486454.035
6621,374161385,1751486577406,1,0.009,0.00864428,40.48,BTC-25JUL25-100000-P,109552.92,buy,0.2,0.2,,,,,,1751486577.406
6622,374162638,1751487355059,1,0.009,0.008828,40.53,BTC-25JUL25-100000-P,109531.36,buy,0.1,0.1,,,,,,1751487355.059
6623,374163002,1751487509737,0,0.0095,0.008946,41.22,BTC-25JUL25-100000-P,109482.87,buy,0.2,0.2,,,,,,1751487509.737
6624,374164691,1751487969013,1,0.0095,0.00921978,40.77,BTC-25JUL25-100000-P,109321.91,buy,0.7,0.7,,,,,,1751487969.013
6625,374165813,1751488650556,1,0.0095,0.00903561,41.11,BTC-25JUL25-100000-P,109454.9,buy,0.6,0.6,,,,,,1751488650.556
6626,374165880,1751488806733,1,0.0095,0.00903933,41.1,BTC-25JUL25-100000-P,109437.71,buy,2.3,2.3,,,,,,1751488806.733
6627,374166063,1751489100937,2,0.009,0.00909841,40.38,BTC-25JUL25-100000-P,109437.73,sell,1.1,1.1,,,,,,1751489100.937
6628,374166064,1751489100939,3,0.009,0.00909841,40.38,BTC-25JUL25-100000-P,109437.73,buy,3.9,3.9,,,,,,1751489100.939
6629,374166251,1751489247790,0,0.0095,0.00925378,40.93,BTC-25JUL25-100000-P,109339.87,buy,0.1,0.1,,,,,,1751489247.79
6631,374166354,1751489387794,1,0.0095,0.00931342,40.85,BTC-25JUL25-100000-P,109317.42,buy,0.3,0.3,,,,,,1751489387.794
6630,374166353,1751489387794,1,0.0095,0.00931342,40.85,BTC-25JUL25-100000-P,109317.42,buy,0.1,0.1,,,,,,1751489387.794
6632,374166418,1751489527806,1,0.0095,0.00935838,40.79,BTC-25JUL25-100000-P,109287.35,buy,0.2,0.2,,,,,,1751489527.806
6634,374170599,1751492733829,3,0.009,0.00923482,39.96,BTC-25JUL25-100000-P,109321.73,sell,1.7,1.7,,,,,,1751492733.829
6633,374170598,1751492733829,2,0.009,0.00923482,39.96,BTC-25JUL25-100000-P,109321.73,sell,0.3,0.3,,,,,,1751492733.829
6635,374170600,1751492733840,3,0.009,0.00923482,39.96,BTC-25JUL25-100000-P,109321.73,sell,1.5,1.5,,,,,,1751492733.84
6636,374171008,1751493210983,2,0.0085,0.00885163,39.62,BTC-25JUL25-100000-P,109494.35,sell,0.1,0.1,,,,,,1751493210.983
6637,374171009,1751493211742,3,0.0085,0.00885163,39.62,BTC-25JUL25-100000-P,109494.35,sell,0.1,0.1,,,,,,1751493211.742
6638,374172859,1751495563021,0,0.009,0.0089601,40.14,BTC-25JUL25-100000-P,109321.87,buy,0.1,0.1,,,,,,1751495563.021
6641,374172880,1751495593663,1,0.0095,0.00896601,40.99,BTC-25JUL25-100000-P,109340.34,buy,6.0,6.0,,,,,,1751495593.663
6642,374172881,1751495593663,1,0.0095,0.00896601,40.99,BTC-25JUL25-100000-P,109340.34,buy,0.7,0.7,,,,,,1751495593.663
6644,374172883,1751495593663,1,0.0095,0.00896601,40.99,BTC-25JUL25-100000-P,109340.34,buy,15.0,15.0,,,,,,1751495593.663
6646,374172885,1751495593663,1,0.0095,0.00896601,40.99,BTC-25JUL25-100000-P,109340.34,buy,3.7,3.7,,,,,,1751495593.663
6647,374172886,1751495593663,1,0.0095,0.00896601,40.99,BTC-25JUL25-100000-P,109340.34,buy,4.3,4.3,,,,,,1751495593.663
6645,374172884,1751495593663,1,0.0095,0.00896601,40.99,BTC-25JUL25-100000-P,109340.34,buy,10.0,10.0,,,,,,1751495593.663
6649,374172888,1751495593663,1,0.0095,0.00896601,40.99,BTC-25JUL25-100000-P,109340.34,buy,5.0,5.0,,,,,,1751495593.663
6639,374172878,1751495593663,0,0.0095,0.00896601,40.99,BTC-25JUL25-100000-P,109340.34,buy,13.6,13.6,,,,,,1751495593.663
6650,374172889,1751495593663,1,0.0095,0.00896601,40.99,BTC-25JUL25-100000-P,109340.34,buy,14.8,14.8,,,,,,1751495593.663
6640,374172879,1751495593663,1,0.0095,0.00896601,40.99,BTC-25JUL25-100000-P,109340.34,buy,10.2,10.2,,,,,,1751495593.663
6648,374172887,1751495593663,1,0.0095,0.00896601,40.99,BTC-25JUL25-100000-P,109340.34,buy,1.6,1.6,,,,,,1751495593.663
6643,374172882,1751495593663,1,0.0095,0.00896601,40.99,BTC-25JUL25-100000-P,109340.34,buy,15.0,15.0,,,,,,1751495593.663
6651,374178614,1751501553713,1,0.0095,0.00931854,39.9,BTC-25JUL25-100000-P,108975.8,buy,0.1,0.1,,,,,,1751501553.713
6652,374180850,1751503997552,2,0.0094,0.00912175,39.94,BTC-25JUL25-100000-P,109022.22,buy,0.6,0.6,,,374180848,BTC-PS-25JUL25-100000_92000,,1751503997.552
6653,374180894,1751504067130,2,0.0093,0.00909553,39.79,BTC-25JUL25-100000-P,109025.19,sell,0.4,0.4,,,374180893,BTC-PS-25JUL25-100000_92000,,1751504067.13
6654,374183188,1751507499527,2,0.009,0.00914771,39.58,BTC-25JUL25-100000-P,109082.66,sell,1.5,1.5,,,,,,1751507499.527
6655,374183651,1751508076276,3,0.009,0.00913783,39.27,BTC-25JUL25-100000-P,108947.02,buy,0.5,0.5,,,,,,1751508076.276
6656,374189985,1751510657904,0,0.0101,0.00981709,39.98,BTC-25JUL25-100000-P,108615.35,buy,25.0,25.0,1.0,BLOCK-208357,,,,1751510657.904
6657,374200630,1751520721168,2,0.0092,0.00887947,40.23,BTC-25JUL25-100000-P,109168.78,buy,50.0,50.0,1.0,BLOCK-208381,,,,1751520721.168
6658,374200633,1751520721896,2,0.009,0.00887947,39.9,BTC-25JUL25-100000-P,109168.78,buy,1.0,1.0,,,,,,1751520721.896
6660,374201772,1751521603160,3,0.0085,0.00886406,39.36,BTC-25JUL25-100000-P,109252.68,sell,0.2,0.2,,,,,,1751521603.16
6659,374201771,1751521603160,2,0.0085,0.00886406,39.36,BTC-25JUL25-100000-P,109252.68,sell,1.0,1.0,,,,,,1751521603.16
6661,374205376,1751524447496,0,0.0087,0.00856783,40.32,BTC-25JUL25-100000-P,109468.42,sell,0.2,0.2,,,374205375,BTC-PS-25JUL25-100000_92000,,1751524447.496
6662,374205396,1751524454838,1,0.0087,0.00857309,40.3,BTC-25JUL25-100000-P,109461.29,sell,0.8,0.8,,,374205395,BTC-PS-25JUL25-100000_92000,,1751524454.838
6663,374206774,1751525186198,2,0.0085,0.0085344,40.08,BTC-25JUL25-100000-P,109484.72,sell,0.1,0.1,,,,,,1751525186.198
6664,374207201,1751525326467,3,0.0085,0.00850039,40.2,BTC-25JUL25-100000-P,109535.59,sell,0.2,0.2,,,,,,1751525326.467
6672,374210903,1751527517057,1,0.0095,0.00915982,41.01,BTC-25JUL25-100000-P,109225.86,buy,5.2,5.2,,,,,,1751527517.057
6665,374210896,1751527517057,0,0.0095,0.00915982,41.01,BTC-25JUL25-100000-P,109225.86,buy,0.7,0.7,,,,,,1751527517.057
6669,374210900,1751527517057,1,0.0095,0.00915982,41.01,BTC-25JUL25-100000-P,109225.86,buy,12.8,12.8,,,,,,1751527517.057
6667,374210898,1751527517057,1,0.0095,0.00915982,41.01,BTC-25JUL25-100000-P,109225.86,buy,13.7,13.7,,,,,,1751527517.057
6666,374210897,1751527517057,1,0.0095,0.00915982,41.01,BTC-25JUL25-100000-P,109225.86,buy,0.7,0.7,,,,,,1751527517.057
6671,374210902,1751527517057,1,0.0095,0.00915982,41.01,BTC-25JUL25-100000-P,109225.86,buy,10.0,10.0,,,,,,1751527517.057
6670,374210901,1751527517057,1,0.0095,0.00915982,41.01,BTC-25JUL25-100000-P,109225.86,buy,1.6,1.6,,,,,,1751527517.057
6674,374210905,1751527517057,1,0.0095,0.00915982,41.01,BTC-25JUL25-100000-P,109225.86,buy,1.0,1.0,,,,,,1751527517.057
6673,374210904,1751527517057,1,0.0095,0.00915982,41.01,BTC-25JUL25-100000-P,109225.86,buy,2.0,2.0,,,,,,1751527517.057
6668,374210899,1751527517057,1,0.0095,0.00915982,41.01,BTC-25JUL25-100000-P,109225.86,buy,5.0,5.0,,,,,,1751527517.057
6675,374210918,1751527526709,1,0.0095,0.00916598,41.0,BTC-25JUL25-100000-P,109222.49,buy,6.0,6.0,,,,,,1751527526.709
6676,374210919,1751527526709,1,0.0095,0.00916598,41.0,BTC-25JUL25-100000-P,109222.49,buy,0.7,0.7,,,,,,1751527526.709
6677,374211124,1751527937711,1,0.0095,0.00918104,41.14,BTC-25JUL25-100000-P,109273.02,buy,0.1,0.1,,,,,,1751527937.711
6678,374211284,1751528069022,2,0.0091,0.0091599,40.56,BTC-25JUL25-100000-P,109291.99,sell,50.0,50.0,2.0,BLOCK-208413,,,,1751528069.022
6679,374211431,1751528090061,2,0.009,0.00909203,40.5,BTC-25JUL25-100000-P,109328.0,sell,25.0,25.0,2.0,BLOCK-208414,,,,1751528090.061
6680,374218794,1751531880143,2,0.0085,0.00872928,40.29,BTC-25JUL25-100000-P,109555.1,sell,0.7,0.7,,,,,,1751531880.143
6681,374218795,1751531880145,3,0.0085,0.00872928,40.29,BTC-25JUL25-100000-P,109555.1,buy,0.3,0.3,,,,,,1751531880.145
6682,374220901,1751532686682,3,0.0085,0.00869753,40.12,BTC-25JUL25-100000-P,109482.44,sell,0.1,0.1,,,374220899,BTC-PS-25JUL25-100000_92000,,1751532686.682
6683,374223396,1751534130866,0,0.0086,0.008443,40.81,BTC-25JUL25-100000-P,109673.3,sell,0.1,0.1,,,374223395,BTC-PS-25JUL25-100000_92000,,1751534130.866
6686,374235969,1751536128421,3,0.008,0.00820764,40.71,BTC-25JUL25-100000-P,110019.54,sell,1.5,1.5,,,,,,1751536128.421
6687,374235970,1751536128421,3,0.008,0.00820764,40.71,BTC-25JUL25-100000-P,110019.54,sell,1.0,1.0,,,,,,1751536128.421
6692,374235975,1751536128421,3,0.008,0.00820764,40.71,BTC-25JUL25-100000-P,110019.54,sell,5.2,5.2,,,,,,1751536128.421
6690,374235973,1751536128421,3,0.008,0.00820764,40.71,BTC-25JUL25-100000-P,110019.54,sell,10.0,10.0,,,,,,1751536128.421
6688,374235971,1751536128421,3,0.008,0.00820764,40.71,BTC-25JUL25-100000-P,110019.54,sell,1.0,1.0,,,,,,1751536128.421
6684,374235967,1751536128421,2,0.008,0.00820764,40.71,BTC-25JUL25-100000-P,110019.54,sell,2.2,2.2,,,,,,1751536128.421
6689,374235972,1751536128421,3,0.008,0.00820764,40.71,BTC-25JUL25-100000-P,110019.54,sell,0.4,0.4,,,,,,1751536128.421
6693,374235976,1751536128421,3,0.008,0.00820764,40.71,BTC-25JUL25-100000-P,110019.54,sell,1.0,1.0,,,,,,1751536128.421
6685,374235968,1751536128421,3,0.008,0.00820764,40.71,BTC-25JUL25-100000-P,110019.54,sell,5.0,5.0,,,,,,1751536128.421
6691,374235974,1751536128421,3,0.008,0.00820764,40.71,BTC-25JUL25-100000-P,110019.54,sell,0.1,0.1,,,,,,1751536128.421
6694,374235977,1751536128425,3,0.008,0.00820764,40.71,BTC-25JUL25-100000-P,110019.54,buy,5.0,5.0,,,,,,1751536128.425
6695,374235978,1751536128426,3,0.008,0.00820764,40.71,BTC-25JUL25-100000-P,110019.54,buy,0.2,0.2,,,,,,1751536128.426
6696,374235979,1751536128428,3,0.008,0.00820764,40.71,BTC-25JUL25-100000-P,110019.54,buy,12.0,12.0,,,,,,1751536128.428
6697,374235980,1751536128441,3,0.008,0.00820764,40.71,BTC-25JUL25-100000-P,110019.54,buy,2.1,2.1,,,,,,1751536128.441
6698,374235981,1751536128443,3,0.008,0.00820764,40.71,BTC-25JUL25-100000-P,110019.54,buy,14.1,14.1,,,,,,1751536128.443
6699,374235982,1751536128452,3,0.008,0.00820764,40.71,BTC-25JUL25-100000-P,110019.54,buy,0.1,0.1,,,,,,1751536128.452
6700,374235983,1751536128464,3,0.008,0.00820764,40.71,BTC-25JUL25-100000-P,110019.54,buy,9.1,9.1,,,,,,1751536128.464
6701,374235986,1751536128656,3,0.008,0.00820788,40.71,BTC-25JUL25-100000-P,110018.94,buy,0.2,0.2,,,,,,1751536128.656
6702,374235995,1751536135481,3,0.008,0.00819056,40.74,BTC-25JUL25-100000-P,110032.64,buy,14.1,14.1,,,,,,1751536135.481
6703,374236001,1751536136444,3,0.008,0.00818608,40.74,BTC-25JUL25-100000-P,110032.74,buy,1.6,1.6,,,,,,1751536136.444
6704,374236139,1751536144457,3,0.008,0.00817245,40.74,BTC-25JUL25-100000-P,110034.88,buy,1.4,1.4,,,,,,1751536144.457
6705,374236140,1751536144460,3,0.008,0.00817245,40.74,BTC-25JUL25-100000-P,110034.88,buy,1.1,1.1,,,,,,1751536144.46
6706,374236141,1751536144461,3,0.008,0.00817245,40.74,BTC-25JUL25-100000-P,110034.88,buy,0.3,0.3,,,,,,1751536144.461
6707,374236184,1751536145432,3,0.008,0.00816026,40.7,BTC-25JUL25-100000-P,110018.72,buy,11.3,11.3,,,,,,1751536145.432
6708,374248829,1751537787500,0,0.0085,0.00828478,41.4,BTC-25JUL25-100000-P,109928.85,buy,0.5,0.5,,,,,,1751537787.5
6709,374249703,1751537986188,1,0.0085,0.00847617,40.99,BTC-25JUL25-100000-P,109763.16,buy,0.1,0.1,,,,,,1751537986.188
6710,374249704,1751537986188,1,0.0085,0.00847617,40.99,BTC-25JUL25-100000-P,109763.16,buy,0.4,0.4,,,,,,1751537986.188
6712,374251270,1751538705785,3,0.008,0.00832553,40.17,BTC-25JUL25-100000-P,109773.68,sell,0.9,0.9,,,,,,1751538705.785
6711,374251269,1751538705785,2,0.008,0.00832553,40.17,BTC-25JUL25-100000-P,109773.68,sell,1.0,1.0,,,,,,1751538705.785
6713,374251271,1751538705785,3,0.008,0.00832553,40.17,BTC-25JUL25-100000-P,109773.68,sell,3.1,3.1,,,,,,1751538705.785
6715,374251552,1751538801991,3,0.008,0.00830446,40.19,BTC-25JUL25-100000-P,109772.35,sell,3.1,3.1,,,,,,1751538801.991
6714,374251551,1751538801991,3,0.008,0.00830446,40.19,BTC-25JUL25-100000-P,109772.35,sell,1.9,1.9,,,,,,1751538801.991
6716,374264340,1751545803248,3,0.008,0.00824092,40.21,BTC-25JUL25-100000-P,109711.93,sell,0.1,0.1,,,,,,1751545803.248
6717,374264341,1751545803256,3,0.008,0.00824092,40.21,BTC-25JUL25-100000-P,109711.93,sell,0.1,0.1,,,,,,1751545803.256
6718,374272713,1751547206083,0,0.0085,0.00894026,39.12,BTC-25JUL25-100000-P,109009.98,sell,0.1,0.1,,,,,,1751547206.083
6719,374272788,1751547237714,1,0.0085,0.00893789,39.12,BTC-25JUL25-100000-P,109013.8,sell,0.1,0.1,,,,,,1751547237.714
6720,374272876,1751547263714,1,0.0085,0.00882764,39.35,BTC-25JUL25-100000-P,109098.81,sell,0.1,0.1,,,,,,1751547263.714
6721,374272962,1751547286454,1,0.0085,0.00885208,39.23,BTC-25JUL25-100000-P,109059.12,sell,0.1,0.1,,,,,,1751547286.454
6722,374275447,1751548755542,1,0.0085,0.00843197,39.88,BTC-25JUL25-100000-P,109307.59,buy,0.1,0.1,,,,,,1751548755.542
6723,374275448,1751548755542,1,0.0085,0.00843197,39.88,BTC-25JUL25-100000-P,109307.59,buy,0.1,0.1,,,,,,1751548755.542
6724,374280296,1751549913248,2,0.0075,0.00745917,40.02,BTC-25JUL25-100000-P,110045.0,sell,0.1,0.1,,,,,,1751549913.248
6725,374282450,1751550401320,3,0.0075,0.00744364,39.94,BTC-25JUL25-100000-P,110002.59,buy,0.3,0.3,,,,,,1751550401.32
6726,374284989,1751550648120,2,0.007,0.00696308,40.0,BTC-25JUL25-100000-P,110380.39,buy,1.0,1.0,,,,,,1751550648.12
6727,374288139,1751551012268,0,0.0075,0.00698295,41.01,BTC-25JUL25-100000-P,110401.66,buy,0.1,0.1,,,,,,1751551012.268
6728,374289385,1751551152697,1,0.0075,0.00708773,40.85,BTC-25JUL25-100000-P,110345.09,buy,0.3,0.3,,,,,,1751551152.697
6729,374290501,1751551277407,1,0.0075,0.00707684,40.9,BTC-25JUL25-100000-P,110348.17,buy,0.2,0.2,,,,,,1751551277.407
6730,374293834,1751552144690,1,0.0075,0.00759421,40.11,BTC-25JUL25-100000-P,110038.41,buy,5.0,5.0,,,,,,1751552144.69
6731,374295126,1751552296361,0,0.008,0.00745879,41.25,BTC-25JUL25-100000-P,110140.52,buy,0.1,0.1,,,,,,1751552296.361
6732,374296565,1751552834716,1,0.008,0.00757082,41.21,BTC-25JUL25-100000-P,110124.9,buy,0.6,0.6,,,,,,1751552834.716
6733,374296566,1751552834716,1,0.008,0.00757082,41.21,BTC-25JUL25-100000-P,110124.9,buy,1.9,1.9,,,,,,1751552834.716
6734,374297011,1751552989360,1,0.008,0.00777695,40.77,BTC-25JUL25-100000-P,109947.05,buy,0.3,0.3,,,,,,1751552989.36
6735,374297607,1751553145618,1,0.008,0.00786168,40.58,BTC-25JUL25-100000-P,109874.51,buy,0.7,0.7,,,,,,1751553145.618
6736,374298501,1751553491925,1,0.008,0.00775519,40.64,BTC-25JUL25-100000-P,109916.79,buy,0.9,0.9,,,,,,1751553491.925
6737,374298653,1751553646503,1,0.008,0.00777198,40.64,BTC-25JUL25-100000-P,109919.12,buy,0.3,0.3,,,,,,1751553646.503
6738,374299963,1751554409005,0,0.0085,0.00807188,40.9,BTC-25JUL25-100000-P,109677.06,buy,0.1,0.1,,,,,,1751554409.005
6739,374300646,1751554821242,2,0.008,0.00787283,40.35,BTC-25JUL25-100000-P,109798.63,sell,0.3,0.3,,,,,,1751554821.242
6740,374300877,1751554960201,3,0.008,0.00789319,40.35,BTC-25JUL25-100000-P,109805.43,sell,0.1,0.1,,,,,,1751554960.201
6741,374301750,1751555113896,0,0.0085,0.00824536,40.58,BTC-25JUL25-100000-P,109556.9,buy,0.4,0.4,,,,,,1751555113.896
6742,374302348,1751555269990,1,0.0085,0.00838377,40.2,BTC-25JUL25-100000-P,109410.09,buy,0.5,0.5,,,,,,1751555269.99
6743,374305937,1751556906961,1,0.0085,0.00855033,39.67,BTC-25JUL25-100000-P,109207.72,buy,1.0,1.0,,,,,,1751556906.961
6744,374306190,1751556925452,1,0.0085,0.0084943,39.67,BTC-25JUL25-100000-P,109210.59,buy,1.0,1.0,,,,,,1751556925.452
6745,374306285,1751556932127,1,0.0085,0.00846735,39.7,BTC-25JUL25-100000-P,109216.49,buy,1.0,1.0,,,,,,1751556932.127
6746,374308164,1751558134432,1,0.0085,0.00831481,39.67,BTC-25JUL25-100000-P,109193.41,buy,1.0,1.0,,,,,,1751558134.432
6747,374311413,1751560739456,2,0.0075,0.00772123,38.4,BTC-25JUL25-100000-P,109337.21,sell,1.0,1.0,,,,,,1751560739.456
6748,374312207,1751561136779,3,0.0075,0.00759605,38.74,BTC-25JUL25-100000-P,109475.0,sell,10.0,10.0,,,,,,1751561136.779
6750,374317585,1751566724832,3,0.0075,0.00736108,38.6,BTC-25JUL25-100000-P,109386.95,buy,0.1,0.1,,,,,,1751566724.832
6749,374317584,1751566724832,3,0.0075,0.00736108,38.6,BTC-25JUL25-100000-P,109386.95,buy,0.9,0.9,,,,,,1751566724.832
6751,374319339,1751568790534,3,0.0075,0.00695532,39.32,BTC-25JUL25-100000-P,109663.17,buy,5.0,5.0,,,,,,1751568790.534
6753,374326621,1751577398298,3,0.007,0.00686823,38.85,BTC-25JUL25-100000-P,109798.35,buy,9.1,9.1,,,,,,1751577398.298
6752,374326620,1751577398298,2,0.007,0.00686823,38.85,BTC-25JUL25-100000-P,109798.35,buy,5.5,5.5,,,,,,1751577398.298
6754,374332808,1751583618884,2,0.0065,0.00700956,37.58,BTC-25JUL25-100000-P,109739.92,sell,0.1,0.1,,,,,,1751583618.884
6756,374334709,1751585717795,1,0.007,0.00727361,38.21,BTC-25JUL25-100000-P,109620.73,sell,1.0,1.0,,,,,,1751585717.795
6755,374334708,1751585717795,0,0.007,0.00727361,38.21,BTC-25JUL25-100000-P,109620.73,sell,1.0,1.0,,,,,,1751585717.795
6757,374334710,1751585720409,1,0.007,0.00727353,38.21,BTC-25JUL25-100000-P,109620.73,sell,1.0,1.0,,,,,,1751585720.409
6758,374334711,1751585720409,1,0.007,0.00727353,38.21,BTC-25JUL25-100000-P,109620.73,sell,1.0,1.0,,,,,,1751585720.409
6759,374337041,1751587819025,1,0.007,0.00722845,38.29,BTC-25JUL25-100000-P,109650.69,sell,0.1,0.1,,,,,,1751587819.025
6760,374337473,1751587994286,1,0.007,0.00730581,38.14,BTC-25JUL25-100000-P,109602.72,sell,0.1,0.1,,,,,,1751587994.286
6761,374340695,1751589916123,2,0.0065,0.00708193,37.48,BTC-25JUL25-100000-P,109696.86,sell,0.1,0.1,,,,,,1751589916.123
6762,374345173,1751592016072,3,0.0065,0.00707071,37.33,BTC-25JUL25-100000-P,109646.25,sell,0.1,0.1,,,,,,1751592016.072
6763,374349987,1751594166879,0,0.007,0.00716724,37.98,BTC-25JUL25-100000-P,109561.7,sell,0.1,0.1,,,,,,1751594166.879
6764,374355995,1751596402381,0,0.0075,0.00736175,38.12,BTC-25JUL25-100000-P,109240.34,sell,1.0,1.0,,,,,,1751596402.381
6765,374356088,1751596420768,1,0.0075,0.0074129,38.13,BTC-25JUL25-100000-P,109241.84,buy,1.0,1.0,,,,,,1751596420.768
6766,374356096,1751596439459,1,0.0075,0.00742013,38.13,BTC-25JUL25-100000-P,109242.92,buy,0.3,0.3,,,,,,1751596439.459
6767,374356097,1751596439463,1,0.0075,0.00742013,38.13,BTC-25JUL25-100000-P,109242.92,sell,0.6,0.6,,,,,,1751596439.463
6768,374356365,1751596516020,1,0.0075,0.00744121,38.15,BTC-25JUL25-100000-P,109248.87,sell,1.0,1.0,,,,,,1751596516.02
6769,374374790,1751605826199,1,0.0075,0.00739003,38.18,BTC-25JUL25-100000-P,109197.89,sell,1.0,1.0,,,,,,1751605826.199
6770,374375642,1751606461636,1,0.0075,0.0075798,37.89,BTC-25JUL25-100000-P,109102.35,sell,10.0,10.0,11.0,BLOCK-208623,,,,1751606461.636
6771,374382723,1751609760371,1,0.0075,0.00769788,37.49,BTC-25JUL25-100000-P,108885.17,sell,1.0,1.0,,,,,,1751609760.371
6772,374386073,1751611577046,1,0.0075,0.00729292,37.76,BTC-25JUL25-100000-P,108964.58,buy,2.0,2.0,,,,,,1751611577.046
6773,374386536,1751611897154,1,0.0075,0.00722398,37.92,BTC-25JUL25-100000-P,109032.38,buy,1.0,1.0,,,,,,1751611897.154
6774,374387131,1751612388153,2,0.007,0.00719304,37.13,BTC-25JUL25-100000-P,109056.07,sell,0.1,0.1,,,,,,1751612388.153
6775,374390924,1751613974663,0,0.0075,0.00775152,37.5,BTC-25JUL25-100000-P,108846.54,sell,2.0,2.0,,,,,,1751613974.663
6776,374397645,1751616954390,1,0.0075,0.00772773,36.77,BTC-25JUL25-100000-P,108592.38,sell,0.1,0.1,,,,,,1751616954.39
6777,374399615,1751617781095,0,0.008,0.00753309,38.19,BTC-25JUL25-100000-P,108836.17,buy,0.1,0.1,,,,,,1751617781.095
6778,374400787,1751618280840,2,0.0075,0.00751327,37.42,BTC-25JUL25-100000-P,108866.69,sell,0.9,0.9,,,,,,1751618280.84
6781,374403154,1751619913382,3,0.007,0.00716698,36.59,BTC-25JUL25-100000-P,108889.41,sell,2.0,2.0,,,,,,1751619913.382
6779,374403152,1751619913382,2,0.007,0.00716698,36.59,BTC-25JUL25-100000-P,108889.41,sell,0.6,0.6,,,,,,1751619913.382
6780,374403153,1751619913382,3,0.007,0.00716698,36.59,BTC-25JUL25-100000-P,108889.41,sell,5.0,5.0,,,,,,1751619913.382
6782,374403155,1751619913411,3,0.007,0.00716698,36.59,BTC-25JUL25-100000-P,108889.41,buy,1.5,1.5,,,,,,1751619913.411
6783,374403191,1751619969397,2,0.0065,0.00713732,35.64,BTC-25JUL25-100000-P,108875.65,sell,0.1,0.1,,,,,,1751619969.397
6784,374403336,1751620186798,0,0.007,0.00695924,36.61,BTC-25JUL25-100000-P,108900.54,buy,4.2,4.2,,,,,,1751620186.798
6785,374403337,1751620186798,1,0.007,0.00695924,36.61,BTC-25JUL25-100000-P,108900.54,buy,0.1,0.1,,,,,,1751620186.798
6786,374403607,1751620519717,1,0.007,0.0069678,36.71,BTC-25JUL25-100000-P,108930.88,sell,0.7,0.7,,,,,,1751620519.717
6787,374407086,1751623876685,2,0.0065,0.00671239,36.25,BTC-25JUL25-100000-P,109090.75,sell,3.0,3.0,,,,,,1751623876.685
6788,374408173,1751625478905,3,0.0065,0.00681463,35.85,BTC-25JUL25-100000-P,108950.0,sell,5.0,5.0,,,,,,1751625478.905
6789,374408723,1751626225018,2,0.006,0.0065831,34.95,BTC-25JUL25-100000-P,108946.38,sell,0.4,0.4,,,,,,1751626225.018
6790,374408724,1751626225025,3,0.006,0.0065831,34.95,BTC-25JUL25-100000-P,108946.38,sell,0.1,0.1,,,,,,1751626225.025
6791,374409262,1751627462685,0,0.0065,0.00623001,36.24,BTC-25JUL25-100000-P,109083.94,buy,0.1,0.1,,,,,,1751627462.685
6792,374409314,1751627615067,2,0.006,0.00627432,35.22,BTC-25JUL25-100000-P,109064.46,sell,0.1,0.1,,,,,,1751627615.067
6793,374409705,1751628302483,3,0.006,0.00620616,35.26,BTC-25JUL25-100000-P,109070.23,sell,0.1,0.1,,,,,,1751628302.483
6794,374411564,1751630581289,3,0.006,0.00626364,35.08,BTC-25JUL25-100000-P,108988.2,sell,0.1,0.1,,,,,,1751630581.289
6795,374411692,1751630712879,3,0.006,0.0062505,35.09,BTC-25JUL25-100000-P,108991.49,sell,0.1,0.1,,,,,,1751630712.879
6796,374412292,1751631464251,0,0.0065,0.00633947,35.75,BTC-25JUL25-100000-P,108882.96,buy,2.0,2.0,,,,,,1751631464.251
6798,374412294,1751631464251,1,0.0065,0.00633947,35.75,BTC-25JUL25-100000-P,108882.96,buy,5.0,5.0,,,,,,1751631464.251
6797,374412293,1751631464251,1,0.0065,0.00633947,35.75,BTC-25JUL25-100000-P,108882.96,buy,0.9,0.9,,,,,,1751631464.251
6800,374412296,1751631470295,1,0.0065,0.00629758,35.82,BTC-25JUL25-100000-P,108905.17,buy,2.0,2.0,,,,,,1751631470.295
6799,374412295,1751631470295,1,0.0065,0.00629758,35.82,BTC-25JUL25-100000-P,108905.17,buy,2.2,2.2,,,,,,1751631470.295
6801,374413448,1751633372786,0,0.007,0.00654686,36.43,BTC-25JUL25-100000-P,108780.3,buy,0.1,0.1,,,,,,1751633372.786
6802,374413450,1751633394796,1,0.007,0.00654635,36.42,BTC-25JUL25-100000-P,108776.41,buy,0.9,0.9,,,,,,1751633394.796
6803,374413451,1751633394796,1,0.007,0.00654635,36.42,BTC-25JUL25-100000-P,108776.41,buy,4.0,4.0,,,,,,1751633394.796
6804,374414823,1751634521358,2,0.0066,0.00644283,35.84,BTC-25JUL25-100000-P,108826.63,buy,100.0,100.0,2.0,BLOCK-208711,,BTC-PS-25JUL25-100000_95000,,1751634521.358
6805,374417880,1751636047371,0,0.007,0.0070235,35.5,BTC-25JUL25-100000-P,108384.93,buy,0.1,0.1,,,,,,1751636047.371
6806,374420384,1751636933226,1,0.007,0.007175,35.3,BTC-25JUL25-100000-P,108274.98,buy,0.5,0.5,,,,,,1751636933.226
6807,374425477,1751638083666,0,0.008,0.00809817,35.93,BTC-25JUL25-100000-P,107873.97,buy,0.1,0.1,,,,,,1751638083.666
6808,374426632,1751638174916,0,0.0085,0.00826303,36.47,BTC-25JUL25-100000-P,107775.0,buy,0.5,0.5,,,,,,1751638174.916
6809,374428580,1751638471187,1,0.0085,0.00841031,36.49,BTC-25JUL25-100000-P,107792.05,sell,0.2,0.2,,,,,,1751638471.187
6810,374430707,1751638828988,0,0.0097,0.00905782,37.82,BTC-25JUL25-100000-P,107581.09,buy,100.0,100.0,1.0,BLOCK-208733,,,,1751638828.988
6811,374431224,1751638865363,0,0.0098,0.00897868,38.16,BTC-25JUL25-100000-P,107642.56,buy,100.0,100.0,1.0,BLOCK-208734,,,,1751638865.363
6812,374431555,1751638893840,2,0.0095,0.00887201,38.01,BTC-25JUL25-100000-P,107751.51,buy,25.0,25.0,1.0,BLOCK-208735,,,,1751638893.84
6813,374431656,1751638902887,2,0.009,0.0090233,37.03,BTC-25JUL25-100000-P,107693.59,sell,0.1,0.1,,,,,,1751638902.887
6814,374431657,1751638904929,3,0.009,0.00904192,37.03,BTC-25JUL25-100000-P,107694.72,sell,0.1,0.1,,,,,,1751638904.929
6815,374431661,1751638905991,3,0.009,0.00904948,37.03,BTC-25JUL25-100000-P,107695.16,sell,0.1,0.1,,,,,,1751638905.991
6816,374433774,1751639296456,3,0.009,0.00877208,38.13,BTC-25JUL25-100000-P,108124.85,buy,0.1,0.1,,,,,,1751639296.456
6817,374435055,1751639723192,0,0.0095,0.00944399,38.09,BTC-25JUL25-100000-P,107844.21,buy,1.0,1.0,,,,,,1751639723.192
6818,374435102,1751639741361,1,0.0095,0.00945154,38.08,BTC-25JUL25-100000-P,107841.53,buy,1.0,1.0,,,,,,1751639741.361
6819,374435251,1751639771523,1,0.0095,0.00940121,38.1,BTC-25JUL25-100000-P,107848.95,buy,1.0,1.0,,,,,,1751639771.523
6820,374436442,1751640297009,2,0.009,0.00917462,37.85,BTC-25JUL25-100000-P,108032.0,sell,0.1,0.1,,,,,,1751640297.009
6821,374436722,1751640367134,0,0.0095,0.00938788,38.3,BTC-25JUL25-100000-P,107911.18,buy,0.2,0.2,,,,,,1751640367.134
6822,374436816,1751640430117,1,0.0095,0.0094096,38.23,BTC-25JUL25-100000-P,107889.04,buy,5.2,5.2,,,,,,1751640430.117
6823,374437168,1751640625554,1,0.0095,0.00951702,38.18,BTC-25JUL25-100000-P,107871.96,sell,0.1,0.1,,,,,,1751640625.554
6824,374438088,1751641191691,1,0.0095,0.00968901,38.14,BTC-25JUL25-100000-P,107858.68,sell,0.1,0.1,,,,,,1751641191.691
6826,374439434,1751641952312,1,0.01,0.0098539,39.05,BTC-25JUL25-100000-P,107886.26,sell,0.2,0.2,,,,,,1751641952.312
6825,374439433,1751641952312,0,0.01,0.0098539,39.05,BTC-25JUL25-100000-P,107886.26,sell,1.0,1.0,,,,,,1751641952.312
6827,374440097,1751642404721,0,0.0105,0.0102304,39.34,BTC-25JUL25-100000-P,107719.55,buy,0.1,0.1,,,,,,1751642404.721
6828,374440170,1751642439611,2,0.01,0.0102352,38.55,BTC-25JUL25-100000-P,107703.92,sell,1.0,1.0,,,,,,1751642439.611
6830,374441068,1751642689955,3,0.01,0.00973503,39.33,BTC-25JUL25-100000-P,107948.44,buy,0.1,0.1,,,,,,1751642689.955
6829,374441067,1751642689955,3,0.01,0.00973503,39.33,BTC-25JUL25-100000-P,107948.44,buy,0.1,0.1,,,,,,1751642689.955
6831,374441795,1751643110544,3,0.01,0.00988306,39.08,BTC-25JUL25-100000-P,107860.68,buy,0.9,0.9,,,,,,1751643110.544
6832,374441965,1751643227207,3,0.01,0.01001237,38.8,BTC-25JUL25-100000-P,107761.16,buy,0.6,0.6,,,,,,1751643227.207
6833,374442772,1751643829940,3,0.01,0.0098449,38.8,BTC-25JUL25-100000-P,107763.36,buy,0.1,0.1,,,,,,1751643829.94
6835,374442801,1751643857165,3,0.0095,0.00978852,38.1,BTC-25JUL25-100000-P,107790.6,sell,0.1,0.1,,,,,,1751643857.165
6836,374442802,1751643857165,3,0.0095,0.00978852,38.1,BTC-25JUL25-100000-P,107790.6,sell,7.7,7.7,,,,,,1751643857.165
6834,374442800,1751643857165,2,0.0095,0.00978852,38.1,BTC-25JUL25-100000-P,107790.6,sell,1.5,1.5,,,,,,1751643857.165
6837,374444822,1751645063384,0,0.0105,0.01001459,39.26,BTC-25JUL25-100000-P,107653.0,buy,0.1,0.1,,,,,,1751645063.384
6838,374446271,1751645570919,1,0.0105,0.01011673,39.01,BTC-25JUL25-100000-P,107581.55,buy,0.1,0.1,,,,,,1751645570.919
6839,374447765,1751645919263,0,0.011,0.0103628,39.54,BTC-25JUL25-100000-P,107503.95,buy,0.1,0.1,,,,,,1751645919.263
6840,374448274,1751646058595,1,0.011,0.01062735,39.23,BTC-25JUL25-100000-P,107400.74,buy,0.1,0.1,,,,,,1751646058.595
6841,374450477,1751647079049,2,0.01,0.01011848,38.79,BTC-25JUL25-100000-P,107759.96,sell,0.1,0.1,,,,,,1751647079.049
6842,374451470,1751648405366,3,0.01,0.01040927,38.53,BTC-25JUL25-100000-P,107656.97,sell,0.2,0.2,,,,,,1751648405.366
6843,374452817,1751649427420,2,0.0095,0.00997923,38.29,BTC-25JUL25-100000-P,107838.24,sell,0.1,0.1,,,,,,1751649427.42
6844,374456945,1751655701288,0,0.0105,0.01049254,39.03,BTC-25JUL25-100000-P,107488.97,buy,0.1,0.1,,,,,,1751655701.288
6845,374459260,1751657404318,0,0.011,0.01077682,39.27,BTC-25JUL25-100000-P,107311.82,buy,0.3,0.3,,,,,,1751657404.318
6846,374459598,1751657571301,2,0.0105,0.01074552,38.67,BTC-25JUL25-100000-P,107365.32,sell,1.0,1.0,,,,,,1751657571.301
6847,374462211,1751661872886,3,0.0105,0.01053116,39.8,BTC-25JUL25-100000-P,107797.22,sell,0.1,0.1,,,,,,1751661872.886
6848,374465773,1751667454119,2,0.01,0.00985696,39.92,BTC-25JUL25-100000-P,108080.99,buy,0.3,0.3,,,,,,1751667454.119
6849,374465774,1751667454153,3,0.01,0.00985696,39.92,BTC-25JUL25-100000-P,108080.99,sell,0.1,0.1,,,,,,1751667454.153
6850,374468200,1751670343704,3,0.01,0.00977405,40.09,BTC-25JUL25-100000-P,108137.4,buy,0.4,0.4,,,,,,1751670343.704
6851,374468216,1751670355050,3,0.01,0.00977895,40.08,BTC-25JUL25-100000-P,108136.17,buy,0.4,0.4,,,,,,1751670355.05
6853,374468650,1751672153377,3,0.0095,0.00971817,39.29,BTC-25JUL25-100000-P,108121.53,sell,1.3,1.3,,,,,,1751672153.377
6852,374468649,1751672153377,2,0.0095,0.00971817,39.29,BTC-25JUL25-100000-P,108121.53,sell,0.8,0.8,,,,,,1751672153.377
6854,374468987,1751672854404,0,0.01,0.00992286,39.89,BTC-25JUL25-100000-P,108041.38,sell,0.1,0.1,,,,,,1751672854.404
6855,374469031,1751672901057,1,0.01,0.00988981,39.95,BTC-25JUL25-100000-P,108055.72,sell,0.3,0.3,,,,,,1751672901.057
6856,374469050,1751672911078,1,0.01,0.00985699,40.0,BTC-25JUL25-100000-P,108073.55,buy,0.4,0.4,,,,,,1751672911.078
6857,374469571,1751674518906,1,0.01,0.00996115,39.95,BTC-25JUL25-100000-P,108061.55,sell,0.4,0.4,,,,,,1751674518.906
6858,374469580,1751674526844,1,0.01,0.00994688,39.97,BTC-25JUL25-100000-P,108066.94,buy,0.4,0.4,,,,,,1751674526.844
6859,374471402,1751678179456,1,0.01,0.00975772,40.03,BTC-25JUL25-100000-P,108085.56,buy,0.4,0.4,,,,,,1751678179.456
6860,374471418,1751678189839,1,0.01,0.00976715,40.01,BTC-25JUL25-100000-P,108077.34,buy,0.2,0.2,,,,,,1751678189.839
6861,374471419,1751678189839,1,0.01,0.00976715,40.01,BTC-25JUL25-100000-P,108077.34,buy,0.2,0.2,,,,,,1751678189.839
6862,374471612,1751678297483,1,0.01,0.00986291,39.8,BTC-25JUL25-100000-P,108001.67,buy,0.1,0.1,,,,,,1751678297.483
6863,374471613,1751678297483,1,0.01,0.00986291,39.8,BTC-25JUL25-100000-P,108001.67,buy,0.3,0.3,,,,,,1751678297.483
6864,374472450,1751680458379,2,0.0095,0.0096263,39.02,BTC-25JUL25-100000-P,107984.4,sell,0.6,0.6,,,,,,1751680458.379
6865,374472451,1751680458381,3,0.0095,0.0096263,39.02,BTC-25JUL25-100000-P,107984.4,buy,6.4,6.4,,,,,,1751680458.381
6866,374473433,1751682428370,3,0.0095,0.00961919,38.78,BTC-25JUL25-100000-P,107916.73,sell,0.3,0.3,,,,,,1751682428.37
6867,374474575,1751684460122,2,0.009,0.00915677,38.65,BTC-25JUL25-100000-P,108134.5,sell,0.1,0.1,,,,,,1751684460.122
6868,374474576,1751684485619,3,0.009,0.00915212,38.65,BTC-25JUL25-100000-P,108135.9,sell,0.1,0.1,,,,,,1751684485.619
6869,374476286,1751687535476,3,0.009,0.0090467,38.8,BTC-25JUL25-100000-P,108192.75,sell,0.1,0.1,,,,,,1751687535.476
6870,374476301,1751687706418,3,0.009,0.00902725,38.83,BTC-25JUL25-100000-P,108200.95,sell,0.1,0.1,,,,,,1751687706.418
6871,374477263,1751689136332,3,0.009,0.00924017,38.61,BTC-25JUL25-100000-P,108107.12,sell,0.1,0.1,,,,,,1751689136.332
6872,374477390,1751689702549,3,0.009,0.0090088,38.9,BTC-25JUL25-100000-P,108186.09,sell,0.1,0.1,,,,,,1751689702.549
6873,374479725,1751693941895,3,0.009,0.00904075,38.56,BTC-25JUL25-100000-P,108088.92,buy,8.0,8.0,,,,,,1751693941.895
6874,374479732,1751693994152,3,0.009,0.00903773,38.56,BTC-25JUL25-100000-P,108087.15,buy,4.0,4.0,,,,,,1751693994.152
6875,374481161,1751698893780,2,0.0085,0.00868371,38.43,BTC-25JUL25-100000-P,108306.7,buy,0.1,0.1,,,,,,1751698893.78
6876,374487861,1751708944147,3,0.0085,0.00853116,38.0,BTC-25JUL25-100000-P,108116.96,sell,0.1,0.1,,,,,,1751708944.147
6877,374488036,1751709446946,0,0.009,0.00860944,38.8,BTC-25JUL25-100000-P,108118.98,buy,1.0,1.0,,,,,,1751709446.946
6878,374490752,1751718562423,1,0.009,0.00897242,38.69,BTC-25JUL25-100000-P,108052.64,buy,0.1,0.1,,,,,,1751718562.423
6879,374491040,1751719242067,1,0.009,0.00890919,38.76,BTC-25JUL25-100000-P,108066.37,buy,0.1,0.1,,,,,,1751719242.067
6880,374491425,1751720070849,1,0.009,0.00872809,39.01,BTC-25JUL25-100000-P,108155.65,buy,0.1,0.1,,,,,,1751720070.849
6881,374493573,1751726866253,2,0.008,0.00853556,37.47,BTC-25JUL25-100000-P,108187.23,sell,0.9,0.9,,,,,,1751726866.253
6882,374493574,1751726867014,3,0.008,0.00853556,37.47,BTC-25JUL25-100000-P,108187.23,sell,0.1,0.1,,,,,,1751726867.014
6884,374494215,1751730105384,1,0.009,0.00860662,39.03,BTC-25JUL25-100000-P,108124.49,buy,5.9,5.9,,,,,,1751730105.384
6883,374494214,1751730105384,0,0.009,0.00860662,39.03,BTC-25JUL25-100000-P,108124.49,buy,1.6,1.6,,,,,,1751730105.384
6885,374494228,1751730177065,1,0.009,0.00864045,38.99,BTC-25JUL25-100000-P,108115.62,buy,1.5,1.5,,,,,,1751730177.065
6886,374494229,1751730181539,1,0.009,0.00864194,38.99,BTC-25JUL25-100000-P,108115.58,buy,1.5,1.5,,,,,,1751730181.539
6887,374494244,1751730287778,1,0.009,0.00866451,39.01,BTC-25JUL25-100000-P,108110.62,buy,1.0,1.0,,,,,,1751730287.778
6888,374496259,1751735074653,1,0.009,0.00893824,38.93,BTC-25JUL25-100000-P,108090.36,buy,0.5,0.5,,,,,,1751735074.653
6889,374506972,1751778653143,1,0.009,0.00850191,39.22,BTC-25JUL25-100000-P,108017.55,buy,1.0,1.0,,,,,,1751778653.143
6890,374506973,1751778653143,1,0.009,0.00850191,39.22,BTC-25JUL25-100000-P,108017.55,buy,0.7,0.7,,,,,,1751778653.143
6891,374506974,1751778653143,1,0.009,0.00850191,39.22,BTC-25JUL25-100000-P,108017.55,buy,0.3,0.3,,,,,,1751778653.143
6893,374508059,1751782652614,3,0.0085,0.00833176,38.97,BTC-25JUL25-100000-P,108193.85,sell,0.5,0.5,,,,,,1751782652.614
6892,374508058,1751782652614,2,0.0085,0.00833176,38.97,BTC-25JUL25-100000-P,108193.85,sell,0.5,0.5,,,,,,1751782652.614
6894,374508776,1751785087432,2,0.008,0.00848865,38.02,BTC-25JUL25-100000-P,108166.41,sell,0.2,0.2,,,,,,1751785087.432
6899,374512662,1751794096760,3,0.008,0.00851203,37.78,BTC-25JUL25-100000-P,108046.23,sell,0.4,0.4,,,,,,1751794096.76
6895,374512658,1751794096760,3,0.008,0.00851203,37.78,BTC-25JUL25-100000-P,108046.23,sell,1.0,1.0,,,,,,1751794096.76
6898,374512661,1751794096760,3,0.008,0.00851203,37.78,BTC-25JUL25-100000-P,108046.23,sell,1.0,1.0,,,,,,1751794096.76
6897,374512660,1751794096760,3,0.008,0.00851203,37.78,BTC-25JUL25-100000-P,108046.23,sell,1.6,1.6,,,,,,1751794096.76
6896,374512659,1751794096760,3,0.008,0.00851203,37.78,BTC-25JUL25-100000-P,108046.23,sell,1.0,1.0,,,,,,1751794096.76
6901,374515625,1751801678281,1,0.0085,0.0087306,38.71,BTC-25JUL25-100000-P,108019.16,sell,2.7,2.7,,,,,,1751801678.281
6900,374515624,1751801678281,0,0.0085,0.0087306,38.71,BTC-25JUL25-100000-P,108019.16,sell,0.3,0.3,,,,,,1751801678.281
6902,374515626,1751801678281,1,0.0085,0.0087306,38.71,BTC-25JUL25-100000-P,108019.16,sell,1.0,1.0,,,,,,1751801678.281
6903,374515677,1751802380644,1,0.0085,0.0086095,38.87,BTC-25JUL25-100000-P,108065.02,sell,0.2,0.2,,,,,,1751802380.644
6904,374521718,1751809459821,2,0.0075,0.00755083,39.05,BTC-25JUL25-100000-P,108721.87,sell,2.0,2.0,,,,,,1751809459.821
6905,374523821,1751809899869,2,0.007,0.00712677,38.82,BTC-25JUL25-100000-P,108954.4,sell,0.1,0.1,,,,,,1751809899.869
6906,374527032,1751811812292,0,0.0075,0.00743901,39.48,BTC-25JUL25-100000-P,108865.58,buy,0.3,0.3,,,,,,1751811812.292
6907,374527033,1751811812300,1,0.0075,0.00743901,39.48,BTC-25JUL25-100000-P,108865.58,sell,0.2,0.2,,,,,,1751811812.3
6908,374529370,1751814042228,2,0.007,0.00701404,38.9,BTC-25JUL25-100000-P,108966.41,sell,0.9,0.9,,,,,,1751814042.228
6909,374545669,1751829897191,3,0.007,0.0071833,37.93,BTC-25JUL25-100000-P,108513.63,sell,0.3,0.3,,,,,,1751829897.191
6910,374547975,1751834220109,2,0.0065,0.00674227,37.7,BTC-25JUL25-100000-P,108768.07,sell,0.1,0.1,,,,,,1751834220.109
6911,374547978,1751834226265,3,0.0065,0.00673371,37.72,BTC-25JUL25-100000-P,108773.76,sell,0.1,0.1,,,,,,1751834226.265
6912,374551746,1751837433048,2,0.006,0.00605914,38.72,BTC-25JUL25-100000-P,109493.56,sell,4.1,4.1,,,,,,1751837433.048
6914,374564045,1751845933807,3,0.006,0.00633001,38.3,BTC-25JUL25-100000-P,109266.79,sell,0.8,0.8,,,,,,1751845933.807
6913,374564044,1751845933807,3,0.006,0.00633001,38.3,BTC-25JUL25-100000-P,109266.79,sell,1.2,1.2,,,,,,1751845933.807
6915,374564270,1751846188948,3,0.006,0.00628607,38.28,BTC-25JUL25-100000-P,109275.5,sell,1.2,1.2,,,,,,1751846188.948
6916,374564271,1751846188948,3,0.006,0.00628607,38.28,BTC-25JUL25-100000-P,109275.5,sell,1.8,1.8,,,,,,1751846188.948
6917,374568860,1751851597522,0,0.0066,0.00658304,38.63,BTC-25JUL25-100000-P,108951.49,sell,3.0,3.0,,,374568859,BTC-PBUT-25JUL25-96000_100000_104000,,1751851597.522
6919,374568878,1751851634530,3,0.0065,0.00662789,38.36,BTC-25JUL25-100000-P,108930.61,sell,0.6,0.6,,,,,,1751851634.53
6918,374568877,1751851634530,2,0.0065,0.00662789,38.36,BTC-25JUL25-100000-P,108930.61,sell,0.4,0.4,,,,,,1751851634.53
6920,374568995,1751851849733,0,0.0066,0.00656816,38.83,BTC-25JUL25-100000-P,109018.23,buy,1.0,1.0,,,374568994,BTC-PBUT-25JUL25-96000_100000_104000,,1751851849.733
6921,374569216,1751851942581,2,0.006,0.00646195,37.77,BTC-25JUL25-100000-P,109064.15,sell,0.1,0.1,,,,,,1751851942.581
6922,374572580,1751854242931,2,0.0059,0.00593335,38.65,BTC-25JUL25-100000-P,109440.27,sell,1.0,1.0,,,374572579,BTC-PBUT-25JUL25-96000_100000_104000,,1751854242.931
6923,374576602,1751858749238,0,0.006,0.00596817,39.07,BTC-25JUL25-100000-P,109503.05,buy,0.1,0.1,,,,,,1751858749.238
6924,374577199,1751858842767,2,0.0057,0.00572731,38.99,BTC-25JUL25-100000-P,109714.29,buy,1.0,1.0,,,374577198,BTC-PBUT-25JUL25-96000_100000_104000,,1751858842.767
6925,374577661,1751859218360,0,0.006,0.00598873,39.2,BTC-25JUL25-100000-P,109567.64,buy,0.1,0.1,,,,,,1751859218.36
6926,374585192,1751873260103,0,0.007,0.00650046,39.71,BTC-25JUL25-100000-P,108934.4,buy,0.1,0.1,,,,,,1751873260.103
6927,374585193,1751873260103,1,0.007,0.00650046,39.71,BTC-25JUL25-100000-P,108934.4,buy,0.9,0.9,,,,,,1751873260.103
6928,374588190,1751876882994,1,0.007,0.00662792,39.79,BTC-25JUL25-100000-P,108926.63,buy,0.1,0.1,,,,,,1751876882.994
6929,374590145,1751878872383,2,0.0065,0.00650292,38.98,BTC-25JUL25-100000-P,108965.56,buy,0.1,0.1,,,,,,1751878872.383
6930,374590229,1751878894729,3,0.0065,0.00656081,38.9,BTC-25JUL25-100000-P,108939.9,sell,0.1,0.1,,,,,,1751878894.729
6931,374590230,1751878897930,3,0.0065,0.00656259,38.93,BTC-25JUL25-100000-P,108951.37,sell,0.2,0.2,,,,,,1751878897.93
6932,374590655,1751879991618,3,0.0065,0.0066875,38.62,BTC-25JUL25-100000-P,108821.73,sell,1.0,1.0,,,,,,1751879991.618
6933,374590662,1751880009021,3,0.0065,0.0066903,38.6,BTC-25JUL25-100000-P,108816.6,sell,1.0,1.0,,,,,,1751880009.021
6934,374590672,1751880026646,3,0.0065,0.00668008,38.61,BTC-25JUL25-100000-P,108817.26,sell,1.0,1.0,,,,,,1751880026.646
6935,374590698,1751880043154,3,0.0065,0.00668413,38.6,BTC-25JUL25-100000-P,108810.67,sell,0.6,0.6,,,,,,1751880043.154
6936,374597018,1751890784723,0,0.007,0.00715828,38.66,BTC-25JUL25-100000-P,108447.36,sell,1.9,1.9,,,,,,1751890784.723
6937,374597678,1751891695895,1,0.007,0.00704228,38.83,BTC-25JUL25-100000-P,108497.4,buy,0.1,0.1,,,,,,1751891695.895
6938,374597904,1751892034606,1,0.007,0.00711103,38.83,BTC-25JUL25-100000-P,108501.21,buy,0.1,0.1,,,,,,1751892034.606
6939,374599427,1751893732735,1,0.007,0.00706965,38.34,BTC-25JUL25-100000-P,108334.37,buy,0.1,0.1,,,,,,1751893732.735
6940,374604420,1751895817096,0,0.0075,0.00740439,38.53,BTC-25JUL25-100000-P,108056.89,buy,0.1,0.1,,,,,,1751895817.096
6942,374604480,1751895843787,1,0.0075,0.0073703,38.63,BTC-25JUL25-100000-P,108084.08,sell,0.2,0.2,,,,,,1751895843.787
6941,374604479,1751895843787,1,0.0075,0.0073703,38.63,BTC-25JUL25-100000-P,108084.08,sell,0.9,0.9,,,,,,1751895843.787
6943,374605068,1751896130547,1,0.0075,0.00737664,38.8,BTC-25JUL25-100000-P,108139.62,sell,1.2,1.2,,,,,,1751896130.547
6944,374606104,1751896720398,2,0.007,0.00683966,38.98,BTC-25JUL25-100000-P,108533.01,buy,0.1,0.1,,,,,,1751896720.398
6945,374606187,1751896762394,3,0.007,0.0068301,38.97,BTC-25JUL25-100000-P,108532.69,buy,0.2,0.2,,,,,,1751896762.394
6946,374606856,1751897078715,3,0.007,0.00678531,39.01,BTC-25JUL25-100000-P,108540.5,buy,0.4,0.4,,,,,,1751897078.715
6947,374607456,1751897379598,3,0.007,0.00684529,38.83,BTC-25JUL25-100000-P,108487.95,buy,0.5,0.5,,,,,,1751897379.598
6948,374608544,1751897861336,3,0.007,0.0070887,38.22,BTC-25JUL25-100000-P,108256.35,buy,0.1,0.1,,,,,,1751897861.336
6949,374608596,1751897891888,0,0.0075,0.00712894,39.03,BTC-25JUL25-100000-P,108212.99,buy,2.5,2.5,,,,,,1751897891.888
6950,374608705,1751898049901,1,0.0075,0.00727998,38.83,BTC-25JUL25-100000-P,108137.06,buy,0.1,0.1,,,,,,1751898049.901
6951,374608958,1751898219127,1,0.0075,0.00711938,39.11,BTC-25JUL25-100000-P,108230.35,buy,0.2,0.2,,,,,,1751898219.127
6952,374609140,1751898374065,1,0.0075,0.00710197,39.1,BTC-25JUL25-100000-P,108237.48,buy,0.3,0.3,,,,,,1751898374.065
6953,374609742,1751898852982,1,0.0075,0.00727752,38.7,BTC-25JUL25-100000-P,108102.01,buy,2.2,2.2,,,,,,1751898852.982
6954,374610252,1751899185491,1,0.0075,0.00733562,38.49,BTC-25JUL25-100000-P,108019.5,buy,1.0,1.0,,,,,,1751899185.491
6955,374610283,1751899215316,1,0.0075,0.00733276,38.48,BTC-25JUL25-100000-P,108017.89,buy,0.3,0.3,,,,,,1751899215.316
6956,374610647,1751899344844,2,0.007,0.00705474,38.11,BTC-25JUL25-100000-P,108209.79,buy,0.1,0.1,,,,,,1751899344.844
6957,374610685,1751899370266,0,0.0075,0.00709104,39.01,BTC-25JUL25-100000-P,108195.59,buy,0.3,0.3,,,,,,1751899370.266
6958,374610762,1751899495397,1,0.0075,0.00706197,38.96,BTC-25JUL25-100000-P,108194.86,buy,0.3,0.3,,,,,,1751899495.397
6959,374611216,1751899836757,2,0.007,0.0070257,38.08,BTC-25JUL25-100000-P,108219.6,buy,0.1,0.1,,,,,,1751899836.757
6960,374611807,1751900343743,3,0.007,0.00702878,38.1,BTC-25JUL25-100000-P,108231.0,buy,0.1,0.1,,,,,,1751900343.743
6961,374611998,1751900531225,3,0.007,0.00685403,38.41,BTC-25JUL25-100000-P,108333.65,buy,0.1,0.1,,,,,,1751900531.225
6962,374612083,1751900653745,3,0.007,0.00685548,38.4,BTC-25JUL25-100000-P,108330.67,buy,0.1,0.1,,,,,,1751900653.745
6963,374613025,1751901320511,2,0.0065,0.0066515,37.78,BTC-25JUL25-100000-P,108469.22,sell,0.3,0.3,,,,,,1751901320.511
6964,374613081,1751901347357,3,0.0065,0.0066207,37.84,BTC-25JUL25-100000-P,108490.58,sell,0.2,0.2,,,,,,1751901347.357
6965,374613103,1751901348680,3,0.0065,0.0066207,37.84,BTC-25JUL25-100000-P,108493.29,sell,0.1,0.1,,,,,,1751901348.68
6966,374614181,1751902042655,3,0.0065,0.00641254,38.07,BTC-25JUL25-100000-P,108570.29,buy,0.1,0.1,,,,,,1751902042.655
6967,374614600,1751902477689,3,0.0065,0.00645411,37.97,BTC-25JUL25-100000-P,108555.61,buy,0.1,0.1,,,,,,1751902477.689
6968,374617332,1751905199762,0,0.007,0.00686078,38.0,BTC-25JUL25-100000-P,108226.33,buy,1.0,1.0,,,,,,1751905199.762
6969,374617381,1751905217938,1,0.007,0.00688588,37.98,BTC-25JUL25-100000-P,108217.77,buy,1.0,1.0,,,,,,1751905217.938
6970,374618272,1751905414334,1,0.007,0.0068974,37.96,BTC-25JUL25-100000-P,108180.78,sell,1.0,1.0,,,,,,1751905414.334
6971,374618676,1751905614535,1,0.007,0.00695047,37.93,BTC-25JUL25-100000-P,108165.76,sell,0.5,0.5,,,,,,1751905614.535
6972,374618685,1751905621167,1,0.007,0.00690508,37.96,BTC-25JUL25-100000-P,108177.57,sell,0.5,0.5,,,,,,1751905621.167
6973,374618687,1751905621581,1,0.007,0.00690436,37.96,BTC-25JUL25-100000-P,108179.15,sell,0.5,0.5,,,,,,1751905621.581
6974,374618976,1751905871426,1,0.007,0.00674353,38.27,BTC-25JUL25-100000-P,108300.92,buy,0.1,0.1,,,,,,1751905871.426
6975,374622502,1751907797067,0,0.0075,0.00713173,38.03,BTC-25JUL25-100000-P,107878.37,buy,1.0,1.0,,,,,,1751907797.067
6976,374624091,1751908372063,2,0.007,0.00691517,37.58,BTC-25JUL25-100000-P,108028.09,buy,14.0,14.0,,,,,,1751908372.063
6977,374626666,1751910121211,2,0.0065,0.00675577,36.76,BTC-25JUL25-100000-P,108075.1,sell,0.1,0.1,,,,,,1751910121.211
6978,374627329,1751910517029,3,0.0065,0.00685735,36.47,BTC-25JUL25-100000-P,107982.69,sell,0.1,0.1,,,,,,1751910517.029
6979,374634947,1751915317023,3,0.0065,0.00695551,36.75,BTC-25JUL25-100000-P,108072.3,sell,0.1,0.1,,,,,,1751915317.023
6980,374635239,1751915626598,0,0.007,0.00686704,37.94,BTC-25JUL25-100000-P,108142.74,sell,0.4,0.4,,,,,,1751915626.598
6981,374635255,1751915637843,1,0.007,0.00686789,37.98,BTC-25JUL25-100000-P,108156.65,sell,0.1,0.1,,,,,,1751915637.843
6982,374635256,1751915637843,1,0.007,0.00686789,37.98,BTC-25JUL25-100000-P,108156.65,sell,0.5,0.5,,,,,,1751915637.843
6983,374636287,1751916836458,2,0.0065,0.00677138,37.23,BTC-25JUL25-100000-P,108238.08,sell,0.2,0.2,,,,,,1751916836.458
6984,374636657,1751917603033,0,0.007,0.00696286,37.79,BTC-25JUL25-100000-P,108110.29,sell,10.0,10.0,,,,,,1751917603.033
6985,374637147,1751918057373,1,0.007,0.00691527,37.82,BTC-25JUL25-100000-P,108118.51,sell,10.0,10.0,,,,,,1751918057.373
6986,374637778,1751918799151,1,0.007,0.00716147,37.21,BTC-25JUL25-100000-P,107895.16,buy,4.0,4.0,,,,,,1751918799.151
6987,374638890,1751920717023,2,0.0065,0.0067658,36.91,BTC-25JUL25-100000-P,108131.22,sell,0.1,0.1,,,,,,1751920717.023
6988,374640202,1751922817026,3,0.0065,0.00694829,36.49,BTC-25JUL25-100000-P,107971.15,sell,0.1,0.1,,,,,,1751922817.026
6989,374643189,1751924942875,3,0.0065,0.0066492,37.0,BTC-25JUL25-100000-P,108142.53,sell,0.1,0.1,,,,,,1751924942.875
6990,374647170,1751930580344,3,0.0065,0.00656658,37.19,BTC-25JUL25-100000-P,108188.88,sell,0.1,0.1,,,,,,1751930580.344
6991,374648105,1751931517025,2,0.006,0.00648952,36.37,BTC-25JUL25-100000-P,108263.53,sell,0.1,0.1,,,,,,1751931517.025
6992,374653541,1751936791610,0,0.0065,0.00646781,37.3,BTC-25JUL25-100000-P,108195.42,buy,1.0,1.0,,,,,,1751936791.61
6993,374654058,1751937603060,0,0.0068,0.00674077,37.43,BTC-25JUL25-100000-P,108038.19,buy,0.2,0.2,,,374654056,BTC-PSR12-25JUL25-100000_94000,,1751937603.06
6994,374655022,1751938714024,2,0.0065,0.00680071,36.83,BTC-25JUL25-100000-P,108016.19,sell,0.1,0.1,,,,,,1751938714.024
6995,374655205,1751938903738,0,0.007,0.00690318,37.58,BTC-25JUL25-100000-P,107945.68,buy,0.2,0.2,,,,,,1751938903.738
6996,374655206,1751938903740,1,0.007,0.00690318,37.58,BTC-25JUL25-100000-P,107945.68,sell,0.8,0.8,,,,,,1751938903.74
6997,374659365,1751941223983,1,0.007,0.00711274,37.09,BTC-25JUL25-100000-P,107758.6,sell,0.1,0.1,,,,,,1751941223.983
6998,374659425,1751941254423,2,0.0065,0.00699339,36.33,BTC-25JUL25-100000-P,107817.54,sell,0.1,0.1,,,,,,1751941254.423
6999,374659495,1751941303809,3,0.0065,0.00700056,36.32,BTC-25JUL25-100000-P,107825.1,sell,0.1,0.1,,,,,,1751941303.809
7000,374659504,1751941337501,3,0.0065,0.00703974,36.25,BTC-25JUL25-100000-P,107811.29,sell,0.1,0.1,,,,,,1751941337.501
7001,374661033,1751943281378,0,0.0075,0.00718461,37.96,BTC-25JUL25-100000-P,107724.88,buy,1.0,1.0,,,,,,1751943281.378
7002,374665407,1751952325136,2,0.0065,0.00654507,37.11,BTC-25JUL25-100000-P,108095.04,sell,0.5,0.5,,,,,,1751952325.136
7003,374665458,1751952427055,3,0.0065,0.00656856,37.08,BTC-25JUL25-100000-P,108091.65,sell,0.3,0.3,,,,,,1751952427.055
7004,374665485,1751952476266,3,0.0065,0.00656788,37.1,BTC-25JUL25-100000-P,108092.49,sell,0.3,0.3,,,,,,1751952476.266
7005,374665493,1751952535986,3,0.0065,0.00655811,37.12,BTC-25JUL25-100000-P,108092.23,sell,1.0,1.0,,,,,,1751952535.986
7006,374665500,1751952565781,3,0.0065,0.0065549,37.12,BTC-25JUL25-100000-P,108092.3,sell,1.0,1.0,,,,,,1751952565.781
7007,374665652,1751952793251,3,0.0065,0.00659808,37.03,BTC-25JUL25-100000-P,108066.68,sell,0.2,0.2,,,,,,1751952793.251
7008,374670127,1751958260191,2,0.0062,0.00621503,37.21,BTC-25JUL25-100000-P,108327.24,sell,0.2,0.2,,,374670126,BTC-PBUT-25JUL25-96000_100000_104000,,1751958260.191
7009,374670863,1751959070533,2,0.006,0.00620792,36.58,BTC-25JUL25-100000-P,108235.25,sell,0.1,0.1,,,,,,1751959070.533
7010,374671532,1751960203725,3,0.006,0.00599959,37.09,BTC-25JUL25-100000-P,108398.11,sell,0.4,0.4,,,,,,1751960203.725
7011,374671981,1751960956158,2,0.0055,0.00595006,36.12,BTC-25JUL25-100000-P,108422.16,sell,0.1,0.1,,,,,,1751960956.158
7012,374673632,1751962093875,3,0.0055,0.00559085,36.35,BTC-25JUL25-100000-P,108495.36,sell,0.2,0.2,,,,,,1751962093.875
7013,374673633,1751962093882,3,0.0055,0.00559085,36.35,BTC-25JUL25-100000-P,108495.36,buy,3.1,3.1,,,,,,1751962093.882
7014,374673634,1751962093896,3,0.0055,0.00559085,36.35,BTC-25JUL25-100000-P,108495.36,buy,0.1,0.1,,,,,,1751962093.896
7015,374673635,1751962093902,3,0.0055,0.00559085,36.35,BTC-25JUL25-100000-P,108495.36,buy,2.8,2.8,,,,,,1751962093.902
7017,374676901,1751968123329,3,0.005,0.00522467,35.37,BTC-25JUL25-100000-P,108489.42,sell,0.2,0.2,,,,,,1751968123.329
7016,374676900,1751968123329,2,0.005,0.00522467,35.37,BTC-25JUL25-100000-P,108489.42,sell,0.1,0.1,,,,,,1751968123.329
7018,374678922,1751971012378,3,0.005,0.00508492,36.07,BTC-25JUL25-100000-P,108726.13,sell,0.5,0.5,,,,,,1751971012.378
7019,374679530,1751971316349,3,0.005,0.00502615,36.46,BTC-25JUL25-100000-P,108865.73,sell,0.1,0.1,,,,,,1751971316.349
7020,374679536,1751971316616,3,0.005,0.00502615,36.46,BTC-25JUL25-100000-P,108865.73,sell,0.3,0.3,,,,,,1751971316.616
7021,374679560,1751971317270,3,0.005,0.00502598,36.46,BTC-25JUL25-100000-P,108865.78,sell,0.3,0.3,,,,,,1751971317.27
7022,374679574,1751971320854,3,0.005,0.00502506,36.49,BTC-25JUL25-100000-P,108878.36,sell,0.1,0.1,,,,,,1751971320.854
7023,374679623,1751971365994,3,0.005,0.00503408,36.47,BTC-25JUL25-100000-P,108877.92,sell,1.0,1.0,,,,,,1751971365.994
7024,374679655,1751971371634,2,0.0049,0.0050145,36.28,BTC-25JUL25-100000-P,108890.75,buy,0.8,0.8,,,374679654,BTC-PBUT-25JUL25-96000_100000_104000,,1751971371.634
7025,374679824,1751971596866,2,0.0048,0.00498679,35.95,BTC-25JUL25-100000-P,108858.47,buy,0.1,0.1,,,,,,1751971596.866
7026,374680067,1751971900388,3,0.0048,0.00488214,35.9,BTC-25JUL25-100000-P,108840.66,buy,0.1,0.1,,,,,,1751971900.388
7027,374680093,1751972013959,0,0.0049,0.00486004,36.12,BTC-25JUL25-100000-P,108833.13,buy,2.1,2.1,,,,,,1751972013.959
7028,374680096,1751972016653,1,0.0049,0.00485923,36.12,BTC-25JUL25-100000-P,108833.13,sell,0.1,0.1,,,,,,1751972016.653
7029,374680099,1751972071538,1,0.0049,0.00483973,36.17,BTC-25JUL25-100000-P,108851.64,sell,0.1,0.1,,,,,,1751972071.538
7030,374680177,1751972242974,0,0.005,0.00484057,36.42,BTC-25JUL25-100000-P,108855.61,buy,0.1,0.1,,,,,,1751972242.974
7031,374680178,1751972242974,1,0.005,0.00484057,36.42,BTC-25JUL25-100000-P,108855.61,buy,0.7,0.7,,,,,,1751972242.974
7032,374680306,1751972431427,2,0.0049,0.0048289,36.25,BTC-25JUL25-100000-P,108870.65,sell,0.7,0.7,,,,,,1751972431.427
7034,374680698,1751972734502,3,0.0048,0.00466863,36.35,BTC-25JUL25-100000-P,108986.17,buy,10.0,10.0,,,,,,1751972734.502
7033,374680697,1751972734502,2,0.0048,0.00466863,36.35,BTC-25JUL25-100000-P,108986.17,buy,0.1,0.1,,,,,,1751972734.502
7035,374680755,1751972782579,0,0.0049,0.00467895,36.63,BTC-25JUL25-100000-P,109007.39,buy,4.0,4.0,,,,,,1751972782.579
7036,374680770,1751972799688,1,0.0049,0.0046817,36.62,BTC-25JUL25-100000-P,109005.84,sell,1.9,1.9,,,,,,1751972799.688
7037,374682031,1751974872705,2,0.0047,0.00470384,35.96,BTC-25JUL25-100000-P,108897.87,sell,0.1,0.1,,,,,,1751974872.705
7038,374682979,1751975515635,0,0.0048,0.00479824,35.88,BTC-25JUL25-100000-P,108775.69,buy,0.1,0.1,,,,,,1751975515.635
7039,374682984,1751975524827,2,0.0047,0.0048151,35.65,BTC-25JUL25-100000-P,108776.5,sell,0.1,0.1,,,,,,1751975524.827
7040,374682985,1751975524829,3,0.0047,0.0048151,35.65,BTC-25JUL25-100000-P,108776.5,buy,2.9,2.9,,,,,,1751975524.829
7041,374686467,1751979281943,2,0.0046,0.00465392,35.8,BTC-25JUL25-100000-P,108881.44,sell,0.1,0.1,,,,,,1751979281.943
7042,374689901,1751981880314,0,0.0049,0.00485214,36.08,BTC-25JUL25-100000-P,108700.21,buy,0.1,0.1,,,,,,1751981880.314
7043,374689948,1751981899263,1,0.0049,0.004833,36.12,BTC-25JUL25-100000-P,108713.98,sell,0.1,0.1,,,,,,1751981899.263
7044,374690393,1751982067114,1,0.0049,0.00470159,36.43,BTC-25JUL25-100000-P,108825.27,buy,0.1,0.1,,,,,,1751982067.114
7045,374690394,1751982067117,1,0.0049,0.00470159,36.43,BTC-25JUL25-100000-P,108825.27,sell,0.3,0.3,,,,,,1751982067.117
7046,374690517,1751982097541,0,0.005,0.00472735,36.64,BTC-25JUL25-100000-P,108821.94,buy,0.8,0.8,,,,,,1751982097.541
7047,374690920,1751982237549,2,0.0048,0.00463737,36.47,BTC-25JUL25-100000-P,108936.46,buy,0.1,0.1,,,,,,1751982237.549
7048,374692485,1751982630786,0,0.0049,0.0047753,36.78,BTC-25JUL25-100000-P,108974.64,buy,0.1,0.1,,,,,,1751982630.786
7049,374692804,1751982815940,0,0.005,0.00479037,37.05,BTC-25JUL25-100000-P,108977.5,buy,0.1,0.1,,,,,,1751982815.94
7050,374692881,1751982843394,1,0.005,0.00473097,37.16,BTC-25JUL25-100000-P,109022.31,buy,0.1,0.1,,,,,,1751982843.394
7051,374693818,1751983628074,1,0.005,0.00512033,36.39,BTC-25JUL25-100000-P,108740.8,buy,0.1,0.1,,,,,,1751983628.074
7052,374694902,1751983991082,0,0.0055,0.00527538,37.13,BTC-25JUL25-100000-P,108597.9,buy,0.3,0.3,,,,,,1751983991.082
7053,374695611,1751984500968,1,0.0055,0.00530774,37.05,BTC-25JUL25-100000-P,108569.17,buy,1.2,1.2,,,,,,1751984500.968
7054,374696719,1751985007100,1,0.0055,0.00527169,36.85,BTC-25JUL25-100000-P,108502.57,buy,0.1,0.1,,,,,,1751985007.1
7055,374696920,1751985132274,1,0.0055,0.00519907,37.08,BTC-25JUL25-100000-P,108578.86,buy,0.4,0.4,,,,,,1751985132.274
7056,374697356,1751985429528,2,0.0051,0.00510258,36.55,BTC-25JUL25-100000-P,108715.24,buy,1.0,1.0,,,374697353,BTC-PBUT-25JUL25-96000_100000_104000,,1751985429.528
7057,374697730,1751985777231,0,0.0055,0.00521358,37.43,BTC-25JUL25-100000-P,108720.78,buy,0.1,0.1,,,,,,1751985777.231
7058,374700585,1751987186887,2,0.005,0.00518529,35.75,BTC-25JUL25-100000-P,108491.13,sell,0.2,0.2,,,,,,1751987186.887
7059,374711560,1751994302522,3,0.005,0.00506589,36.21,BTC-25JUL25-100000-P,108616.11,sell,1.0,1.0,,,,,,1751994302.522
7060,374711561,1751994302522,3,0.005,0.00506589,36.21,BTC-25JUL25-100000-P,108616.11,sell,5.0,5.0,,,,,,1751994302.522
7061,374726328,1752016038280,2,0.0046,0.00452685,36.34,BTC-25JUL25-100000-P,108933.64,buy,0.1,0.1,,,,,,1752016038.28
7062,374726329,1752016038285,3,0.0046,0.00452685,36.34,BTC-25JUL25-100000-P,108933.64,sell,0.2,0.2,,,,,,1752016038.285
7063,374726335,1752016043666,3,0.0046,0.00452289,36.35,BTC-25JUL25-100000-P,108934.3,sell,0.2,0.2,,,,,,1752016043.666
7064,374731714,1752024039903,3,0.0046,0.00454895,36.35,BTC-25JUL25-100000-P,108962.94,sell,0.2,0.2,,,374731713,BTC-PBUT-25JUL25-96000_100000_104000,,1752024039.903
7065,374732472,1752024601076,0,0.0047,0.0047372,36.17,BTC-25JUL25-100000-P,108815.04,buy,0.1,0.1,,,,,,1752024601.076
7066,374739741,1752034177338,0,0.005,0.00516395,36.22,BTC-25JUL25-100000-P,108449.49,sell,1.0,1.0,,,,,,1752034177.338
7067,374739742,1752034177338,1,0.005,0.00516395,36.22,BTC-25JUL25-100000-P,108449.49,sell,1.0,1.0,,,,,,1752034177.338
7068,374742024,1752037265988,2,0.0049,0.00511037,36.45,BTC-25JUL25-100000-P,108620.14,sell,2.0,2.0,,,,,,1752037265.988
7069,374742025,1752037265988,3,0.0049,0.00511037,36.45,BTC-25JUL25-100000-P,108620.14,sell,3.0,3.0,,,,,,1752037265.988
7070,374742234,1752037663621,3,0.0049,0.0049489,36.43,BTC-25JUL25-100000-P,108608.37,buy,0.1,0.1,,,,,,1752037663.621
7071,374742235,1752037663628,3,0.0049,0.0049489,36.43,BTC-25JUL25-100000-P,108608.37,sell,1.0,1.0,,,,,,1752037663.628
7072,374743245,1752039356934,2,0.0047,0.00470552,36.07,BTC-25JUL25-100000-P,108633.67,sell,0.3,0.3,,,,,,1752039356.934
7073,374743256,1752039358399,3,0.0047,0.00470095,36.31,BTC-25JUL25-100000-P,108720.41,sell,0.7,0.7,,,,,,1752039358.399
7074,374743260,1752039358732,2,0.0046,0.00460191,36.18,BTC-25JUL25-100000-P,108756.48,sell,0.2,0.2,,,,,,1752039358.732
7075,374743261,1752039358734,3,0.0046,0.00460191,36.18,BTC-25JUL25-100000-P,108756.48,sell,0.2,0.2,,,,,,1752039358.734
7076,374744609,1752039978997,0,0.0049,0.00476058,36.77,BTC-25JUL25-100000-P,108748.97,buy,0.1,0.1,,,,,,1752039978.997
7077,374744628,1752039985238,1,0.0049,0.00479086,36.69,BTC-25JUL25-100000-P,108721.75,buy,0.1,0.1,,,,,,1752039985.238
7078,374744629,1752039990232,1,0.0049,0.00479544,36.67,BTC-25JUL25-100000-P,108717.11,buy,0.1,0.1,,,,,,1752039990.232
7079,374745870,1752042987240,2,0.0048,0.00470177,36.6,BTC-25JUL25-100000-P,108737.02,buy,0.1,0.1,,,,,,1752042987.24
7080,374746283,1752043938305,3,0.0048,0.00475063,36.88,BTC-25JUL25-100000-P,108842.99,sell,0.9,0.9,,,,,,1752043938.305
7081,374746351,1752044135248,2,0.0047,0.00473837,36.73,BTC-25JUL25-100000-P,108869.93,sell,0.6,0.6,,,,,,1752044135.248
7082,374746352,1752044150844,3,0.0047,0.00474029,36.73,BTC-25JUL25-100000-P,108870.03,sell,1.3,1.3,,,,,,1752044150.844
7083,374746770,1752044648343,3,0.0047,0.0047109,36.73,BTC-25JUL25-100000-P,108864.85,sell,0.1,0.1,,,,,,1752044648.343
7084,374750975,1752050837510,2,0.0045,0.004547,35.97,BTC-25JUL25-100000-P,108736.47,buy,1.0,1.0,,,,,,1752050837.51
7085,374750986,1752050864461,3,0.0045,0.00456277,35.92,BTC-25JUL25-100000-P,108718.68,buy,1.0,1.0,,,,,,1752050864.461
7086,374750987,1752050870355,3,0.0045,0.00456433,35.9,BTC-25JUL25-100000-P,108710.65,buy,1.0,1.0,,,,,,1752050870.355
7087,374750988,1752050875451,3,0.0045,0.00457186,35.9,BTC-25JUL25-100000-P,108711.07,buy,1.0,1.0,,,,,,1752050875.451
7088,374750993,1752050884830,3,0.0045,0.00455692,35.93,BTC-25JUL25-100000-P,108722.16,buy,1.0,1.0,,,,,,1752050884.83
7089,374750994,1752050889869,3,0.0045,0.0045588,35.93,BTC-25JUL25-100000-P,108722.31,buy,1.0,1.0,,,,,,1752050889.869
7090,374753811,1752057798390,2,0.0044,0.00432501,36.31,BTC-25JUL25-100000-P,108877.39,buy,0.3,0.3,,,,,,1752057798.39
7091,374753861,1752057956878,2,0.0043,0.00433228,36.07,BTC-25JUL25-100000-P,108887.33,sell,0.1,0.1,,,,,,1752057956.878
7092,374764837,1752066352706,2,0.0039,0.00389349,37.11,BTC-25JUL25-100000-P,109588.08,sell,0.1,0.1,,,,,,1752066352.706
7093,374765557,1752066505317,3,0.0039,0.00377712,37.44,BTC-25JUL25-100000-P,109708.49,sell,0.9,0.9,,,,,,1752066505.317
7094,374769116,1752068807855,0,0.004,0.0039353,36.98,BTC-25JUL25-100000-P,109433.81,sell,0.2,0.2,,,374769114,BTC-PBUT-25JUL25-96000_100000_104000,,1752068807.855
7095,374769437,1752069007025,2,0.0038,0.0037814,36.8,BTC-25JUL25-100000-P,109570.55,buy,0.1,0.1,,,,,,1752069007.025
7096,374770161,1752069324090,0,0.0039,0.00392186,36.59,BTC-25JUL25-100000-P,109387.83,buy,0.1,0.1,,,,,,1752069324.09
7097,374770226,1752069346833,0,0.004,0.00399747,36.64,BTC-25JUL25-100000-P,109314.1,buy,0.1,0.1,,,,,,1752069346.833
7098,374771231,1752070000434,1,0.004,0.00398008,36.47,BTC-25JUL25-100000-P,109248.71,sell,0.2,0.2,,,374771230,BTC-PBUT-25JUL25-96000_100000_104000,,1752070000.434
7099,374771340,1752070143620,2,0.0039,0.00392033,36.36,BTC-25JUL25-100000-P,109297.27,buy,0.1,0.1,,,,,,1752070143.62
7100,374771621,1752070443649,3,0.0039,0.00392048,36.29,BTC-25JUL25-100000-P,109268.1,buy,0.1,0.1,,,,,,1752070443.649
7101,374772374,1752071139924,2,0.0037,0.00377894,36.25,BTC-25JUL25-100000-P,109462.45,buy,1.2,1.2,,,374772373,BTC-PBUT-25JUL25-96000_100000_104000,,1752071139.924
7102,374772792,1752071336048,0,0.0039,0.0040233,36.1,BTC-25JUL25-100000-P,109199.98,buy,0.1,0.1,,,,,,1752071336.048
7103,374772971,1752071366223,0,0.004,0.00403129,36.28,BTC-25JUL25-100000-P,109170.27,buy,0.3,0.3,,,,,,1752071366.223
7104,374775914,1752071781611,0,0.0045,0.00444387,36.1,BTC-25JUL25-100000-P,108632.96,buy,0.1,0.1,,,,,,1752071781.611
7105,374776821,1752072072712,2,0.0042,0.00433883,35.5,BTC-25JUL25-100000-P,108680.43,buy,1.3,1.3,,,,,,1752072072.712
7106,374776822,1752072072712,3,0.0042,0.00433883,35.5,BTC-25JUL25-100000-P,108680.43,buy,0.7,0.7,,,,,,1752072072.712
7107,374777354,1752072481073,0,0.0043,0.00432741,35.66,BTC-25JUL25-100000-P,108675.52,buy,0.1,0.1,,,,,,1752072481.073
7108,374777828,1752072735502,2,0.0041,0.00419294,35.43,BTC-25JUL25-100000-P,108769.13,buy,1.0,1.0,,,,,,1752072735.502
7109,374780347,1752074307239,3,0.0041,0.00409917,35.82,BTC-25JUL25-100000-P,108912.58,buy,0.1,0.1,,,,,,1752074307.239
7110,374780358,1752074314291,0,0.0042,0.00409136,36.09,BTC-25JUL25-100000-P,108919.43,sell,1.0,1.0,,,,,,1752074314.291
7111,374780708,1752074849943,2,0.0041,0.00405254,36.19,BTC-25JUL25-100000-P,109044.21,sell,1.9,1.9,,,,,,1752074849.943
7112,374780725,1752074887627,3,0.0041,0.00407585,36.14,BTC-25JUL25-100000-P,109021.62,buy,0.1,0.1,,,,,,1752074887.627
7113,374780824,1752075057963,3,0.0041,0.00409204,36.1,BTC-25JUL25-100000-P,109010.22,sell,0.1,0.1,,,,,,1752075057.963
7114,374780987,1752075312507,3,0.0041,0.00409363,36.09,BTC-25JUL25-100000-P,109012.75,buy,0.1,0.1,,,,,,1752075312.507
7115,374781526,1752076023017,0,0.0042,0.0041166,36.21,BTC-25JUL25-100000-P,108950.82,buy,0.1,0.1,,,,,,1752076023.017
7116,374782123,1752076965591,2,0.004,0.00398331,36.2,BTC-25JUL25-100000-P,109131.46,sell,1.0,1.0,,,,,,1752076965.591
7117,374783205,1752078619148,2,0.0039,0.00383735,36.26,BTC-25JUL25-100000-P,109255.48,buy,0.1,0.1,,,,,,1752078619.148
7118,374783743,1752079670044,0,0.0041,0.0038294,36.97,BTC-25JUL25-100000-P,109321.65,buy,0.5,0.5,,,374783742,BTC-PS-25JUL25-100000_95000,,1752079670.044
7119,374787260,1752083125700,2,0.0039,0.00388853,36.12,BTC-25JUL25-100000-P,109170.39,buy,0.1,0.1,,,,,,1752083125.7
7120,374790920,1752085755771,2,0.0037,0.00364732,36.65,BTC-25JUL25-100000-P,109556.53,sell,0.5,0.5,,,,,,1752085755.771
7121,374792071,1752086555265,3,0.0037,0.00375162,36.25,BTC-25JUL25-100000-P,109423.27,buy,0.1,0.1,,,,,,1752086555.265
7122,374792072,1752086555271,3,0.0037,0.00375162,36.25,BTC-25JUL25-100000-P,109423.27,buy,0.4,0.4,,,,,,1752086555.271
7123,374799133,1752089566831,2,0.0031,0.00314694,37.11,BTC-25JUL25-100000-P,110420.15,sell,0.2,0.2,,,,,,1752089566.831
7124,374807989,1752090040573,2,0.003,0.00279974,39.09,BTC-25JUL25-100000-P,111304.08,sell,0.1,0.1,,,,,,1752090040.573
7125,374807990,1752090040576,2,0.0029,0.00279974,38.76,BTC-25JUL25-100000-P,111304.08,buy,0.1,0.1,,,,,,1752090040.576
7126,374812421,1752090468562,3,0.0029,0.00291192,39.21,BTC-25JUL25-100000-P,111483.17,buy,0.1,0.1,,,,,,1752090468.562
7127,374817143,1752090937716,3,0.0029,0.00276237,40.4,BTC-25JUL25-100000-P,111952.51,buy,0.2,0.2,,,,,,1752090937.716
7128,374819489,1752091216851,3,0.0029,0.00293338,40.3,BTC-25JUL25-100000-P,111900.98,buy,0.1,0.1,,,,,,1752091216.851
7129,374823561,1752091721206,0,0.0032,0.00332764,39.79,BTC-25JUL25-100000-P,111347.28,buy,0.1,0.1,,,,,,1752091721.206
7130,374826473,1752092497146,0,0.0033,0.00332481,39.95,BTC-25JUL25-100000-P,111244.15,buy,0.1,0.1,,,,,,1752092497.146
7131,374827641,1752092850393,0,0.0035,0.00353319,40.08,BTC-25JUL25-100000-P,111055.91,sell,1.9,1.9,,,,,,1752092850.393
7132,374830146,1752093838613,2,0.0033,0.00337939,39.23,BTC-25JUL25-100000-P,110973.91,buy,0.2,0.2,,,,,,1752093838.613
7133,374834570,1752095409824,2,0.0032,0.00330195,39.31,BTC-25JUL25-100000-P,111114.57,sell,0.5,0.5,,,,,,1752095409.824
7134,374839554,1752098800016,2,0.0031,0.00317862,38.98,BTC-25JUL25-100000-P,111091.56,sell,0.2,0.2,,,374839553,BTC-PBUT-25JUL25-95000_100000_105000,,1752098800.016
7135,374840043,1752098989861,0,0.0032,0.003136,39.48,BTC-25JUL25-100000-P,111153.8,buy,0.8,0.8,,,374840042,BTC-PBUT-25JUL25-95000_100000_105000,,1752098989.861
7136,374840561,1752099067489,2,0.0031,0.00306162,39.45,BTC-25JUL25-100000-P,111236.35,sell,2.0,2.0,,,374840558,BTC-PBUT-25JUL25-95000_100000_105000,,1752099067.489
7137,374841237,1752099247937,2,0.003,0.00302213,39.34,BTC-25JUL25-100000-P,111328.86,buy,0.2,0.2,,,374841236,BTC-PBUT-25JUL25-95000_100000_105000,,1752099247.937
7138,374841247,1752099250431,3,0.003,0.00302248,39.35,BTC-25JUL25-100000-P,111330.17,buy,0.2,0.2,,,374841245,BTC-PBUT-25JUL25-95000_100000_105000,,1752099250.431
7139,374841267,1752099256857,3,0.003,0.00302079,39.35,BTC-25JUL25-100000-P,111330.3,buy,0.2,0.2,,,374841264,BTC-PBUT-25JUL25-95000_100000_105000,,1752099256.857
7141,374842928,1752099494275,3,0.003,0.00300295,39.48,BTC-25JUL25-100000-P,111349.32,sell,3.8,3.8,,,374842926,BTC-PBUT-25JUL25-95000_100000_105000,,1752099494.275
7140,374842927,1752099494275,3,0.003,0.00300295,39.48,BTC-25JUL25-100000-P,111349.32,sell,0.2,0.2,,,374842925,BTC-PBUT-25JUL25-95000_100000_105000,,1752099494.275
