trade_seq,trade_id,timestamp,tick_direction,price,mark_price,iv,instrument_name,index_price,direction,contracts,amount,block_trade_leg_count,block_trade_id,combo_trade_id,combo_id,block_rfq_id,unix_sec
1370,373888318,1751320439817,0,0.0265,0.02644206,36.24,BTC-25JUL25-105000-P,107242.14,buy,0.9,0.9,,,,,,1751320439.817
1371,373893413,1751327479849,1,0.0265,0.0263514,36.1,BTC-25JUL25-105000-P,107176.74,sell,0.1,0.1,,,,,,1751327479.849
1372,373894734,1751328834971,2,0.0255,0.02566484,35.82,BTC-25JUL25-105000-P,107371.5,sell,0.1,0.1,,,,,,1751328834.971
1373,373905127,1751346392556,0,0.027,0.02671096,36.03,BTC-25JUL25-105000-P,106956.97,buy,0.1,0.1,,,,,,1751346392.556
1374,373926342,1751359990905,0,0.0275,0.02761782,35.38,BTC-25JUL25-105000-P,106743.68,buy,0.1,0.1,,,,,,1751359990.905
1375,373930003,1751362813457,0,0.028,0.02792526,35.31,BTC-25JUL25-105000-P,106573.35,sell,0.7,0.7,,,,,,1751362813.457
1376,373932409,1751363867828,1,0.028,0.02779892,35.55,BTC-25JUL25-105000-P,106605.69,buy,0.2,0.2,,,,,,1751363867.828
1377,373933313,1751364100479,1,0.028,0.02798884,35.39,BTC-25JUL25-105000-P,106581.61,sell,0.2,0.2,,,,,,1751364100.479
1378,373933864,1751364305085,2,0.0275,0.02783346,35.08,BTC-25JUL25-105000-P,106633.6,sell,0.2,0.2,,,,,,1751364305.085
1379,373934138,1751364487744,0,0.028,0.02793787,35.52,BTC-25JUL25-105000-P,106605.16,buy,0.1,0.1,,,,,,1751364487.744
1380,373944519,1751369644206,0,0.0285,0.02796946,36.16,BTC-25JUL25-105000-P,106612.31,buy,0.1,0.1,,,,,,1751369644.206
1381,373944757,1751369766028,1,0.0285,0.02795942,36.19,BTC-25JUL25-105000-P,106629.81,buy,0.1,0.1,,,,,,1751369766.028
1382,373950074,1751374417315,2,0.028,0.02809814,35.14,BTC-25JUL25-105000-P,106486.85,sell,0.3,0.3,,,,,,1751374417.315
1383,373950075,1751374417319,3,0.028,0.02809814,35.14,BTC-25JUL25-105000-P,106486.85,buy,0.1,0.1,,,,,,1751374417.319
1384,373950076,1751374417322,3,0.028,0.02809814,35.14,BTC-25JUL25-105000-P,106486.85,buy,2.5,2.5,,,,,,1751374417.322
1385,373950077,1751374417325,3,0.028,0.02809814,35.14,BTC-25JUL25-105000-P,106486.85,buy,0.1,0.1,,,,,,1751374417.325
1386,373955015,1751377245935,0,0.0285,0.02846521,35.84,BTC-25JUL25-105000-P,106502.46,buy,0.3,0.3,,,,,,1751377245.935
1387,373955022,1751377246001,1,0.0285,0.02846521,35.84,BTC-25JUL25-105000-P,106502.46,buy,0.1,0.1,,,,,,1751377246.001
1388,373955028,1751377246379,1,0.0285,0.02848238,35.83,BTC-25JUL25-105000-P,106496.98,buy,0.6,0.6,,,,,,1751377246.379
1389,373957320,1751378012087,2,0.027,0.02715333,35.69,BTC-25JUL25-105000-P,106833.3,sell,0.3,0.3,,,,,,1751378012.087
1392,373957493,1751378138965,3,0.027,0.02738246,35.45,BTC-25JUL25-105000-P,106776.99,sell,0.6,0.6,,,,,,1751378138.965
1391,373957492,1751378138965,3,0.027,0.02738246,35.45,BTC-25JUL25-105000-P,106776.99,sell,1.0,1.0,,,,,,1751378138.965
1390,373957491,1751378138965,3,0.027,0.02738246,35.45,BTC-25JUL25-105000-P,106776.99,sell,0.3,0.3,,,,,,1751378138.965
1393,373957494,1751378138969,3,0.027,0.02738246,35.45,BTC-25JUL25-105000-P,106776.99,buy,17.8,17.8,,,,,,1751378138.969
1394,373957495,1751378138971,3,0.027,0.02738246,35.45,BTC-25JUL25-105000-P,106776.99,buy,0.3,0.3,,,,,,1751378138.971
1395,373972522,1751382169763,0,0.031,0.03104884,35.69,BTC-25JUL25-105000-P,105869.28,buy,0.1,0.1,,,,,,1751382169.763
1396,373974712,1751382904422,0,0.032,0.0319642,35.75,BTC-25JUL25-105000-P,105686.86,sell,0.1,0.1,,,,,,1751382904.422
1397,373974716,1751382905145,1,0.032,0.03197177,35.78,BTC-25JUL25-105000-P,105690.65,sell,0.1,0.1,,,,,,1751382905.145
1398,373979880,1751386400758,2,0.03,0.02976125,36.24,BTC-25JUL25-105000-P,106254.91,buy,0.1,0.1,,,,,,1751386400.758
1399,373985785,1751393879089,0,0.0305,0.03042977,36.31,BTC-25JUL25-105000-P,106099.09,buy,0.3,0.3,,,,,,1751393879.089
1400,373988132,1751396019891,0,0.0315,0.03171659,35.96,BTC-25JUL25-105000-P,105818.12,buy,0.1,0.1,,,,,,1751396019.891
1401,373995303,1751396957454,0,0.033,0.03307883,35.95,BTC-25JUL25-105000-P,105507.22,buy,3.0,3.0,,,,,,1751396957.454
1402,373995341,1751396962998,1,0.033,0.03321556,35.83,BTC-25JUL25-105000-P,105483.34,buy,3.0,3.0,,,,,,1751396962.998
1403,374008043,1751407054001,2,0.0315,0.0312376,36.15,BTC-25JUL25-105000-P,105834.61,buy,0.1,0.1,,,,,,1751407054.001
1404,374008399,1751407627451,2,0.031,0.0311432,35.72,BTC-25JUL25-105000-P,105862.09,buy,0.1,0.1,,,,,,1751407627.451
1405,374008400,1751407630074,3,0.031,0.0311176,35.72,BTC-25JUL25-105000-P,105862.44,buy,0.1,0.1,,,,,,1751407630.074
1406,374008401,1751407631351,3,0.031,0.03110626,35.72,BTC-25JUL25-105000-P,105860.71,buy,0.2,0.2,,,,,,1751407631.351
1407,374011764,1751412447912,0,0.0325,0.03242906,35.7,BTC-25JUL25-105000-P,105526.41,sell,0.2,0.2,,,,,,1751412447.912
1409,374019097,1751417416417,3,0.032,0.03228118,35.06,BTC-25JUL25-105000-P,105503.46,sell,2.3,2.3,,,,,,1751417416.417
1408,374019096,1751417416417,2,0.032,0.03228118,35.06,BTC-25JUL25-105000-P,105503.46,sell,0.4,0.4,,,,,,1751417416.417
1410,374019098,1751417416417,3,0.032,0.03228118,35.06,BTC-25JUL25-105000-P,105503.46,sell,0.3,0.3,,,,,,1751417416.417
1411,374019378,1751417689749,0,0.0325,0.03257377,35.31,BTC-25JUL25-105000-P,105448.54,buy,0.1,0.1,,,,,,1751417689.749
1412,374025655,1751422394818,2,0.032,0.0315016,35.74,BTC-25JUL25-105000-P,105626.76,buy,0.3,0.3,,,,,,1751422394.818
1413,374025673,1751422481614,3,0.032,0.03159723,35.65,BTC-25JUL25-105000-P,105608.44,buy,0.2,0.2,,,,,,1751422481.614
1414,374031286,1751431128774,2,0.0285,0.02889691,35.08,BTC-25JUL25-105000-P,106236.86,sell,0.1,0.1,,,,,,1751431128.774
1415,374032142,1751432380153,2,0.028,0.02813447,35.25,BTC-25JUL25-105000-P,106391.54,sell,0.1,0.1,,,,,,1751432380.153
1416,374038656,1751439545087,2,0.026,0.02584857,36.04,BTC-25JUL25-105000-P,107030.1,sell,0.1,0.1,,,,,,1751439545.087
1417,374054947,1751447244295,2,0.0225,0.02305053,35.2,BTC-25JUL25-105000-P,107730.99,sell,0.3,0.3,,,,,,1751447244.295
1418,374056257,1751447589200,0,0.023,0.02314552,35.58,BTC-25JUL25-105000-P,107679.42,buy,0.2,0.2,,,,,,1751447589.2
1419,374056345,1751447662941,0,0.0235,0.0232579,35.98,BTC-25JUL25-105000-P,107656.58,buy,0.1,0.1,,,,,,1751447662.941
1420,374062964,1751456053697,2,0.023,0.02292538,35.62,BTC-25JUL25-105000-P,107678.82,buy,0.1,0.1,,,,,,1751456053.697
1421,374063658,1751456386499,0,0.0235,0.02325103,35.79,BTC-25JUL25-105000-P,107569.59,buy,0.1,0.1,,,,,,1751456386.499
1422,374063659,1751456386502,1,0.0235,0.02325103,35.79,BTC-25JUL25-105000-P,107569.59,sell,2.9,2.9,,,,,,1751456386.502
1423,374077707,1751464782732,2,0.0225,0.02280073,35.55,BTC-25JUL25-105000-P,107810.25,sell,0.3,0.3,,,,,,1751464782.732
1424,374086658,1751467460125,2,0.022,0.02184817,36.19,BTC-25JUL25-105000-P,108061.16,buy,0.1,0.1,,,,,,1751467460.125
1425,374103553,1751471486255,2,0.021,0.02073228,37.03,BTC-25JUL25-105000-P,108550.38,buy,0.1,0.1,,,,,,1751471486.255
1426,374105165,1751471756807,2,0.0205,0.02035902,36.87,BTC-25JUL25-105000-P,108649.96,sell,0.1,0.1,,,,,,1751471756.807
1427,374105923,1751471824909,2,0.0201,0.02001677,36.84,BTC-25JUL25-105000-P,108781.14,buy,4.0,4.0,,,374105921,BTC-PS-25JUL25-105000_104000,,1751471824.909
1428,374116436,1751472570872,2,0.018,0.0177783,37.33,BTC-25JUL25-105000-P,109593.67,sell,0.1,0.1,,,,,,1751472570.872
1429,374127977,1751473264216,3,0.018,0.0183394,36.99,BTC-25JUL25-105000-P,109483.75,sell,0.1,0.1,,,,,,1751473264.216
1430,374142109,1751476160613,0,0.019,0.01884466,37.92,BTC-25JUL25-105000-P,109439.72,buy,0.1,0.1,,,,,,1751476160.613
1431,374142110,1751476160615,1,0.019,0.01884466,37.92,BTC-25JUL25-105000-P,109439.72,sell,0.9,0.9,,,,,,1751476160.615
1432,374142154,1751476192486,1,0.019,0.01874587,38.05,BTC-25JUL25-105000-P,109476.76,buy,0.9,0.9,,,,,,1751476192.486
1433,374142155,1751476192486,1,0.019,0.01874587,38.05,BTC-25JUL25-105000-P,109476.76,buy,0.1,0.1,,,,,,1751476192.486
1434,374142193,1751476211516,1,0.019,0.0188449,37.94,BTC-25JUL25-105000-P,109449.9,sell,1.0,1.0,,,,,,1751476211.516
1435,374142908,1751476609874,1,0.019,0.01868119,38.15,BTC-25JUL25-105000-P,109527.76,buy,0.1,0.1,,,,,,1751476609.874
1436,374142928,1751476616627,2,0.0185,0.01860318,37.66,BTC-25JUL25-105000-P,109552.51,sell,0.1,0.1,,,,,,1751476616.627
1437,374143014,1751476643819,0,0.019,0.01857516,38.28,BTC-25JUL25-105000-P,109565.04,buy,0.1,0.1,,,,,,1751476643.819
1443,374147236,1751478176523,1,0.02,0.02008507,37.91,BTC-25JUL25-105000-P,109106.6,sell,3.3,3.3,,,,,,1751478176.523
1440,374147233,1751478176523,1,0.02,0.02008507,37.91,BTC-25JUL25-105000-P,109106.6,sell,8.0,8.0,,,,,,1751478176.523
1441,374147234,1751478176523,1,0.02,0.02008507,37.91,BTC-25JUL25-105000-P,109106.6,sell,0.7,0.7,,,,,,1751478176.523
1442,374147235,1751478176523,1,0.02,0.02008507,37.91,BTC-25JUL25-105000-P,109106.6,sell,1.0,1.0,,,,,,1751478176.523
1438,374147231,1751478176523,0,0.02,0.02008507,37.91,BTC-25JUL25-105000-P,109106.6,sell,1.1,1.1,,,,,,1751478176.523
1439,374147232,1751478176523,1,0.02,0.02008507,37.91,BTC-25JUL25-105000-P,109106.6,sell,0.9,0.9,,,,,,1751478176.523
1444,374155876,1751482844452,2,0.018,0.01840938,37.19,BTC-25JUL25-105000-P,109586.78,sell,0.6,0.6,,,,,,1751482844.452
1445,374163474,1751487566108,0,0.0195,0.01918612,38.68,BTC-25JUL25-105000-P,109475.32,buy,0.1,0.1,,,,,,1751487566.108
1446,374165125,1751488106324,1,0.0195,0.01982508,38.07,BTC-25JUL25-105000-P,109311.85,sell,0.9,0.9,,,,,,1751488106.324
1448,374167663,1751490847894,1,0.0205,0.02016563,39.21,BTC-25JUL25-105000-P,109248.3,buy,0.6,0.6,,,,,,1751490847.894
1447,374167662,1751490847894,0,0.0205,0.02016563,39.21,BTC-25JUL25-105000-P,109248.3,buy,0.1,0.1,,,,,,1751490847.894
1450,374167665,1751490848023,1,0.0205,0.02016563,39.21,BTC-25JUL25-105000-P,109248.3,buy,0.2,0.2,,,,,,1751490848.023
1449,374167664,1751490848023,1,0.0205,0.02016563,39.21,BTC-25JUL25-105000-P,109248.3,buy,1.0,1.0,,,,,,1751490848.023
1451,374167666,1751490848148,1,0.0205,0.02016563,39.21,BTC-25JUL25-105000-P,109248.3,buy,2.5,2.5,,,,,,1751490848.148
1452,374167667,1751490848303,1,0.0205,0.02016563,39.21,BTC-25JUL25-105000-P,109248.3,buy,2.5,2.5,,,,,,1751490848.303
1453,374167669,1751490848524,1,0.0205,0.02016563,39.21,BTC-25JUL25-105000-P,109248.3,buy,0.4,0.4,,,,,,1751490848.524
1454,374167673,1751490848737,1,0.0205,0.02017141,39.2,BTC-25JUL25-105000-P,109247.55,buy,0.1,0.1,,,,,,1751490848.737
1455,374167676,1751490848924,1,0.0205,0.02017141,39.2,BTC-25JUL25-105000-P,109247.55,buy,2.5,2.5,,,,,,1751490848.924
1456,374167680,1751490849112,1,0.0205,0.02017141,39.2,BTC-25JUL25-105000-P,109247.55,buy,0.2,0.2,,,,,,1751490849.112
1457,374167682,1751490849312,1,0.0205,0.02017141,39.2,BTC-25JUL25-105000-P,109247.55,buy,2.5,2.5,,,,,,1751490849.312
1458,374167686,1751490849529,1,0.0205,0.02017141,39.2,BTC-25JUL25-105000-P,109247.55,buy,2.5,2.5,,,,,,1751490849.529
1459,374167688,1751490849730,1,0.0205,0.02018193,39.2,BTC-25JUL25-105000-P,109246.52,buy,1.9,1.9,,,,,,1751490849.73
1460,374167691,1751490849936,1,0.0205,0.02018193,39.2,BTC-25JUL25-105000-P,109246.52,buy,1.0,1.0,,,,,,1751490849.936
1462,374167694,1751490850159,1,0.0205,0.02018193,39.2,BTC-25JUL25-105000-P,109246.52,buy,1.0,1.0,,,,,,1751490850.159
1463,374167695,1751490850159,1,0.0205,0.02018193,39.2,BTC-25JUL25-105000-P,109246.52,buy,0.5,0.5,,,,,,1751490850.159
1461,374167693,1751490850159,1,0.0205,0.02018193,39.2,BTC-25JUL25-105000-P,109246.52,buy,1.0,1.0,,,,,,1751490850.159
1465,374167699,1751490850372,1,0.0205,0.02018193,39.2,BTC-25JUL25-105000-P,109246.52,buy,2.0,2.0,,,,,,1751490850.372
1464,374167698,1751490850372,1,0.0205,0.02018193,39.2,BTC-25JUL25-105000-P,109246.52,buy,0.5,0.5,,,,,,1751490850.372
1466,374167703,1751490850611,1,0.0205,0.02018597,39.2,BTC-25JUL25-105000-P,109248.04,buy,1.9,1.9,,,,,,1751490850.611
1467,374167704,1751490850611,1,0.0205,0.02018597,39.2,BTC-25JUL25-105000-P,109248.04,buy,0.1,0.1,,,,,,1751490850.611
1468,374167709,1751490850843,1,0.0205,0.02018597,39.2,BTC-25JUL25-105000-P,109248.04,buy,1.1,1.1,,,,,,1751490850.843
1469,374167712,1751490851038,1,0.0205,0.02018597,39.2,BTC-25JUL25-105000-P,109248.04,buy,2.5,2.5,,,,,,1751490851.038
1470,374167718,1751490851281,1,0.0205,0.02018597,39.2,BTC-25JUL25-105000-P,109248.04,buy,2.5,2.5,,,,,,1751490851.281
1471,374167722,1751490851510,1,0.0205,0.02018597,39.2,BTC-25JUL25-105000-P,109248.04,buy,2.5,2.5,,,,,,1751490851.51
1472,374167724,1751490851748,1,0.0205,0.02018994,39.2,BTC-25JUL25-105000-P,109248.61,buy,2.5,2.5,,,,,,1751490851.748
1474,374167727,1751490852020,1,0.0205,0.02018994,39.2,BTC-25JUL25-105000-P,109248.61,buy,2.0,2.0,,,,,,1751490852.02
1473,374167726,1751490852020,1,0.0205,0.02018994,39.2,BTC-25JUL25-105000-P,109248.61,buy,0.5,0.5,,,,,,1751490852.02
1476,374167733,1751490852349,1,0.0205,0.02018994,39.2,BTC-25JUL25-105000-P,109248.61,buy,1.7,1.7,,,,,,1751490852.349
1475,374167732,1751490852349,1,0.0205,0.02018994,39.2,BTC-25JUL25-105000-P,109248.61,buy,0.8,0.8,,,,,,1751490852.349
1477,374167743,1751490852594,1,0.0205,0.02018643,39.2,BTC-25JUL25-105000-P,109249.32,buy,1.8,1.8,,,,,,1751490852.594
1478,374167747,1751490852801,1,0.0205,0.02018643,39.2,BTC-25JUL25-105000-P,109249.32,buy,0.7,0.7,,,,,,1751490852.801
1479,374167748,1751490852801,1,0.0205,0.02018643,39.2,BTC-25JUL25-105000-P,109249.32,buy,0.2,0.2,,,,,,1751490852.801
1481,374167752,1751490853001,0,0.021,0.02018643,39.77,BTC-25JUL25-105000-P,109249.32,buy,1.0,1.0,,,,,,1751490853.001
1480,374167751,1751490853001,1,0.0205,0.02018643,39.2,BTC-25JUL25-105000-P,109249.32,buy,1.5,1.5,,,,,,1751490853.001
1482,374167761,1751490853225,1,0.021,0.02018643,39.77,BTC-25JUL25-105000-P,109249.32,buy,0.8,0.8,,,,,,1751490853.225
1483,374168334,1751490996036,2,0.02,0.02004265,38.75,BTC-25JUL25-105000-P,109300.79,sell,0.4,0.4,,,,,,1751490996.036
1484,374168359,1751491034457,3,0.02,0.02000242,38.82,BTC-25JUL25-105000-P,109319.46,sell,0.1,0.1,,,,,,1751491034.457
1485,374168360,1751491034457,3,0.02,0.02000242,38.82,BTC-25JUL25-105000-P,109319.46,sell,0.9,0.9,,,,,,1751491034.457
1486,374168380,1751491042746,3,0.02,0.02000493,38.85,BTC-25JUL25-105000-P,109328.18,sell,1.0,1.0,,,,,,1751491042.746
1499,374168406,1751491052819,3,0.02,0.01996569,38.87,BTC-25JUL25-105000-P,109333.38,sell,2.5,2.5,,,,,,1751491052.819
1497,374168404,1751491052819,3,0.02,0.01996569,38.87,BTC-25JUL25-105000-P,109333.38,sell,2.5,2.5,,,,,,1751491052.819
1487,374168394,1751491052819,3,0.02,0.01996569,38.87,BTC-25JUL25-105000-P,109333.38,sell,0.6,0.6,,,,,,1751491052.819
1495,374168402,1751491052819,3,0.02,0.01996569,38.87,BTC-25JUL25-105000-P,109333.38,sell,2.5,2.5,,,,,,1751491052.819
1494,374168401,1751491052819,3,0.02,0.01996569,38.87,BTC-25JUL25-105000-P,109333.38,sell,1.7,1.7,,,,,,1751491052.819
1492,374168399,1751491052819,3,0.02,0.01996569,38.87,BTC-25JUL25-105000-P,109333.38,sell,2.4,2.4,,,,,,1751491052.819
1489,374168396,1751491052819,3,0.02,0.01996569,38.87,BTC-25JUL25-105000-P,109333.38,sell,2.5,2.5,,,,,,1751491052.819
1498,374168405,1751491052819,3,0.02,0.01996569,38.87,BTC-25JUL25-105000-P,109333.38,sell,0.8,0.8,,,,,,1751491052.819
1490,374168397,1751491052819,3,0.02,0.01996569,38.87,BTC-25JUL25-105000-P,109333.38,sell,2.5,2.5,,,,,,1751491052.819
1491,374168398,1751491052819,3,0.02,0.01996569,38.87,BTC-25JUL25-105000-P,109333.38,sell,2.5,2.5,,,,,,1751491052.819
1493,374168400,1751491052819,3,0.02,0.01996569,38.87,BTC-25JUL25-105000-P,109333.38,sell,2.5,2.5,,,,,,1751491052.819
1488,374168395,1751491052819,3,0.02,0.01996569,38.87,BTC-25JUL25-105000-P,109333.38,sell,2.5,2.5,,,,,,1751491052.819
1496,374168403,1751491052819,3,0.02,0.01996569,38.87,BTC-25JUL25-105000-P,109333.38,sell,2.5,2.5,,,,,,1751491052.819
1500,374169233,1751491844819,3,0.02,0.01982911,38.67,BTC-25JUL25-105000-P,109310.09,buy,2.5,2.5,,,,,,1751491844.819
1501,374169235,1751491845001,3,0.02,0.01982911,38.67,BTC-25JUL25-105000-P,109310.09,buy,1.0,1.0,,,,,,1751491845.001
1502,374169237,1751491845159,3,0.02,0.01982911,38.67,BTC-25JUL25-105000-P,109310.09,buy,2.5,2.5,,,,,,1751491845.159
1503,374169240,1751491845324,3,0.02,0.01982911,38.67,BTC-25JUL25-105000-P,109310.09,buy,0.1,0.1,,,,,,1751491845.324
1504,374169241,1751491845324,3,0.02,0.01982911,38.67,BTC-25JUL25-105000-P,109310.09,buy,2.4,2.4,,,,,,1751491845.324
1505,374169244,1751491845492,3,0.02,0.01982911,38.67,BTC-25JUL25-105000-P,109310.09,buy,0.8,0.8,,,,,,1751491845.492
1506,374169248,1751491845661,3,0.02,0.01982642,38.67,BTC-25JUL25-105000-P,109309.92,buy,2.5,2.5,,,,,,1751491845.661
1507,374169252,1751491845830,3,0.02,0.01982642,38.67,BTC-25JUL25-105000-P,109309.92,buy,0.8,0.8,,,,,,1751491845.83
1508,374169253,1751491845830,0,0.0205,0.01982642,39.25,BTC-25JUL25-105000-P,109309.92,buy,1.7,1.7,,,,,,1751491845.83
1509,374169257,1751491846011,2,0.02,0.01982642,38.67,BTC-25JUL25-105000-P,109309.92,buy,1.5,1.5,,,,,,1751491846.011
1510,374169609,1751492328542,3,0.02,0.01966484,38.9,BTC-25JUL25-105000-P,109385.9,buy,2.5,2.5,,,,,,1751492328.542
1511,374169611,1751492328627,3,0.02,0.01966484,38.9,BTC-25JUL25-105000-P,109385.9,buy,1.4,1.4,,,,,,1751492328.627
1512,374169613,1751492328721,3,0.02,0.01966484,38.9,BTC-25JUL25-105000-P,109385.9,buy,2.5,2.5,,,,,,1751492328.721
1513,374169617,1751492328812,3,0.02,0.01966484,38.9,BTC-25JUL25-105000-P,109385.9,buy,2.5,2.5,,,,,,1751492328.812
1514,374169618,1751492328907,3,0.02,0.01966484,38.9,BTC-25JUL25-105000-P,109385.9,buy,2.5,2.5,,,,,,1751492328.907
1517,374170596,1751492724157,3,0.0195,0.01981647,38.09,BTC-25JUL25-105000-P,109321.33,sell,2.5,2.5,,,,,,1751492724.157
1516,374170595,1751492724157,3,0.0195,0.01981647,38.09,BTC-25JUL25-105000-P,109321.33,sell,2.1,2.1,,,,,,1751492724.157
1515,374170594,1751492724157,2,0.0195,0.01981647,38.09,BTC-25JUL25-105000-P,109321.33,sell,2.5,2.5,,,,,,1751492724.157
1518,374170597,1751492724157,3,0.0195,0.01981647,38.09,BTC-25JUL25-105000-P,109321.33,sell,0.2,0.2,,,,,,1751492724.157
1520,374171050,1751493265371,3,0.019,0.01912612,38.15,BTC-25JUL25-105000-P,109486.83,sell,2.5,2.5,,,,,,1751493265.371
1519,374171049,1751493265371,2,0.019,0.01912612,38.15,BTC-25JUL25-105000-P,109486.83,sell,2.5,2.5,,,,,,1751493265.371
1521,374171350,1751493600286,3,0.019,0.01912389,38.12,BTC-25JUL25-105000-P,109491.0,sell,1.3,1.3,,,,,,1751493600.286
1522,374171351,1751493600286,3,0.019,0.01912389,38.12,BTC-25JUL25-105000-P,109491.0,sell,1.8,1.8,,,,,,1751493600.286
1523,374171352,1751493600327,3,0.019,0.01912389,38.12,BTC-25JUL25-105000-P,109491.0,sell,0.1,0.1,,,,,,1751493600.327
1524,374171362,1751493600719,3,0.019,0.01912426,38.13,BTC-25JUL25-105000-P,109491.0,sell,0.1,0.1,,,,,,1751493600.719
1525,374171363,1751493600726,3,0.019,0.01912426,38.13,BTC-25JUL25-105000-P,109491.0,sell,0.1,0.1,,,,,,1751493600.726
1526,374171364,1751493600734,3,0.019,0.01912426,38.13,BTC-25JUL25-105000-P,109491.0,sell,0.1,0.1,,,,,,1751493600.734
1527,374171379,1751493608682,3,0.019,0.01903893,38.24,BTC-25JUL25-105000-P,109522.99,sell,0.1,0.1,,,,,,1751493608.682
1528,374171380,1751493608692,3,0.019,0.01903893,38.24,BTC-25JUL25-105000-P,109522.99,sell,0.1,0.1,,,,,,1751493608.692
1529,374171381,1751493608699,3,0.019,0.01903893,38.24,BTC-25JUL25-105000-P,109522.99,sell,0.1,0.1,,,,,,1751493608.699
1530,374171959,1751494134734,0,0.02,0.01961131,38.63,BTC-25JUL25-105000-P,109297.19,buy,2.5,2.5,,,,,,1751494134.734
1531,374172071,1751494255144,2,0.0195,0.01949212,38.16,BTC-25JUL25-105000-P,109313.51,sell,2.2,2.2,,,,,,1751494255.144
1532,374172896,1751495594832,3,0.0195,0.01925111,38.37,BTC-25JUL25-105000-P,109340.52,sell,10.9,10.9,,,,,,1751495594.832
1533,374172898,1751495598346,3,0.0195,0.01925192,38.37,BTC-25JUL25-105000-P,109340.67,buy,0.1,0.1,,,,,,1751495598.346
1534,374173875,1751496084420,3,0.0195,0.01936058,38.29,BTC-25JUL25-105000-P,109313.16,buy,0.1,0.1,,,,,,1751496084.42
1535,374206747,1751525177089,2,0.019,0.01866351,38.64,BTC-25JUL25-105000-P,109483.2,buy,0.1,0.1,,,,,,1751525177.089
1536,374218335,1751531624758,2,0.0185,0.01877025,38.29,BTC-25JUL25-105000-P,109549.6,sell,0.2,0.2,,,,,,1751531624.758
1537,374218825,1751531908030,3,0.0185,0.01868984,38.29,BTC-25JUL25-105000-P,109545.84,sell,0.3,0.3,,,,,,1751531908.03
1538,374218826,1751531908032,3,0.0185,0.01868984,38.29,BTC-25JUL25-105000-P,109545.84,buy,2.7,2.7,,,,,,1751531908.032
1539,374218872,1751531939915,2,0.018,0.01864526,37.74,BTC-25JUL25-105000-P,109555.8,sell,1.0,1.0,,,,,,1751531939.915
1540,374253194,1751539795336,3,0.018,0.01826413,38.57,BTC-25JUL25-105000-P,109722.98,sell,1.9,1.9,,,,,,1751539795.336
1541,374261765,1751544802114,0,0.0185,0.01850349,38.73,BTC-25JUL25-105000-P,109581.9,buy,0.3,0.3,,,,,,1751544802.114
1542,374271299,1751546646906,0,0.02,0.02033604,38.23,BTC-25JUL25-105000-P,108946.06,sell,1.3,1.3,,,,,,1751546646.906
1543,374271306,1751546647167,1,0.02,0.02033604,38.23,BTC-25JUL25-105000-P,108946.06,sell,0.8,0.8,,,,,,1751546647.167
1544,374274915,1751548353216,2,0.018,0.01832198,37.55,BTC-25JUL25-105000-P,109427.21,sell,0.1,0.1,,,,,,1751548353.216
1545,374283462,1751550584787,2,0.016,0.01596454,37.97,BTC-25JUL25-105000-P,110258.68,sell,0.2,0.2,,,,,,1751550584.787
1546,374283463,1751550584798,3,0.016,0.01596454,37.97,BTC-25JUL25-105000-P,110258.68,sell,0.2,0.2,,,,,,1751550584.798
1547,374283542,1751550588588,3,0.016,0.01588378,38.09,BTC-25JUL25-105000-P,110293.61,sell,0.3,0.3,,,,,,1751550588.588
1548,374283560,1751550591927,3,0.016,0.01585008,38.12,BTC-25JUL25-105000-P,110306.34,sell,0.1,0.1,,,,,,1751550591.927
1549,374283673,1751550592536,3,0.016,0.01585008,38.12,BTC-25JUL25-105000-P,110306.34,sell,0.1,0.1,,,,,,1751550592.536
1550,374283677,1751550592556,3,0.016,0.01585008,38.12,BTC-25JUL25-105000-P,110306.34,sell,0.1,0.1,,,,,,1751550592.556
1551,374283682,1751550592610,3,0.016,0.01581526,38.16,BTC-25JUL25-105000-P,110313.58,sell,0.1,0.1,,,,,,1751550592.61
1552,374300193,1751554511466,0,0.018,0.01787426,38.3,BTC-25JUL25-105000-P,109643.63,buy,1.0,1.0,,,,,,1751554511.466
1553,374300194,1751554511468,1,0.018,0.01787426,38.3,BTC-25JUL25-105000-P,109643.63,sell,1.0,1.0,,,,,,1751554511.468
1554,374308760,1751558696712,0,0.0185,0.01861583,37.27,BTC-25JUL25-105000-P,109159.82,buy,0.1,0.1,,,,,,1751558696.712
1555,374309967,1751559617268,2,0.0175,0.01827426,36.21,BTC-25JUL25-105000-P,109192.59,sell,100.0,100.0,1.0,BLOCK-208535,,,,1751559617.268
1556,374309992,1751559639305,0,0.018,0.01830458,36.77,BTC-25JUL25-105000-P,109181.94,sell,3.1,3.1,,,,,,1751559639.305
1557,374310412,1751559933421,1,0.018,0.01823683,36.73,BTC-25JUL25-105000-P,109172.15,sell,10.9,10.9,,,,,,1751559933.421
1558,374311533,1751560904718,2,0.017,0.01720181,36.57,BTC-25JUL25-105000-P,109446.07,sell,1.0,1.0,,,,,,1751560904.718
1559,374315299,1751563826445,2,0.0165,0.01683811,36.27,BTC-25JUL25-105000-P,109500.25,sell,5.0,5.0,,,,,,1751563826.445
1560,374315300,1751563826445,3,0.0165,0.01683811,36.27,BTC-25JUL25-105000-P,109500.25,sell,0.1,0.1,,,,,,1751563826.445
1561,374324066,1751575047985,2,0.0154,0.01547902,36.37,BTC-25JUL25-105000-P,109902.46,buy,100.0,100.0,3.0,BLOCK-208566,,,,1751575047.985
1562,374327960,1751578819086,0,0.0156,0.01598193,36.25,BTC-25JUL25-105000-P,109790.33,buy,100.0,100.0,3.0,BLOCK-208574,,,,1751578819.086
1563,374328636,1751579305603,0,0.0159,0.01602647,36.53,BTC-25JUL25-105000-P,109794.22,buy,100.0,100.0,3.0,BLOCK-208575,,,,1751579305.603
1564,374329136,1751579817872,2,0.0158,0.01584373,36.55,BTC-25JUL25-105000-P,109852.13,buy,100.0,100.0,3.0,BLOCK-208578,,,,1751579817.872
1565,374334716,1751585735801,0,0.016,0.01640484,35.86,BTC-25JUL25-105000-P,109623.11,sell,0.1,0.1,,,,,,1751585735.801
1567,374348512,1751593488706,1,0.016,0.01631297,35.65,BTC-25JUL25-105000-P,109566.97,sell,2.1,2.1,,,,,,1751593488.706
1566,374348511,1751593488706,1,0.016,0.01631297,35.65,BTC-25JUL25-105000-P,109566.97,sell,9.0,9.0,,,,,,1751593488.706
1568,374366887,1751600058213,0,0.0165,0.01650039,35.58,BTC-25JUL25-105000-P,109350.58,sell,0.1,0.1,,,,,,1751600058.213
1570,374374996,1751605954021,1,0.017,0.01714163,35.51,BTC-25JUL25-105000-P,109149.43,sell,0.1,0.1,,,,,,1751605954.021
1569,374374995,1751605954021,0,0.017,0.01714163,35.51,BTC-25JUL25-105000-P,109149.43,sell,0.9,0.9,,,,,,1751605954.021
1571,374374997,1751605954104,1,0.017,0.01714163,35.51,BTC-25JUL25-105000-P,109149.43,sell,0.1,0.1,,,,,,1751605954.104
1573,374381813,1751609455519,1,0.017,0.01731263,34.99,BTC-25JUL25-105000-P,108965.16,sell,1.1,1.1,,,,,,1751609455.519
1572,374381812,1751609455519,1,0.017,0.01731263,34.99,BTC-25JUL25-105000-P,108965.16,sell,8.9,8.9,,,,,,1751609455.519
1574,374395225,1751615545224,0,0.0175,0.01753055,35.06,BTC-25JUL25-105000-P,108786.15,buy,0.1,0.1,,,,,,1751615545.224
1575,374399319,1751617383709,2,0.017,0.01753418,34.39,BTC-25JUL25-105000-P,108785.5,sell,2.0,2.0,,,,,,1751617383.709
1576,374399388,1751617465378,3,0.017,0.01743454,34.51,BTC-25JUL25-105000-P,108809.8,sell,2.0,2.0,,,,,,1751617465.378
1578,374400617,1751618186934,1,0.0175,0.01745396,35.12,BTC-25JUL25-105000-P,108849.45,buy,3.7,3.7,,,,,,1751618186.934
1577,374400616,1751618186934,0,0.0175,0.01745396,35.12,BTC-25JUL25-105000-P,108849.45,buy,0.3,0.3,,,,,,1751618186.934
1579,374408933,1751626672117,2,0.0155,0.01595395,33.11,BTC-25JUL25-105000-P,108928.34,sell,0.1,0.1,,,,,,1751626672.117
1580,374409194,1751627362860,2,0.015,0.01554886,32.89,BTC-25JUL25-105000-P,109040.43,sell,0.1,0.1,,,,,,1751627362.86
1581,374409195,1751627362867,3,0.015,0.01554886,32.89,BTC-25JUL25-105000-P,109040.43,sell,0.1,0.1,,,,,,1751627362.867
1582,374412255,1751631462295,0,0.016,0.01581702,33.56,BTC-25JUL25-105000-P,108877.1,buy,1.0,1.0,,,,,,1751631462.295
1583,374412256,1751631462295,1,0.016,0.01581702,33.56,BTC-25JUL25-105000-P,108877.1,buy,0.9,0.9,,,,,,1751631462.295
1584,374412378,1751631523843,2,0.0156,0.01570096,33.24,BTC-25JUL25-105000-P,108910.05,sell,8.4,8.4,3.0,BLOCK-208703,,,,1751631523.843
1585,374417761,1751636043124,0,0.017,0.01713994,33.27,BTC-25JUL25-105000-P,108417.37,buy,1.0,1.0,,,,,,1751636043.124
1586,374421843,1751637330946,0,0.0175,0.01784484,33.32,BTC-25JUL25-105000-P,108225.38,sell,0.1,0.1,,,,,,1751637330.946
1587,374424449,1751637895254,0,0.019,0.01896992,33.99,BTC-25JUL25-105000-P,107972.75,buy,2.5,2.5,,,,,,1751637895.254
1588,374426631,1751638174428,0,0.02,0.01971598,34.43,BTC-25JUL25-105000-P,107778.27,buy,0.1,0.1,,,,,,1751638174.428
1589,374429088,1751638541153,0,0.021,0.02028676,35.46,BTC-25JUL25-105000-P,107778.32,buy,0.2,0.2,,,,,,1751638541.153
1590,374434153,1751639424102,1,0.021,0.02095101,36.29,BTC-25JUL25-105000-P,108025.08,sell,0.3,0.3,,,,,,1751639424.102
1591,374437329,1751640679925,0,0.0213,0.02162687,36.1,BTC-25JUL25-105000-P,107892.71,sell,13.8,13.8,2.0,BLOCK-208745,,BTC-PDIAG-29AUG25_25JUL25-100000_105000,,1751640679.925
1592,374437331,1751640680007,0,0.0214,0.02162687,36.22,BTC-25JUL25-105000-P,107892.71,sell,136.2,136.2,2.0,BLOCK-208746,,BTC-PDIAG-29AUG25_25JUL25-100000_105000,,1751640680.007
1593,374437333,1751640680029,0,0.0216,0.02162687,36.44,BTC-25JUL25-105000-P,107892.71,sell,50.0,50.0,2.0,BLOCK-208747,,BTC-PDIAG-29AUG25_25JUL25-100000_105000,,1751640680.029
1594,374438283,1751641319006,0,0.022,0.02177913,36.95,BTC-25JUL25-105000-P,107901.19,sell,1.1,1.1,,,,,,1751641319.006
1595,374438380,1751641374981,1,0.022,0.02175959,36.95,BTC-25JUL25-105000-P,107893.2,sell,0.9,0.9,,,,,,1751641374.981
1596,374447784,1751645939808,0,0.023,0.02294372,36.59,BTC-25JUL25-105000-P,107498.51,sell,0.1,0.1,,,,,,1751645939.808
1597,374451884,1751648551674,2,0.0215,0.02187503,36.47,BTC-25JUL25-105000-P,107888.96,sell,1.1,1.1,,,,,,1751648551.674
1598,374451885,1751648551674,3,0.0215,0.02187503,36.47,BTC-25JUL25-105000-P,107888.96,sell,1.0,1.0,,,,,,1751648551.674
1600,374451887,1751648551677,3,0.0215,0.02187503,36.47,BTC-25JUL25-105000-P,107888.96,buy,1.3,1.3,,,,,,1751648551.677
1599,374451886,1751648551677,3,0.0215,0.02187503,36.47,BTC-25JUL25-105000-P,107888.96,buy,1.6,1.6,,,,,,1751648551.677
1601,374453177,1751649859771,3,0.0215,0.02160787,36.43,BTC-25JUL25-105000-P,107861.79,buy,1.0,1.0,,,,,,1751649859.771
1602,374455921,1751654940962,0,0.022,0.02205255,36.66,BTC-25JUL25-105000-P,107734.81,buy,0.3,0.3,,,,,,1751654940.962
1603,374465955,1751667482383,2,0.021,0.02126157,36.96,BTC-25JUL25-105000-P,108102.35,sell,0.1,0.1,,,,,,1751667482.383
1604,374468190,1751670339909,3,0.021,0.02112025,37.11,BTC-25JUL25-105000-P,108148.43,buy,0.1,0.1,,,,,,1751670339.909
1605,374475696,1751686408366,2,0.0195,0.01993513,36.1,BTC-25JUL25-105000-P,108297.59,sell,0.1,0.1,,,,,,1751686408.366
1606,374489903,1751716764426,3,0.0195,0.019655,35.81,BTC-25JUL25-105000-P,108164.13,buy,0.1,0.1,,,,,,1751716764.426
1607,374496848,1751736406423,0,0.02,0.02045564,35.97,BTC-25JUL25-105000-P,108016.25,sell,0.1,0.1,,,,,,1751736406.423
1608,374496929,1751736760185,0,0.021,0.02050281,37.12,BTC-25JUL25-105000-P,108011.05,buy,0.1,0.1,,,,,,1751736760.185
1609,374506976,1751778670663,2,0.0195,0.01983389,35.79,BTC-25JUL25-105000-P,108016.8,sell,0.8,0.8,,,,,,1751778670.663
1610,374506977,1751778670663,3,0.0195,0.01983389,35.79,BTC-25JUL25-105000-P,108016.8,sell,0.2,0.2,,,,,,1751778670.663
1611,374526967,1751811637837,2,0.017,0.0170946,36.65,BTC-25JUL25-105000-P,108899.85,sell,0.8,0.8,,,,,,1751811637.837
1612,374529930,1751814880568,2,0.0165,0.01656422,36.13,BTC-25JUL25-105000-P,108900.48,sell,0.1,0.1,,,,,,1751814880.568
1613,374529931,1751814880574,3,0.0165,0.01656422,36.13,BTC-25JUL25-105000-P,108900.48,sell,0.1,0.1,,,,,,1751814880.574
1614,374529932,1751814880579,3,0.0165,0.01656422,36.13,BTC-25JUL25-105000-P,108900.48,sell,0.1,0.1,,,,,,1751814880.579
1615,374529933,1751814880584,3,0.0165,0.01656422,36.13,BTC-25JUL25-105000-P,108900.48,sell,0.1,0.1,,,,,,1751814880.584
1616,374552605,1751837501881,2,0.014,0.01376616,36.17,BTC-25JUL25-105000-P,109698.82,sell,0.1,0.1,,,,,,1751837501.881
1617,374568015,1751850788040,0,0.016,0.01650125,35.51,BTC-25JUL25-105000-P,108754.83,sell,0.5,0.5,,,,,,1751850788.04
1618,374580321,1751864085863,1,0.016,0.01556458,37.27,BTC-25JUL25-105000-P,109157.21,buy,0.1,0.1,,,,,,1751864085.863
1619,374581867,1751868215247,1,0.016,0.01593379,36.89,BTC-25JUL25-105000-P,109065.61,buy,0.1,0.1,,,,,,1751868215.247
1620,374589677,1751878274694,1,0.016,0.0158234,36.92,BTC-25JUL25-105000-P,109005.43,buy,0.1,0.1,,,,,,1751878274.694
1621,374593400,1751884001839,0,0.0165,0.01633289,36.87,BTC-25JUL25-105000-P,108790.53,buy,0.1,0.1,,,,,,1751884001.839
1622,374593405,1751884008091,1,0.0165,0.01633766,36.86,BTC-25JUL25-105000-P,108788.33,sell,0.1,0.1,,,,,,1751884008.091
1623,374595283,1751887696247,1,0.0165,0.01639035,36.83,BTC-25JUL25-105000-P,108775.85,sell,0.5,0.5,,,,,,1751887696.247
1624,374596896,1751890653700,0,0.017,0.01696177,36.4,BTC-25JUL25-105000-P,108482.08,buy,2.5,2.5,,,,,,1751890653.7
1625,374599768,1751893957558,0,0.0175,0.0175174,36.16,BTC-25JUL25-105000-P,108257.04,buy,0.2,0.2,,,,,,1751893957.558
1626,374599873,1751893973152,1,0.0175,0.01751213,36.13,BTC-25JUL25-105000-P,108256.91,buy,2.3,2.3,,,,,,1751893973.152
1627,374608403,1751897821619,0,0.018,0.01805928,36.32,BTC-25JUL25-105000-P,108123.93,buy,0.1,0.1,,,,,,1751897821.619
1628,374612121,1751900711400,2,0.017,0.01733748,35.51,BTC-25JUL25-105000-P,108252.97,sell,0.1,0.1,,,,,,1751900711.4
1629,374621949,1751907689217,0,0.018,0.01805105,35.4,BTC-25JUL25-105000-P,107911.42,buy,0.1,0.1,,,,,,1751907689.217
1630,374623441,1751908199667,1,0.018,0.01809728,35.28,BTC-25JUL25-105000-P,107891.73,buy,0.2,0.2,,,,,,1751908199.667
1631,374629106,1751912358559,1,0.018,0.01783576,35.36,BTC-25JUL25-105000-P,107894.57,sell,0.1,0.1,,,,,,1751912358.559
1632,374630447,1751912873040,0,0.0185,0.01860486,34.96,BTC-25JUL25-105000-P,107646.75,buy,0.3,0.3,,,,,,1751912873.04
1633,374630448,1751912873045,1,0.0185,0.01860486,34.96,BTC-25JUL25-105000-P,107646.75,buy,2.2,2.2,,,,,,1751912873.045
1634,374631855,1751913158356,0,0.019,0.0188984,35.03,BTC-25JUL25-105000-P,107517.99,buy,0.3,0.3,,,,,,1751913158.356
1635,374631862,1751913159371,1,0.019,0.0188984,35.02,BTC-25JUL25-105000-P,107515.65,buy,0.3,0.3,,,,,,1751913159.371
1636,374631960,1751913193945,1,0.019,0.01885544,35.16,BTC-25JUL25-105000-P,107543.12,buy,1.9,1.9,,,,,,1751913193.945
1637,374649240,1751933268972,2,0.017,0.01653514,35.56,BTC-25JUL25-105000-P,108257.44,buy,0.1,0.1,,,,,,1751933268.972
1638,374652506,1751935740920,2,0.016,0.01584327,35.33,BTC-25JUL25-105000-P,108490.06,buy,1.2,1.2,,,,,,1751935740.92
1639,374662774,1751947082983,0,0.0175,0.01781727,34.96,BTC-25JUL25-105000-P,107899.42,sell,0.3,0.3,,,,,,1751947082.983
1640,374662775,1751947082983,1,0.0175,0.01781727,34.96,BTC-25JUL25-105000-P,107899.42,sell,0.5,0.5,,,,,,1751947082.983
1641,374662776,1751947082992,1,0.0175,0.01781727,34.96,BTC-25JUL25-105000-P,107899.42,sell,0.1,0.1,,,,,,1751947082.992
1642,374672303,1751961223221,2,0.015,0.01533997,34.14,BTC-25JUL25-105000-P,108465.1,sell,0.1,0.1,,,,,,1751961223.221
1643,374672997,1751961668491,3,0.015,0.01517787,34.17,BTC-25JUL25-105000-P,108471.55,buy,0.1,0.1,,,,,,1751961668.491
1644,374679817,1751971578951,2,0.013,0.01338235,33.09,BTC-25JUL25-105000-P,108845.47,sell,1.2,1.2,,,,,,1751971578.951
1645,374679818,1751971578951,3,0.013,0.01338235,33.09,BTC-25JUL25-105000-P,108845.47,sell,0.8,0.8,,,,,,1751971578.951
1646,374680291,1751972413877,3,0.013,0.0132567,33.29,BTC-25JUL25-105000-P,108884.6,sell,10.0,10.0,,,,,,1751972413.877
1647,374680292,1751972413877,3,0.013,0.0132567,33.29,BTC-25JUL25-105000-P,108884.6,sell,15.0,15.0,,,,,,1751972413.877
1648,374684847,1751977391306,0,0.0135,0.01329846,33.58,BTC-25JUL25-105000-P,108707.89,buy,0.1,0.1,,,,,,1751977391.306
1649,374684848,1751977391306,1,0.0135,0.01329846,33.58,BTC-25JUL25-105000-P,108707.89,buy,1.0,1.0,,,,,,1751977391.306
1650,374689468,1751981621467,2,0.013,0.01294975,33.23,BTC-25JUL25-105000-P,108778.1,buy,25.0,25.0,,,,,,1751981621.467
1651,374690794,1751982212506,3,0.013,0.01264845,33.9,BTC-25JUL25-105000-P,108949.46,buy,0.1,0.1,,,,,,1751982212.506
1652,374692210,1751982532067,2,0.0125,0.01242267,33.94,BTC-25JUL25-105000-P,109167.18,buy,0.4,0.4,,,,,,1751982532.067
1653,374692211,1751982532090,3,0.0125,0.01242267,33.94,BTC-25JUL25-105000-P,109167.18,buy,0.4,0.4,,,,,,1751982532.09
1654,374692213,1751982532883,3,0.0125,0.01242294,33.91,BTC-25JUL25-105000-P,109158.3,buy,0.1,0.1,,,,,,1751982532.883
1655,374692220,1751982535923,3,0.0125,0.012471,33.89,BTC-25JUL25-105000-P,109152.97,buy,0.1,0.1,,,,,,1751982535.923
1656,374709574,1751992504781,0,0.014,0.01412386,33.01,BTC-25JUL25-105000-P,108369.91,buy,0.2,0.2,,,,,,1751992504.781
1657,374712935,1751995187233,2,0.013,0.01305069,33.1,BTC-25JUL25-105000-P,108750.32,buy,0.1,0.1,,,,,,1751995187.233
1658,374715649,1751997400238,2,0.012,0.01241166,32.88,BTC-25JUL25-105000-P,109048.76,sell,0.1,0.1,,,,,,1751997400.238
1659,374717070,1751998353683,3,0.012,0.01230203,33.08,BTC-25JUL25-105000-P,109098.75,sell,0.1,0.1,,,,,,1751998353.683
1660,374728386,1752020086208,3,0.012,0.01252863,32.37,BTC-25JUL25-105000-P,108860.53,sell,0.1,0.1,,,,,,1752020086.208
1661,374731401,1752023758021,3,0.012,0.01199902,33.11,BTC-25JUL25-105000-P,109076.7,buy,0.1,0.1,,,,,,1752023758.021
1662,374731771,1752024107053,0,0.0125,0.01241676,33.28,BTC-25JUL25-105000-P,108951.16,buy,0.1,0.1,,,,,,1752024107.053
1663,374736722,1752031705593,0,0.013,0.01352809,32.3,BTC-25JUL25-105000-P,108444.29,sell,2.0,2.0,,,,,,1752031705.593
1665,374749826,1752048970917,1,0.013,0.01269342,33.96,BTC-25JUL25-105000-P,108800.06,buy,0.2,0.2,,,,,,1752048970.917
1664,374749825,1752048970917,1,0.013,0.01269342,33.96,BTC-25JUL25-105000-P,108800.06,buy,0.8,0.8,,,,,,1752048970.917
1666,374749832,1752048989875,1,0.013,0.01270346,33.94,BTC-25JUL25-105000-P,108801.08,buy,1.0,1.0,,,,,,1752048989.875
1667,374749852,1752049007822,1,0.013,0.0127097,33.92,BTC-25JUL25-105000-P,108794.96,buy,1.0,1.0,,,,,,1752049007.822
1668,374749902,1752049041585,1,0.013,0.01267469,34.02,BTC-25JUL25-105000-P,108824.35,buy,0.8,0.8,,,,,,1752049041.585
1669,374749903,1752049041585,1,0.013,0.01267469,34.02,BTC-25JUL25-105000-P,108824.35,buy,0.2,0.2,,,,,,1752049041.585
1670,374749922,1752049059423,1,0.013,0.01264084,34.04,BTC-25JUL25-105000-P,108832.78,buy,1.0,1.0,,,,,,1752049059.423
1671,374751182,1752051387287,1,0.013,0.01271884,33.54,BTC-25JUL25-105000-P,108696.0,sell,0.5,0.5,,,374751181,BTC-STRG-25JUL25-105000_113000,,1752051387.287
1672,374753814,1752057814325,2,0.0125,0.01240273,33.75,BTC-25JUL25-105000-P,108876.7,buy,0.9,0.9,,,,,,1752057814.325
1673,374753820,1752057845365,3,0.0125,0.01240855,33.75,BTC-25JUL25-105000-P,108878.1,buy,0.9,0.9,,,,,,1752057845.365
1674,374755304,1752060375055,2,0.012,0.01200862,33.79,BTC-25JUL25-105000-P,109074.86,sell,9.3,9.3,,,,,,1752060375.055
1675,374757158,1752062506136,3,0.012,0.01200327,33.66,BTC-25JUL25-105000-P,109027.48,buy,0.1,0.1,,,,,,1752062506.136
1677,374761166,1752064021180,3,0.011,0.01115764,33.83,BTC-25JUL25-105000-P,109495.06,sell,0.5,0.5,,,,,,1752064021.18
1676,374761165,1752064021180,2,0.011,0.01115764,33.83,BTC-25JUL25-105000-P,109495.06,sell,9.5,9.5,,,,,,1752064021.18
1678,374765812,1752066528535,2,0.0105,0.01029228,34.24,BTC-25JUL25-105000-P,109745.7,buy,0.2,0.2,,,,,,1752066528.535
1679,374766878,1752067089897,3,0.0105,0.010415,34.04,BTC-25JUL25-105000-P,109722.29,buy,4.8,4.8,,,,,,1752067089.897
1680,374767897,1752068039613,0,0.011,0.01081188,34.53,BTC-25JUL25-105000-P,109638.25,buy,1.0,1.0,,,,,,1752068039.613
1681,374772935,1752071366092,0,0.0115,0.01154386,33.6,BTC-25JUL25-105000-P,109170.27,buy,0.1,0.1,,,,,,1752071366.092
1682,374773514,1752071405113,0,0.012,0.01214034,33.37,BTC-25JUL25-105000-P,108915.25,buy,0.5,0.5,,,,,,1752071405.113
1683,374773618,1752071411860,1,0.012,0.01215535,33.22,BTC-25JUL25-105000-P,108876.83,buy,4.5,4.5,,,,,,1752071411.86
1684,374779228,1752073400691,2,0.011,0.01129893,32.74,BTC-25JUL25-105000-P,109154.16,sell,0.1,0.1,,,,,,1752073400.691
1685,374781379,1752075633741,0,0.012,0.01195788,33.14,BTC-25JUL25-105000-P,108865.88,buy,0.5,0.5,,,,,,1752075633.741
1686,374781666,1752076200327,2,0.0115,0.01164328,32.87,BTC-25JUL25-105000-P,108984.68,sell,1.5,1.5,,,,,,1752076200.327
1687,374786950,1752082504086,3,0.0115,0.01126061,33.33,BTC-25JUL25-105000-P,109072.11,buy,4.0,4.0,4.0,BLOCK-209315,,,8187.0,1752082504.086
1688,374794674,1752088722214,2,0.01,0.00990081,33.83,BTC-25JUL25-105000-P,109805.64,sell,0.5,0.5,,,,,,1752088722.214
1689,374807563,1752090037148,2,0.0085,0.00818319,35.9,BTC-25JUL25-105000-P,111140.29,sell,0.9,0.9,,,,,,1752090037.148
1690,374807565,1752090037149,3,0.0085,0.00818319,35.9,BTC-25JUL25-105000-P,111140.29,sell,0.1,0.1,,,,,,1752090037.149
1691,374814916,1752090756597,2,0.0075,0.00771572,36.09,BTC-25JUL25-105000-P,111732.75,sell,0.1,0.1,,,,,,1752090756.597
1692,374818601,1752091083412,0,0.0078,0.0081235,36.64,BTC-25JUL25-105000-P,111725.19,sell,200.0,200.0,2.0,BLOCK-209369,,BTC-PS-25JUL25-111000_105000,,1752091083.412
1693,374819916,1752091243456,0,0.008,0.00804865,37.19,BTC-25JUL25-105000-P,111778.48,sell,0.5,0.5,,,,,,1752091243.456
1695,374821981,1752091483965,1,0.009,0.00849377,38.38,BTC-25JUL25-105000-P,111617.37,buy,0.4,0.4,,,,,,1752091483.965
1694,374821980,1752091483965,0,0.009,0.00849377,38.38,BTC-25JUL25-105000-P,111617.37,buy,0.1,0.1,,,,,,1752091483.965
1696,374823491,1752091716467,1,0.009,0.0089151,37.56,BTC-25JUL25-105000-P,111391.02,buy,0.1,0.1,,,,,,1752091716.467
1697,374823575,1752091722627,1,0.009,0.00886413,37.29,BTC-25JUL25-105000-P,111314.66,buy,0.1,0.1,,,,,,1752091722.627
1698,374826129,1752092308163,2,0.0085,0.00860785,36.54,BTC-25JUL25-105000-P,111329.9,buy,0.1,0.1,,,,,,1752092308.163
1699,374828285,1752093124991,0,0.009,0.00916609,36.28,BTC-25JUL25-105000-P,110984.69,sell,0.1,0.1,,,,,,1752093124.991
1700,374830138,1752093822736,1,0.009,0.00899234,36.19,BTC-25JUL25-105000-P,110966.27,buy,0.1,0.1,,,,,,1752093822.736
1701,374830139,1752093822739,1,0.009,0.00899234,36.19,BTC-25JUL25-105000-P,110966.27,sell,0.1,0.1,,,,,,1752093822.739
1702,374830140,1752093822748,1,0.009,0.00899234,36.19,BTC-25JUL25-105000-P,110966.27,sell,12.4,12.4,,,,,,1752093822.748
1703,374830193,1752093887104,1,0.009,0.00896943,36.3,BTC-25JUL25-105000-P,110992.79,sell,7.4,7.4,,,,,,1752093887.104
1704,374833585,1752095106426,1,0.009,0.00862165,36.77,BTC-25JUL25-105000-P,111124.18,buy,0.1,0.1,,,,,,1752095106.426
1705,374834568,1752095398206,1,0.009,0.00870816,36.74,BTC-25JUL25-105000-P,111118.61,buy,0.5,0.5,,,,,,1752095398.206
1706,374836337,1752096466470,2,0.008,0.00846729,35.28,BTC-25JUL25-105000-P,111191.48,sell,0.1,0.1,,,,,,1752096466.47
1707,374836438,1752096563203,3,0.008,0.00842558,35.38,BTC-25JUL25-105000-P,111222.55,sell,0.1,0.1,,,,,,1752096563.203
1708,374836636,1752096680418,3,0.008,0.00862931,35.06,BTC-25JUL25-105000-P,111129.58,sell,0.1,0.1,,,,,,1752096680.418
1709,374839556,1752098800016,0,0.0086,0.00854077,36.02,BTC-25JUL25-105000-P,111091.56,buy,0.1,0.1,,,374839553,BTC-PBUT-25JUL25-95000_100000_105000,,1752098800.016
1710,374840044,1752098989861,2,0.0085,0.00840201,36.08,BTC-25JUL25-105000-P,111153.8,sell,0.4,0.4,,,374840042,BTC-PBUT-25JUL25-95000_100000_105000,,1752098989.861
1711,374840559,1752099067489,2,0.0083,0.00821281,36.11,BTC-25JUL25-105000-P,111236.35,buy,1.0,1.0,,,374840558,BTC-PBUT-25JUL25-95000_100000_105000,,1752099067.489
1712,374841238,1752099247937,2,0.0082,0.00807142,36.22,BTC-25JUL25-105000-P,111328.86,sell,0.1,0.1,,,374841236,BTC-PBUT-25JUL25-95000_100000_105000,,1752099247.937
1713,374841248,1752099250431,3,0.0082,0.00807196,36.22,BTC-25JUL25-105000-P,111330.17,sell,0.1,0.1,,,374841245,BTC-PBUT-25JUL25-95000_100000_105000,,1752099250.431
1714,374841265,1752099256857,3,0.0082,0.00806535,36.23,BTC-25JUL25-105000-P,111330.3,sell,0.1,0.1,,,374841264,BTC-PBUT-25JUL25-95000_100000_105000,,1752099256.857
1715,374842929,1752099494275,2,0.0081,0.00796529,36.22,BTC-25JUL25-105000-P,111349.32,buy,0.1,0.1,,,374842925,BTC-PBUT-25JUL25-95000_100000_105000,,1752099494.275
1716,374842930,1752099494275,3,0.0081,0.00796529,36.22,BTC-25JUL25-105000-P,111349.32,buy,1.9,1.9,,,374842926,BTC-PBUT-25JUL25-95000_100000_105000,,1752099494.275
1717,374855994,1752102530443,2,0.0079,0.00786018,36.25,BTC-25JUL25-105000-P,111460.31,buy,0.1,0.1,,,374855988,BTC-PBUT-25JUL25-95000_100000_105000,,1752102530.443
1718,374855995,1752102530443,3,0.0079,0.00786018,36.25,BTC-25JUL25-105000-P,111460.31,buy,0.7,0.7,,,374855989,BTC-PBUT-25JUL25-95000_100000_105000,,1752102530.443
1719,374858517,1752103516954,2,0.0078,0.00776046,36.32,BTC-25JUL25-105000-P,111544.68,sell,0.2,0.2,,,374858515,BTC-PBUT-25JUL25-95000_100000_105000,,1752103516.954
1720,374858607,1752103540341,3,0.0078,0.00774843,36.34,BTC-25JUL25-105000-P,111552.6,sell,0.2,0.2,,,374858606,BTC-PBUT-25JUL25-95000_100000_105000,,1752103540.341
1721,374867724,1752110252054,0,0.0082,0.00815096,35.58,BTC-25JUL25-105000-P,111081.27,sell,0.1,0.1,,,374867722,BTC-PBUT-25JUL25-95000_100000_105000,,1752110252.054
1722,374872381,1752113300931,2,0.008,0.00786152,36.14,BTC-25JUL25-105000-P,111310.73,buy,0.3,0.3,,,,,,1752113300.931
1723,374874785,1752114451966,2,0.0075,0.00781135,35.89,BTC-25JUL25-105000-P,111549.38,sell,0.1,0.1,,,,,,1752114451.966
1724,374878147,1752118789602,0,0.0085,0.00859674,36.15,BTC-25JUL25-105000-P,111085.34,buy,0.1,0.1,,,,,,1752118789.602
1725,374880839,1752122428374,2,0.008,0.00829989,35.35,BTC-25JUL25-105000-P,111142.3,sell,0.2,0.2,,,,,,1752122428.374
1726,374895601,1752136068137,2,0.0075,0.00773922,35.37,BTC-25JUL25-105000-P,111294.14,sell,1.4,1.4,,,,,,1752136068.137
1728,374898876,1752141294599,1,0.008,0.00789578,35.75,BTC-25JUL25-105000-P,111128.02,buy,0.8,0.8,,,,,,1752141294.599
1727,374898875,1752141294599,0,0.008,0.00789578,35.75,BTC-25JUL25-105000-P,111128.02,buy,1.0,1.0,,,,,,1752141294.599
1729,374898877,1752141294601,1,0.008,0.00789578,35.75,BTC-25JUL25-105000-P,111128.02,sell,0.2,0.2,,,,,,1752141294.601
1730,374903451,1752145974919,2,0.0077,0.00774465,35.28,BTC-25JUL25-105000-P,111162.18,sell,15.0,15.0,4.0,BLOCK-209535,,,,1752145974.919
1731,374906063,1752149145244,0,0.008,0.00806636,35.03,BTC-25JUL25-105000-P,110927.12,buy,0.1,0.1,,,,,,1752149145.244
1732,374906065,1752149145710,1,0.008,0.00807157,35.04,BTC-25JUL25-105000-P,110930.83,sell,1.0,1.0,,,,,,1752149145.71
1733,374906066,1752149145719,1,0.008,0.00807157,35.04,BTC-25JUL25-105000-P,110930.83,sell,0.3,0.3,,,,,,1752149145.719
1734,374906067,1752149145724,1,0.008,0.00807157,35.04,BTC-25JUL25-105000-P,110930.83,sell,0.3,0.3,,,,,,1752149145.724
1735,374907797,1752151157596,1,0.008,0.0082074,34.93,BTC-25JUL25-105000-P,110881.61,sell,0.1,0.1,,,,,,1752151157.596
1736,374914677,1752155649528,0,0.0085,0.00834664,35.79,BTC-25JUL25-105000-P,110864.08,buy,1.0,1.0,,,,,,1752155649.528
1737,374915071,1752155860419,1,0.0085,0.00858689,35.47,BTC-25JUL25-105000-P,110776.11,sell,2.0,2.0,,,,,,1752155860.419
1738,374916989,1752156939207,2,0.008,0.00790486,36.1,BTC-25JUL25-105000-P,111213.59,sell,1.0,1.0,,,,,,1752156939.207
1739,374925065,1752160401797,3,0.008,0.00809594,36.05,BTC-25JUL25-105000-P,111184.87,buy,0.2,0.2,,,,,,1752160401.797
1740,374934957,1752164267511,2,0.007,0.00725195,35.83,BTC-25JUL25-105000-P,111669.68,sell,0.5,0.5,,,,,,1752164267.511
1741,374934958,1752164267511,3,0.007,0.00725195,35.83,BTC-25JUL25-105000-P,111669.68,sell,1.8,1.8,,,,,,1752164267.511
1743,374934960,1752164267511,3,0.007,0.00725195,35.83,BTC-25JUL25-105000-P,111669.68,sell,15.0,15.0,,,,,,1752164267.511
1744,374934961,1752164267511,3,0.007,0.00725195,35.83,BTC-25JUL25-105000-P,111669.68,sell,6.4,6.4,,,,,,1752164267.511
1742,374934959,1752164267511,3,0.007,0.00725195,35.83,BTC-25JUL25-105000-P,111669.68,sell,1.3,1.3,,,,,,1752164267.511
1745,374943141,1752165371883,3,0.007,0.00648958,38.7,BTC-25JUL25-105000-P,112578.51,buy,0.5,0.5,,,,,,1752165371.883
1746,374943350,1752165454894,2,0.006,0.00636871,36.92,BTC-25JUL25-105000-P,112672.6,sell,0.1,0.1,,,,,,1752165454.894
1748,374943922,1752165546931,1,0.0065,0.00628747,38.2,BTC-25JUL25-105000-P,112750.63,buy,0.2,0.2,,,,,,1752165546.931
1747,374943921,1752165546931,0,0.0065,0.00628747,38.2,BTC-25JUL25-105000-P,112750.63,buy,0.1,0.1,,,,,,1752165546.931
1749,374943923,1752165546931,1,0.0065,0.00628747,38.2,BTC-25JUL25-105000-P,112750.63,buy,0.1,0.1,,,,,,1752165546.931
1750,374945222,1752165768928,1,0.0065,0.00634214,38.14,BTC-25JUL25-105000-P,112727.77,buy,0.3,0.3,,,,,,1752165768.928
1752,374945224,1752165768928,1,0.0065,0.00634214,38.14,BTC-25JUL25-105000-P,112727.77,buy,1.0,1.0,,,,,,1752165768.928
1751,374945223,1752165768928,1,0.0065,0.00634214,38.14,BTC-25JUL25-105000-P,112727.77,buy,0.2,0.2,,,,,,1752165768.928
1753,374945225,1752165768931,1,0.0065,0.00634214,38.14,BTC-25JUL25-105000-P,112727.77,sell,2.9,2.9,,,,,,1752165768.931
1754,374945226,1752165768931,1,0.0065,0.00634214,38.14,BTC-25JUL25-105000-P,112727.77,sell,2.9,2.9,,,,,,1752165768.931
1755,374947008,1752166114104,0,0.007,0.00657017,38.78,BTC-25JUL25-105000-P,112620.56,buy,0.9,0.9,,,,,,1752166114.104
1756,374947976,1752166378929,2,0.0065,0.00668213,37.54,BTC-25JUL25-105000-P,112558.88,sell,0.1,0.1,,,,,,1752166378.929
1758,374949067,1752166659283,1,0.007,0.00656163,38.8,BTC-25JUL25-105000-P,112646.92,buy,0.9,0.9,,,,,,1752166659.283
1757,374949066,1752166659283,0,0.007,0.00656163,38.8,BTC-25JUL25-105000-P,112646.92,buy,0.1,0.1,,,,,,1752166659.283
1761,374950134,1752166880786,1,0.007,0.00654946,38.83,BTC-25JUL25-105000-P,112664.56,buy,2.0,2.0,,,,,,1752166880.786
1760,374950133,1752166880786,1,0.007,0.00654946,38.83,BTC-25JUL25-105000-P,112664.56,buy,2.0,2.0,,,,,,1752166880.786
1759,374950132,1752166880786,1,0.007,0.00654946,38.83,BTC-25JUL25-105000-P,112664.56,buy,0.7,0.7,,,,,,1752166880.786
1763,374950136,1752166880786,1,0.007,0.00654946,38.83,BTC-25JUL25-105000-P,112664.56,buy,0.8,0.8,,,,,,1752166880.786
1762,374950135,1752166880786,1,0.007,0.00654946,38.83,BTC-25JUL25-105000-P,112664.56,buy,2.0,2.0,,,,,,1752166880.786
1764,374955036,1752167307914,2,0.006,0.00616995,37.73,BTC-25JUL25-105000-P,113018.08,sell,0.1,0.1,,,,,,1752167307.914
1765,374956607,1752167432037,3,0.006,0.00571587,38.68,BTC-25JUL25-105000-P,113328.0,buy,0.2,0.2,,,,,,1752167432.037
1766,374956608,1752167432037,3,0.006,0.00571587,38.68,BTC-25JUL25-105000-P,113328.0,buy,1.5,1.5,,,,,,1752167432.037
1767,374957392,1752167559522,3,0.006,0.00577801,38.66,BTC-25JUL25-105000-P,113314.91,sell,0.5,0.5,,,,,,1752167559.522
1768,374959726,1752167834409,3,0.006,0.00580175,38.82,BTC-25JUL25-105000-P,113344.4,buy,0.2,0.2,,,,,,1752167834.409
1769,374960602,1752167877037,3,0.006,0.00586795,38.69,BTC-25JUL25-105000-P,113300.9,sell,0.2,0.2,,,,,,1752167877.037
1770,374961934,1752168008248,3,0.006,0.00586975,38.74,BTC-25JUL25-105000-P,113323.58,sell,0.1,0.1,,,,,,1752168008.248
1772,374965104,1752168652561,3,0.006,0.00570282,39.4,BTC-25JUL25-105000-P,113527.86,buy,0.4,0.4,,,,,,1752168652.561
1771,374965103,1752168652561,3,0.006,0.00570282,39.4,BTC-25JUL25-105000-P,113527.86,buy,0.1,0.1,,,,,,1752168652.561
1773,374968791,1752169178124,2,0.0055,0.00545659,38.91,BTC-25JUL25-105000-P,113735.47,sell,1.5,1.5,,,,,,1752169178.124
1774,374970530,1752169720372,0,0.006,0.00561794,39.59,BTC-25JUL25-105000-P,113571.72,buy,0.6,0.6,,,,,,1752169720.372
1775,374971175,1752169924637,1,0.006,0.00536239,40.14,BTC-25JUL25-105000-P,113744.45,buy,0.4,0.4,,,,,,1752169924.637
1776,374978314,1752172598264,2,0.0055,0.00572257,37.83,BTC-25JUL25-105000-P,113340.03,buy,0.2,0.2,,,,,,1752172598.264
1777,374978315,1752172598267,3,0.0055,0.00572257,37.83,BTC-25JUL25-105000-P,113340.03,buy,0.8,0.8,,,,,,1752172598.267
1778,374979031,1752172887173,0,0.006,0.00594185,38.37,BTC-25JUL25-105000-P,113140.98,buy,0.1,0.1,,,,,,1752172887.173
1779,374979032,1752172887175,1,0.006,0.00594185,38.37,BTC-25JUL25-105000-P,113140.98,sell,0.9,0.9,,,,,,1752172887.175
1780,374981853,1752174396157,2,0.005,0.00521256,37.56,BTC-25JUL25-105000-P,113650.19,sell,0.3,0.3,,,,,,1752174396.157
1781,374983879,1752175439703,0,0.0055,0.0054472,38.27,BTC-25JUL25-105000-P,113531.91,buy,0.1,0.1,,,,,,1752175439.703
1782,374983880,1752175439705,1,0.0055,0.0054472,38.27,BTC-25JUL25-105000-P,113531.91,sell,0.2,0.2,,,,,,1752175439.705
1783,374990399,1752177592265,2,0.0053,0.00531624,37.45,BTC-25JUL25-105000-P,113413.82,buy,2.2,2.2,,,374990398,BTC-PCAL-25JUL25_18JUL25-105000,,1752177592.265
1785,374993123,1752178277482,3,0.005,0.00524177,36.89,BTC-25JUL25-105000-P,113449.78,sell,0.1,0.1,,,,,,1752178277.482
1784,374993122,1752178277482,2,0.005,0.00524177,36.89,BTC-25JUL25-105000-P,113449.78,sell,0.1,0.1,,,,,,1752178277.482
1786,374993124,1752178277482,3,0.005,0.00524177,36.89,BTC-25JUL25-105000-P,113449.78,sell,1.8,1.8,,,,,,1752178277.482
1787,374996428,1752180215982,3,0.005,0.00502053,37.44,BTC-25JUL25-105000-P,113634.63,sell,0.1,0.1,,,,,,1752180215.982
1788,374996432,1752180223463,3,0.005,0.0050185,37.45,BTC-25JUL25-105000-P,113637.63,sell,0.1,0.1,,,,,,1752180223.463
1789,375001812,1752182254085,2,0.004,0.00395021,37.73,BTC-25JUL25-105000-P,114629.25,sell,1.0,1.0,,,,,,1752182254.085
1790,375008641,1752182364265,2,0.0032,0.00315235,38.46,BTC-25JUL25-105000-P,115703.74,sell,1.3,1.3,,,,,,1752182364.265
1791,375008652,1752182364290,3,0.0032,0.00315235,38.46,BTC-25JUL25-105000-P,115703.74,sell,0.2,0.2,,,,,,1752182364.29
1792,375008664,1752182364313,3,0.0032,0.00315235,38.46,BTC-25JUL25-105000-P,115703.74,sell,0.1,0.1,,,,,,1752182364.313
1793,375008699,1752182364342,3,0.0032,0.00315235,38.46,BTC-25JUL25-105000-P,115703.74,sell,0.3,0.3,,,,,,1752182364.342
1794,375008720,1752182364427,3,0.0032,0.00315235,38.46,BTC-25JUL25-105000-P,115703.74,sell,0.1,0.1,,,,,,1752182364.427
1796,375025979,1752182712233,1,0.0035,0.00336967,39.66,BTC-25JUL25-105000-P,116004.23,buy,0.2,0.2,,,,,,1752182712.233
1795,375025978,1752182712233,0,0.0035,0.00336967,39.66,BTC-25JUL25-105000-P,116004.23,buy,0.1,0.1,,,,,,1752182712.233
1797,375034596,1752183006049,1,0.0035,0.00354121,39.03,BTC-25JUL25-105000-P,115757.12,buy,0.2,0.2,,,,,,1752183006.049
1798,375034718,1752183011911,0,0.0038,0.00355349,39.92,BTC-25JUL25-105000-P,115770.97,buy,0.1,0.1,,,,,,1752183011.911
1799,375042415,1752183561347,2,0.0033,0.00331891,39.63,BTC-25JUL25-105000-P,116243.07,buy,0.5,0.5,,,,,,1752183561.347
1800,375051845,1752184210993,3,0.0033,0.0031294,40.44,BTC-25JUL25-105000-P,116551.36,sell,0.8,0.8,,,,,,1752184210.993
1801,375056976,1752184863757,0,0.0036,0.00351723,40.89,BTC-25JUL25-105000-P,116355.18,sell,0.1,0.1,,,,,,1752184863.757
1804,375057339,1752184905085,1,0.0037,0.00347958,41.28,BTC-25JUL25-105000-P,116399.88,buy,0.2,0.2,,,,,,1752184905.085
1802,375057337,1752184905085,0,0.0037,0.00347958,41.28,BTC-25JUL25-105000-P,116399.88,buy,0.1,0.1,,,,,,1752184905.085
1803,375057338,1752184905085,1,0.0037,0.00347958,41.28,BTC-25JUL25-105000-P,116399.88,buy,0.2,0.2,,,,,,1752184905.085
1805,375062645,1752185526274,0,0.0039,0.00378876,41.28,BTC-25JUL25-105000-P,116126.72,buy,0.2,0.2,,,,,,1752185526.274
1806,375064908,1752186011145,2,0.0038,0.00376505,41.24,BTC-25JUL25-105000-P,116217.68,sell,0.1,0.1,,,,,,1752186011.145
1807,375069088,1752187191058,2,0.0036,0.00367277,39.69,BTC-25JUL25-105000-P,115846.85,sell,0.1,0.1,,,,,,1752187191.058
1808,375070395,1752187631884,2,0.0035,0.00349383,39.88,BTC-25JUL25-105000-P,116020.34,sell,0.1,0.1,,,,,,1752187631.884
1809,375073153,1752188569822,2,0.0034,0.0035987,39.43,BTC-25JUL25-105000-P,115949.76,buy,1.0,1.0,,,,,,1752188569.822
1810,375075442,1752189613479,0,0.0035,0.00345046,39.69,BTC-25JUL25-105000-P,115935.26,buy,0.1,0.1,,,,,,1752189613.479
1811,375077730,1752190848934,2,0.0034,0.00348205,38.89,BTC-25JUL25-105000-P,115702.63,buy,0.1,0.1,,,,,,1752190848.934
1812,375077731,1752190849055,3,0.0034,0.00348205,38.89,BTC-25JUL25-105000-P,115702.63,buy,0.4,0.4,,,,,,1752190849.055
1813,375077775,1752190941715,3,0.0034,0.00347732,38.86,BTC-25JUL25-105000-P,115694.88,buy,0.1,0.1,,,,,,1752190941.715
1814,375077779,1752190943809,3,0.0034,0.00347692,38.86,BTC-25JUL25-105000-P,115695.43,buy,0.4,0.4,,,,,,1752190943.809
1815,375077780,1752190945929,3,0.0034,0.00347637,38.86,BTC-25JUL25-105000-P,115695.45,buy,0.5,0.5,,,,,,1752190945.929
1816,375089745,1752195414598,2,0.0033,0.00334988,38.5,BTC-25JUL25-105000-P,115648.38,sell,0.4,0.4,,,,,,1752195414.598
1817,375100714,1752200263040,2,0.003,0.00300272,38.93,BTC-25JUL25-105000-P,116139.9,sell,0.4,0.4,,,,,,1752200263.04
1818,375110923,1752202329395,2,0.0027,0.00280861,39.08,BTC-25JUL25-105000-P,116635.93,sell,0.6,0.6,,,,,,1752202329.395
1819,375111053,1752202360768,0,0.0029,0.00280675,39.8,BTC-25JUL25-105000-P,116643.46,buy,0.2,0.2,,,,,,1752202360.768
1820,375111054,1752202360770,1,0.0029,0.00280675,39.8,BTC-25JUL25-105000-P,116643.46,sell,0.4,0.4,,,,,,1752202360.77
1821,375111360,1752202438049,0,0.003,0.00276506,40.31,BTC-25JUL25-105000-P,116712.74,buy,0.1,0.1,,,,,,1752202438.049
1822,375111361,1752202438049,1,0.003,0.00276506,40.31,BTC-25JUL25-105000-P,116712.74,buy,0.1,0.1,,,,,,1752202438.049
1823,375114631,1752204015195,2,0.0029,0.00289655,39.56,BTC-25JUL25-105000-P,116557.43,sell,1.0,1.0,,,,,,1752204015.195
1824,375116748,1752204995123,0,0.003,0.00294234,39.9,BTC-25JUL25-105000-P,116539.69,sell,0.2,0.2,,,375116746,BTC-PBUT-25JUL25-100000_105000_110000,,1752204995.123
1825,375116753,1752204995171,1,0.003,0.00294234,39.9,BTC-25JUL25-105000-P,116539.69,buy,0.2,0.2,,,375116750,BTC-PBUT-25JUL25-100000_105000_110000,,1752204995.171
1826,375117000,1752205116749,1,0.003,0.00295491,39.83,BTC-25JUL25-105000-P,116515.26,buy,0.2,0.2,,,,,,1752205116.749
1827,375119178,1752205899317,2,0.0026,0.00275897,39.05,BTC-25JUL25-105000-P,116750.66,sell,1.0,1.0,,,,,,1752205899.317
1828,375120143,1752206340955,3,0.0026,0.00267765,39.43,BTC-25JUL25-105000-P,116882.9,sell,1.0,1.0,,,,,,1752206340.955
1830,375120322,1752206411361,1,0.0027,0.00267509,39.77,BTC-25JUL25-105000-P,116880.47,buy,1.0,1.0,,,,,,1752206411.361
1829,375120321,1752206411361,0,0.0027,0.00267509,39.77,BTC-25JUL25-105000-P,116880.47,buy,0.2,0.2,,,,,,1752206411.361
1831,375121284,1752207186601,0,0.0029,0.00288905,39.84,BTC-25JUL25-105000-P,116620.75,buy,0.2,0.2,,,375121282,BTC-PBUT-25JUL25-100000_105000_110000,,1752207186.601
1832,375121573,1752207476725,0,0.003,0.00281871,40.3,BTC-25JUL25-105000-P,116652.87,buy,2.0,2.0,,,375121572,BTC-PCAL-29AUG25_25JUL25-105000,,1752207476.725
1833,375123870,1752209165252,2,0.0028,0.00281271,39.78,BTC-25JUL25-105000-P,116711.48,sell,1.0,1.0,,,,,,1752209165.252
1834,375142476,1752211902648,2,0.0027,0.00269973,41.63,BTC-25JUL25-105000-P,117515.84,buy,0.2,0.2,,,,,,1752211902.648
1835,375158785,1752213015308,2,0.0026,0.00259213,42.99,BTC-25JUL25-105000-P,118270.38,buy,0.2,0.2,,,,,,1752213015.308
1836,375162005,1752213196801,0,0.0027,0.00256482,43.7,BTC-25JUL25-105000-P,118404.9,buy,0.1,0.1,,,,,,1752213196.801
1837,375162006,1752213196801,1,0.0027,0.00256482,43.7,BTC-25JUL25-105000-P,118404.9,buy,0.2,0.2,,,,,,1752213196.801
1839,375169461,1752213718797,1,0.0032,0.00300481,44.39,BTC-25JUL25-105000-P,117933.07,buy,0.2,0.2,,,,,,1752213718.797
1838,375169460,1752213718797,0,0.0032,0.00300481,44.39,BTC-25JUL25-105000-P,117933.07,buy,0.1,0.1,,,,,,1752213718.797
1840,375169465,1752213718800,1,0.0032,0.00300481,44.39,BTC-25JUL25-105000-P,117933.07,sell,3.4,3.4,,,,,,1752213718.8
1841,375169559,1752213734037,2,0.0031,0.00296946,44.19,BTC-25JUL25-105000-P,117984.65,sell,0.1,0.1,,,,,,1752213734.037
1842,375176035,1752214213858,2,0.003,0.00294507,44.55,BTC-25JUL25-105000-P,118310.14,buy,0.1,0.1,,,,,,1752214213.858
1843,375180788,1752214906042,0,0.0031,0.00304937,44.86,BTC-25JUL25-105000-P,118277.34,sell,1.0,1.0,,,,,,1752214906.042
1844,375182746,1752215404347,1,0.0031,0.00310039,44.64,BTC-25JUL25-105000-P,118206.64,buy,0.6,0.6,,,,,,1752215404.347
1845,375185968,1752216196265,2,0.0029,0.00306395,43.51,BTC-25JUL25-105000-P,118004.43,sell,2.1,2.1,,,,,,1752216196.265
1847,375186087,1752216205720,3,0.0028,0.00303061,43.18,BTC-25JUL25-105000-P,118016.95,sell,16.0,16.0,,,,,,1752216205.72
1846,375186086,1752216205720,2,0.0028,0.00303061,43.18,BTC-25JUL25-105000-P,118016.95,sell,1.9,1.9,,,,,,1752216205.72
1848,375188381,1752216579361,0,0.003,0.00310675,43.37,BTC-25JUL25-105000-P,117840.37,buy,0.2,0.2,,,375188378,BTC-PBUT-25JUL25-100000_105000_110000,,1752216579.361
1849,375189913,1752216853491,1,0.003,0.00308425,43.26,BTC-25JUL25-105000-P,117768.3,sell,9.0,9.0,,,375189912,BTC-PBUT-25JUL25-100000_105000_110000,,1752216853.491
1850,375190883,1752217184518,0,0.0031,0.00313094,43.39,BTC-25JUL25-105000-P,117651.98,buy,1.4,1.4,,,,,,1752217184.518
1851,375192837,1752217629617,0,0.0032,0.00327959,43.5,BTC-25JUL25-105000-P,117537.9,sell,1.0,1.0,,,375192835,BTC-PBUT-25JUL25-100000_105000_110000,,1752217629.617
1852,375213356,1752221897396,2,0.003,0.00299777,43.96,BTC-25JUL25-105000-P,117965.68,sell,0.1,0.1,,,,,,1752221897.396
1853,375215615,1752222920688,2,0.0026,0.00271824,42.89,BTC-25JUL25-105000-P,118139.39,sell,14.0,14.0,3.0,BLOCK-209988,,BTC-PBUT-25JUL25-100000_105000_110000,,1752222920.688
1854,375217542,1752223488214,0,0.0027,0.00271721,42.95,BTC-25JUL25-105000-P,118020.3,buy,0.2,0.2,,,375217540,BTC-PBUT-25JUL25-100000_105000_110000,,1752223488.214
1855,375217546,1752223489217,1,0.0027,0.00271816,43.0,BTC-25JUL25-105000-P,118039.28,buy,0.2,0.2,,,375217544,BTC-PBUT-25JUL25-100000_105000_110000,,1752223489.217
1856,375217572,1752223501243,1,0.0027,0.00269914,43.03,BTC-25JUL25-105000-P,118052.98,buy,0.2,0.2,,,375217569,BTC-PBUT-25JUL25-100000_105000_110000,,1752223501.243
1857,375218552,1752223936035,0,0.0028,0.00265256,43.51,BTC-25JUL25-105000-P,118079.21,sell,10.0,10.0,,,375218551,BTC-PS-25JUL25-105000_95000,,1752223936.035
1858,375219141,1752224183831,2,0.0026,0.00267126,42.58,BTC-25JUL25-105000-P,117994.18,sell,0.2,0.2,,,,,,1752224183.831
1859,375219438,1752224485418,2,0.0025,0.00250616,42.24,BTC-25JUL25-105000-P,118014.61,buy,0.2,0.2,,,,,,1752224485.418
1860,375220060,1752224792066,2,0.0024,0.00240705,41.85,BTC-25JUL25-105000-P,118009.97,sell,0.2,0.2,,,,,,1752224792.066
1861,375220541,1752224974534,3,0.0024,0.00235876,41.9,BTC-25JUL25-105000-P,118027.94,sell,0.2,0.2,,,375220538,BTC-PBUT-25JUL25-100000_105000_110000,,1752224974.534
1862,375221034,1752225300029,2,0.0023,0.00233718,41.58,BTC-25JUL25-105000-P,118072.26,buy,3.2,3.2,,,375221033,BTC-PBUT-25JUL25-100000_105000_110000,,1752225300.029
1863,375221997,1752225649368,3,0.0023,0.00227524,41.92,BTC-25JUL25-105000-P,118219.96,buy,0.2,0.2,,,,,,1752225649.368
1864,375223163,1752226283130,2,0.0022,0.00229088,41.48,BTC-25JUL25-105000-P,118222.85,sell,0.2,0.2,,,,,,1752226283.13
1865,375223295,1752226371183,3,0.0022,0.00224627,41.65,BTC-25JUL25-105000-P,118291.51,sell,0.2,0.2,,,,,,1752226371.183
1866,375223469,1752226440977,3,0.0022,0.00221566,41.78,BTC-25JUL25-105000-P,118348.71,sell,0.2,0.2,,,,,,1752226440.977
1867,375223493,1752226441192,3,0.0022,0.00221566,41.78,BTC-25JUL25-105000-P,118348.71,sell,0.1,0.1,,,,,,1752226441.192
1868,375223498,1752226442136,3,0.0022,0.00221493,41.78,BTC-25JUL25-105000-P,118349.75,sell,0.8,0.8,,,,,,1752226442.136
1869,375223508,1752226445362,3,0.0022,0.00220425,41.84,BTC-25JUL25-105000-P,118375.17,sell,0.2,0.2,,,,,,1752226445.362
1870,375223626,1752226466492,3,0.0022,0.00217837,41.95,BTC-25JUL25-105000-P,118421.43,sell,3.3,3.3,,,,,,1752226466.492
1871,375226459,1752226852651,2,0.002,0.0021101,41.48,BTC-25JUL25-105000-P,118594.09,sell,0.1,0.1,,,,,,1752226852.651
1872,375226460,1752226853398,3,0.002,0.00213849,41.46,BTC-25JUL25-105000-P,118599.9,sell,0.1,0.1,,,,,,1752226853.398
1874,375227159,1752227053210,1,0.0022,0.00210197,42.57,BTC-25JUL25-105000-P,118666.85,buy,0.1,0.1,,,,,,1752227053.21
1875,375227160,1752227053210,1,0.0022,0.00210197,42.57,BTC-25JUL25-105000-P,118666.85,buy,0.2,0.2,,,,,,1752227053.21
1876,375227161,1752227053210,1,0.0022,0.00210197,42.57,BTC-25JUL25-105000-P,118666.85,buy,1.6,1.6,,,,,,1752227053.21
1873,375227158,1752227053210,0,0.0022,0.00210197,42.57,BTC-25JUL25-105000-P,118666.85,buy,0.1,0.1,,,,,,1752227053.21
1877,375227620,1752227211834,1,0.0022,0.00206215,42.76,BTC-25JUL25-105000-P,118742.75,sell,0.1,0.1,,,,,,1752227211.834
1878,375227878,1752227283330,1,0.0022,0.00207856,42.72,BTC-25JUL25-105000-P,118722.21,buy,0.1,0.1,,,,,,1752227283.33
1879,375228161,1752227393911,1,0.0022,0.00206568,42.8,BTC-25JUL25-105000-P,118757.77,buy,0.1,0.1,,,,,,1752227393.911
1880,375228478,1752227514715,2,0.0021,0.00209992,42.21,BTC-25JUL25-105000-P,118698.99,sell,0.2,0.2,,,375228476,BTC-PBUT-25JUL25-100000_105000_110000,,1752227514.715
1881,375234200,1752229752903,2,0.002,0.00200437,40.87,BTC-25JUL25-105000-P,118284.65,buy,0.3,0.3,,,,,,1752229752.903
1882,375234201,1752229752903,3,0.002,0.00200437,40.87,BTC-25JUL25-105000-P,118284.65,buy,0.1,0.1,,,,,,1752229752.903
1883,375234885,1752229984431,0,0.0021,0.00205893,41.1,BTC-25JUL25-105000-P,118190.47,buy,2.1,2.1,,,,,,1752229984.431
1884,375234886,1752229984439,1,0.0021,0.00205893,41.1,BTC-25JUL25-105000-P,118190.47,sell,15.0,15.0,,,,,,1752229984.439
1885,375235003,1752230022076,2,0.0018,0.00206762,39.68,BTC-25JUL25-105000-P,118165.36,sell,1000.0,1000.0,5.0,BLOCK-210027,,,,1752230022.076
1886,375235215,1752230097260,0,0.0019,0.00204273,40.23,BTC-25JUL25-105000-P,118198.11,sell,0.3,0.3,,,,,,1752230097.26
1887,375235216,1752230097265,1,0.0019,0.00204273,40.23,BTC-25JUL25-105000-P,118198.11,sell,0.2,0.2,,,,,,1752230097.265
1888,375240154,1752232372555,0,0.0021,0.00212094,40.23,BTC-25JUL25-105000-P,117856.46,buy,0.1,0.1,,,,,,1752232372.555
1889,375242629,1752232966413,0,0.0022,0.00214676,40.25,BTC-25JUL25-105000-P,117699.9,buy,1.0,1.0,,,,,,1752232966.413
1890,375242632,1752232977049,1,0.0022,0.00214767,40.24,BTC-25JUL25-105000-P,117696.12,buy,1.0,1.0,,,,,,1752232977.049
1891,375242837,1752232985201,1,0.0022,0.00215157,40.21,BTC-25JUL25-105000-P,117675.82,buy,1.0,1.0,,,,,,1752232985.201
1892,375242842,1752232991561,1,0.0022,0.00215665,40.21,BTC-25JUL25-105000-P,117674.53,buy,0.5,0.5,,,,,,1752232991.561
1893,375243095,1752233027926,1,0.0022,0.00216407,40.17,BTC-25JUL25-105000-P,117660.5,buy,0.5,0.5,,,,,,1752233027.926
1894,375243784,1752233192718,1,0.0022,0.002175,40.12,BTC-25JUL25-105000-P,117642.27,buy,0.2,0.2,,,375243782,BTC-PBUT-25JUL25-100000_105000_110000,,1752233192.718
1895,375245848,1752233687812,2,0.0021,0.00212926,40.0,BTC-25JUL25-105000-P,117758.45,buy,1.8,1.8,,,375245847,BTC-PBUT-25JUL25-100000_105000_110000,,1752233687.812
1896,375245857,1752233690413,0,0.0022,0.00212992,40.42,BTC-25JUL25-105000-P,117757.6,buy,0.8,0.8,,,375245854,BTC-PBUT-25JUL25-100000_105000_110000,,1752233690.413
1897,375247569,1752234491145,2,0.002,0.00216813,39.56,BTC-25JUL25-105000-P,117726.08,sell,0.1,0.1,,,,,,1752234491.145
1898,375248793,1752235258401,3,0.002,0.00212976,39.94,BTC-25JUL25-105000-P,117878.91,sell,0.1,0.1,,,,,,1752235258.401
1899,375248950,1752235325511,3,0.002,0.00213204,39.94,BTC-25JUL25-105000-P,117882.2,sell,0.1,0.1,,,,,,1752235325.511
1900,375250479,1752236007254,0,0.0022,0.00200269,41.47,BTC-25JUL25-105000-P,118174.89,buy,15.0,15.0,2.0,BLOCK-210056,,,,1752236007.254
1901,375250860,1752236159329,2,0.0019,0.00203868,40.09,BTC-25JUL25-105000-P,118170.61,sell,0.1,0.1,,,,,,1752236159.329
1902,375254263,1752237092224,0,0.0023,0.00227776,40.89,BTC-25JUL25-105000-P,117780.27,buy,1.0,1.0,,,,,,1752237092.224
1905,375259087,1752239126458,3,0.0021,0.00222112,40.39,BTC-25JUL25-105000-P,117921.32,sell,25.0,25.0,,,,,,1752239126.458
1904,375259086,1752239126458,3,0.0021,0.00222112,40.39,BTC-25JUL25-105000-P,117921.32,sell,2.0,2.0,,,,,,1752239126.458
1903,375259085,1752239126458,2,0.0021,0.00222112,40.39,BTC-25JUL25-105000-P,117921.32,sell,23.0,23.0,,,,,,1752239126.458
1907,375260308,1752239336474,2,0.002,0.00226406,39.75,BTC-25JUL25-105000-P,117813.41,sell,19.9,19.9,,,,,,1752239336.474
1906,375260307,1752239336474,3,0.0021,0.00226406,40.18,BTC-25JUL25-105000-P,117813.41,sell,0.1,0.1,,,,,,1752239336.474
1908,375271730,1752241141027,0,0.0022,0.00226401,39.97,BTC-25JUL25-105000-P,117551.22,buy,2.0,2.0,,,,,,1752241141.027
1909,375273160,1752241513747,0,0.0023,0.00241893,39.91,BTC-25JUL25-105000-P,117342.15,sell,0.2,0.2,,,,,,1752241513.747
1910,375273598,1752241626219,1,0.0023,0.00237288,40.02,BTC-25JUL25-105000-P,117375.14,sell,0.1,0.1,,,,,,1752241626.219
1911,375276060,1752242479588,2,0.002,0.00208988,40.11,BTC-25JUL25-105000-P,117962.37,sell,0.1,0.1,,,,,,1752242479.588
1912,375278256,1752243262170,0,0.0021,0.00203639,40.57,BTC-25JUL25-105000-P,117978.7,sell,0.2,0.2,,,375278254,BTC-PBUT-25JUL25-100000_105000_110000,,1752243262.17
1913,375278293,1752243286488,1,0.0021,0.00203871,40.54,BTC-25JUL25-105000-P,117967.32,sell,3.8,3.8,,,375278291,BTC-PBUT-25JUL25-100000_105000_110000,,1752243286.488
1914,375278391,1752243320946,1,0.0021,0.00203935,40.49,BTC-25JUL25-105000-P,117944.35,sell,6.0,6.0,,,375278388,BTC-PBUT-25JUL25-100000_105000_110000,,1752243320.946
1915,375307141,1752249016764,0,0.0022,0.00227095,39.31,BTC-25JUL25-105000-P,117171.93,buy,0.1,0.1,,,,,,1752249016.764
1916,375317522,1752250941355,0,0.0025,0.00236799,40.31,BTC-25JUL25-105000-P,117070.15,buy,0.1,0.1,,,,,,1752250941.355
1918,375317524,1752250941355,1,0.0026,0.00236799,40.69,BTC-25JUL25-105000-P,117070.15,buy,2.2,2.2,,,,,,1752250941.355
1917,375317523,1752250941355,0,0.0026,0.00236799,40.69,BTC-25JUL25-105000-P,117070.15,buy,0.3,0.3,,,,,,1752250941.355
1919,375317525,1752250941358,1,0.0026,0.00236799,40.69,BTC-25JUL25-105000-P,117070.15,sell,7.4,7.4,,,,,,1752250941.358
1920,375321808,1752253471716,2,0.0023,0.00232147,40.67,BTC-25JUL25-105000-P,117530.76,sell,10.0,10.0,,,,,,1752253471.716
1921,375331920,1752258517530,2,0.0021,0.00213031,39.57,BTC-25JUL25-105000-P,117418.63,buy,0.5,0.5,,,,,,1752258517.53
1922,375342451,1752263486364,0,0.0022,0.00198804,41.3,BTC-25JUL25-105000-P,117976.62,buy,0.4,0.4,,,,,,1752263486.364
1923,375342453,1752263487801,1,0.0022,0.00198691,41.31,BTC-25JUL25-105000-P,117975.43,buy,0.4,0.4,,,,,,1752263487.801
1924,375342454,1752263489239,1,0.0022,0.0019869,41.3,BTC-25JUL25-105000-P,117975.0,buy,1.2,1.2,,,,,,1752263489.239
1925,375342455,1752263490677,1,0.0022,0.0019868,41.3,BTC-25JUL25-105000-P,117975.11,buy,0.3,0.3,,,,,,1752263490.677
1926,375342456,1752263490677,1,0.0022,0.0019868,41.3,BTC-25JUL25-105000-P,117975.11,buy,1.0,1.0,,,,,,1752263490.677
1927,375342457,1752263490677,1,0.0022,0.0019868,41.3,BTC-25JUL25-105000-P,117975.11,buy,0.3,0.3,,,,,,1752263490.677
1929,375342460,1752263492123,1,0.0022,0.00198676,41.31,BTC-25JUL25-105000-P,117970.72,buy,0.1,0.1,,,,,,1752263492.123
1928,375342459,1752263492123,1,0.0022,0.00198676,41.31,BTC-25JUL25-105000-P,117970.72,buy,0.3,0.3,,,,,,1752263492.123
1930,375342461,1752263493571,1,0.0022,0.00198631,41.3,BTC-25JUL25-105000-P,117967.98,buy,0.4,0.4,,,,,,1752263493.571
1931,375342462,1752263495016,1,0.0022,0.00199081,41.29,BTC-25JUL25-105000-P,117969.69,buy,0.4,0.4,,,,,,1752263495.016
1932,375342463,1752263496454,1,0.0022,0.00199081,41.29,BTC-25JUL25-105000-P,117969.69,buy,0.4,0.4,,,,,,1752263496.454
1933,375342465,1752263497895,1,0.0022,0.00199121,41.31,BTC-25JUL25-105000-P,117974.91,buy,0.4,0.4,,,,,,1752263497.895
1934,375348672,1752267532966,0,0.0024,0.0023697,41.67,BTC-25JUL25-105000-P,117739.08,buy,1.0,1.0,,,,,,1752267532.966
1935,375348673,1752267532966,1,0.0024,0.0023697,41.67,BTC-25JUL25-105000-P,117739.08,buy,1.3,1.3,,,,,,1752267532.966
1936,375348879,1752267714103,2,0.0022,0.00233347,40.86,BTC-25JUL25-105000-P,117724.0,buy,100.0,100.0,2.0,BLOCK-210155,,BTC-PSR12-25JUL25-108000_105000,,1752267714.103
1937,375367349,1752286734167,2,0.0018,0.00198218,39.52,BTC-25JUL25-105000-P,117777.61,sell,5.0,5.0,,,,,,1752286734.167
1938,375367434,1752286829890,3,0.0018,0.00198345,39.54,BTC-25JUL25-105000-P,117779.83,sell,3.7,3.7,,,,,,1752286829.89
1939,375367435,1752286829890,3,0.0018,0.00198345,39.54,BTC-25JUL25-105000-P,117779.83,sell,0.3,0.3,,,,,,1752286829.89
1940,375367436,1752286829890,2,0.0017,0.00198345,39.06,BTC-25JUL25-105000-P,117779.83,sell,1.0,1.0,,,,,,1752286829.89
1941,375367531,1752286975624,0,0.0018,0.00195964,39.62,BTC-25JUL25-105000-P,117819.13,buy,0.1,0.1,,,,,,1752286975.624
1942,375367534,1752287039550,2,0.0017,0.00195958,39.13,BTC-25JUL25-105000-P,117816.01,sell,5.0,5.0,,,,,,1752287039.55
1943,375367559,1752287073703,3,0.0017,0.00197007,39.08,BTC-25JUL25-105000-P,117796.94,sell,5.0,5.0,,,,,,1752287073.703
1944,375367583,1752287164952,3,0.0017,0.00195563,39.12,BTC-25JUL25-105000-P,117812.82,sell,5.0,5.0,,,,,,1752287164.952
1945,375367601,1752287246347,3,0.0017,0.0019589,39.06,BTC-25JUL25-105000-P,117800.52,sell,5.0,5.0,,,,,,1752287246.347
1946,375367614,1752287299008,3,0.0017,0.00195731,39.06,BTC-25JUL25-105000-P,117792.47,sell,1.6,1.6,,,,,,1752287299.008
1947,375367615,1752287299008,3,0.0017,0.00195731,39.06,BTC-25JUL25-105000-P,117792.47,sell,3.4,3.4,,,,,,1752287299.008
1948,375367649,1752287388671,3,0.0017,0.00195076,39.06,BTC-25JUL25-105000-P,117788.89,sell,5.0,5.0,,,,,,1752287388.671
1949,375367658,1752287441265,3,0.0017,0.00194328,39.07,BTC-25JUL25-105000-P,117790.75,sell,5.0,5.0,,,,,,1752287441.265
1951,375367711,1752287514455,3,0.0017,0.00192484,39.1,BTC-25JUL25-105000-P,117802.01,sell,0.3,0.3,,,,,,1752287514.455
1950,375367710,1752287514455,3,0.0017,0.00192484,39.1,BTC-25JUL25-105000-P,117802.01,sell,4.2,4.2,,,,,,1752287514.455
1952,375367712,1752287514457,3,0.0017,0.00192484,39.1,BTC-25JUL25-105000-P,117802.01,buy,0.5,0.5,,,,,,1752287514.457
1953,375368167,1752289285134,2,0.0016,0.00180856,38.31,BTC-25JUL25-105000-P,117653.49,sell,5.0,5.0,,,,,,1752289285.134
1954,375368187,1752289336232,3,0.0016,0.00180089,38.33,BTC-25JUL25-105000-P,117657.88,sell,5.0,5.0,,,,,,1752289336.232
1955,375368212,1752289483571,3,0.0016,0.00178811,38.39,BTC-25JUL25-105000-P,117679.05,sell,3.0,3.0,,,,,,1752289483.571
1956,375369052,1752291563540,2,0.0015,0.00170354,38.11,BTC-25JUL25-105000-P,117786.5,sell,5.0,5.0,,,,,,1752291563.54
1957,375369092,1752291634958,0,0.0016,0.00168596,38.71,BTC-25JUL25-105000-P,117811.62,sell,0.1,0.1,,,,,,1752291634.958
1960,375369098,1752291638374,3,0.0015,0.00168456,38.19,BTC-25JUL25-105000-P,117811.88,sell,0.4,0.4,,,,,,1752291638.374
1959,375369097,1752291638374,3,0.0015,0.00168456,38.19,BTC-25JUL25-105000-P,117811.88,sell,0.3,0.3,,,,,,1752291638.374
1958,375369096,1752291638374,2,0.0015,0.00168456,38.19,BTC-25JUL25-105000-P,117811.88,sell,4.2,4.2,,,,,,1752291638.374
1961,375369140,1752291699499,3,0.0015,0.00167987,38.16,BTC-25JUL25-105000-P,117799.8,sell,5.0,5.0,,,,,,1752291699.499
1962,375369185,1752291846507,3,0.0015,0.00166824,38.08,BTC-25JUL25-105000-P,117771.2,buy,5.0,5.0,,,,,,1752291846.507
1964,375369221,1752291926925,3,0.0014,0.00166104,37.56,BTC-25JUL25-105000-P,117771.74,sell,3.7,3.7,,,,,,1752291926.925
1963,375369220,1752291926925,2,0.0014,0.00166104,37.56,BTC-25JUL25-105000-P,117771.74,sell,1.3,1.3,,,,,,1752291926.925
1965,375369238,1752291983228,3,0.0014,0.00164393,37.56,BTC-25JUL25-105000-P,117770.87,sell,5.0,5.0,,,,,,1752291983.228
1966,375369272,1752292080409,3,0.0014,0.00162176,37.65,BTC-25JUL25-105000-P,117794.86,sell,5.0,5.0,,,,,,1752292080.409
1968,375369321,1752292144357,3,0.0014,0.00164102,37.52,BTC-25JUL25-105000-P,117746.43,sell,0.3,0.3,,,,,,1752292144.357
1969,375369322,1752292144357,3,0.0014,0.00164102,37.52,BTC-25JUL25-105000-P,117746.43,sell,3.3,3.3,,,,,,1752292144.357
1967,375369320,1752292144357,3,0.0014,0.00164102,37.52,BTC-25JUL25-105000-P,117746.43,sell,1.4,1.4,,,,,,1752292144.357
1970,375369340,1752292263542,3,0.0014,0.00162473,37.52,BTC-25JUL25-105000-P,117747.88,sell,5.0,5.0,,,,,,1752292263.542
1971,375369364,1752292382525,3,0.0014,0.0016238,37.5,BTC-25JUL25-105000-P,117734.18,sell,5.0,5.0,,,,,,1752292382.525
1972,375369386,1752292454040,3,0.0014,0.00161999,37.49,BTC-25JUL25-105000-P,117730.78,sell,5.0,5.0,,,,,,1752292454.04
1973,375369490,1752292611146,3,0.0014,0.00160638,37.45,BTC-25JUL25-105000-P,117709.16,sell,8.0,8.0,,,,,,1752292611.146
1974,375370100,1752293830452,0,0.0015,0.0014868,38.29,BTC-25JUL25-105000-P,117850.48,buy,9.0,9.0,,,,,,1752293830.452
1975,375370122,1752293875846,1,0.0015,0.00148635,38.29,BTC-25JUL25-105000-P,117844.53,buy,9.0,9.0,,,,,,1752293875.846
1976,375370170,1752293933430,1,0.0015,0.0015014,38.19,BTC-25JUL25-105000-P,117803.24,buy,9.0,9.0,,,,,,1752293933.43
1977,375370209,1752294014384,1,0.0015,0.00149688,38.2,BTC-25JUL25-105000-P,117808.32,buy,9.0,9.0,,,,,,1752294014.384
1978,375370234,1752294079134,1,0.0015,0.00147643,38.3,BTC-25JUL25-105000-P,117842.01,buy,9.0,9.0,,,,,,1752294079.134
1979,375370246,1752294132395,1,0.0015,0.00149134,38.22,BTC-25JUL25-105000-P,117815.31,buy,9.0,9.0,,,,,,1752294132.395
1980,375370271,1752294210287,1,0.0015,0.00148357,38.26,BTC-25JUL25-105000-P,117837.25,buy,9.0,9.0,,,,,,1752294210.287
1981,375386261,1752314446523,0,0.0016,0.00159754,39.92,BTC-25JUL25-105000-P,118141.88,buy,0.1,0.1,,,,,,1752314446.523
1982,375388040,1752317265352,2,0.0013,0.0015408,38.34,BTC-25JUL25-105000-P,118154.67,sell,2.0,2.0,,,,,,1752317265.352
1983,375388394,1752317909250,0,0.0016,0.00149905,39.93,BTC-25JUL25-105000-P,118130.52,buy,200.0,200.0,2.0,BLOCK-210243,,BTC-PSR12-25JUL25-109000_105000,,1752317909.25
1984,375388973,1752318896190,2,0.0014,0.00148798,38.56,BTC-25JUL25-105000-P,117990.07,buy,5.0,5.0,,,,,,1752318896.19
1985,375400100,1752328380441,0,0.002,0.00180812,40.5,BTC-25JUL25-105000-P,117441.92,sell,4.0,4.0,,,375400098,BTC-ICOND-25JUL25-105000_111000_123000_126000,,1752328380.441
1986,375400424,1752329150113,2,0.0017,0.00181375,39.21,BTC-25JUL25-105000-P,117478.24,sell,0.1,0.1,,,,,,1752329150.113
1987,375420034,1752355105807,0,0.0019,0.00195611,40.07,BTC-25JUL25-105000-P,117266.52,sell,1.0,1.0,,,,,,1752355105.807
1988,375424910,1752367395406,2,0.0018,0.00193462,40.26,BTC-25JUL25-105000-P,117454.76,sell,0.1,0.1,,,,,,1752367395.406
1989,375430363,1752377792134,0,0.0019,0.00183447,41.96,BTC-25JUL25-105000-P,117840.86,buy,0.6,0.6,,,,,,1752377792.134
1990,375430658,1752378228365,0,0.0021,0.00194082,42.79,BTC-25JUL25-105000-P,117813.84,buy,1.2,1.2,,,,,,1752378228.365
1991,375430659,1752378228365,1,0.0021,0.00194082,42.79,BTC-25JUL25-105000-P,117813.84,buy,0.2,0.2,,,,,,1752378228.365
1992,375466985,1752411730225,2,0.0019,0.00189967,44.33,BTC-25JUL25-105000-P,118539.97,sell,0.6,0.6,,,,,,1752411730.225
1993,375485322,1752418652930,0,0.002,0.00192439,45.49,BTC-25JUL25-105000-P,118770.11,buy,0.1,0.1,,,,,,1752418652.93
1994,375492989,1752422491323,2,0.0019,0.00206065,44.97,BTC-25JUL25-105000-P,118715.38,sell,0.3,0.3,,,,,,1752422491.323
1995,375492990,1752422491325,3,0.0019,0.00206065,44.97,BTC-25JUL25-105000-P,118715.38,buy,0.1,0.1,,,,,,1752422491.325
1996,375532904,1752439851704,2,0.0018,0.00195078,45.91,BTC-25JUL25-105000-P,119100.84,sell,1.0,1.0,,,,,,1752439851.704
1997,375554600,1752445887916,3,0.0018,0.00190257,44.71,BTC-25JUL25-105000-P,118651.59,sell,1.0,1.0,,,,,,1752445887.916
1998,375562968,1752448962497,0,0.0019,0.00180933,45.58,BTC-25JUL25-105000-P,118781.33,sell,0.1,0.1,,,,,,1752448962.497
1999,375594387,1752460974652,2,0.0018,0.00174175,47.87,BTC-25JUL25-105000-P,119793.58,sell,0.1,0.1,,,,,,1752460974.652
2000,375596226,1752461998959,2,0.0016,0.0017677,46.55,BTC-25JUL25-105000-P,119696.83,sell,0.5,0.5,,,,,,1752461998.959
2001,375601790,1752464332548,0,0.0018,0.00172243,48.39,BTC-25JUL25-105000-P,119964.02,buy,0.1,0.1,,,,,,1752464332.548
2002,375601881,1752464352569,2,0.0017,0.00171602,47.86,BTC-25JUL25-105000-P,119983.48,buy,0.1,0.1,,,,,,1752464352.569
2003,375625538,1752465731039,3,0.0017,0.00167107,49.79,BTC-25JUL25-105000-P,120712.5,buy,100.0,100.0,2.0,BLOCK-210392,,BTC-PSR12-25JUL25-108000_105000,,1752465731.039
2004,375662823,1752470994134,2,0.0014,0.00143104,51.76,BTC-25JUL25-105000-P,122331.35,sell,0.4,0.4,,,,,,1752470994.134
2005,375664772,1752471239785,3,0.0014,0.00150115,51.65,BTC-25JUL25-105000-P,122305.48,sell,0.2,0.2,,,,,,1752471239.785
2006,375669076,1752472158901,3,0.0014,0.00154417,51.11,BTC-25JUL25-105000-P,122063.35,buy,1.0,1.0,,,,,,1752472158.901
2007,375685442,1752475868149,0,0.0016,0.0015933,52.66,BTC-25JUL25-105000-P,122130.37,buy,0.1,0.1,,,,,,1752475868.149
2008,375685449,1752475870391,1,0.0016,0.00159387,52.66,BTC-25JUL25-105000-P,122130.24,buy,1.0,1.0,,,,,,1752475870.391
2009,375702242,1752479500232,1,0.0016,0.00171894,54.32,BTC-25JUL25-105000-P,122772.21,sell,0.5,0.5,,,,,,1752479500.232
2010,375710489,1752481051901,0,0.0017,0.00163377,53.91,BTC-25JUL25-105000-P,122390.62,buy,0.1,0.1,,,,,,1752481051.901
2011,375710490,1752481051901,0,0.0018,0.00163377,54.53,BTC-25JUL25-105000-P,122390.62,buy,23.5,23.5,,,,,,1752481051.901
2013,375710492,1752481051901,1,0.0019,0.00163377,55.13,BTC-25JUL25-105000-P,122390.62,buy,1.5,1.5,,,,,,1752481051.901
2012,375710491,1752481051901,0,0.0019,0.00163377,55.13,BTC-25JUL25-105000-P,122390.62,buy,1.4,1.4,,,,,,1752481051.901
2014,375710493,1752481051901,1,0.0019,0.00163377,55.13,BTC-25JUL25-105000-P,122390.62,buy,23.5,23.5,,,,,,1752481051.901
2016,375710495,1752481051901,1,0.0019,0.00163377,55.13,BTC-25JUL25-105000-P,122390.62,buy,18.0,18.0,,,,,,1752481051.901
2015,375710494,1752481051901,1,0.0019,0.00163377,55.13,BTC-25JUL25-105000-P,122390.62,buy,2.0,2.0,,,,,,1752481051.901
2017,375720942,1752484016875,2,0.0017,0.00161246,54.2,BTC-25JUL25-105000-P,122497.16,buy,0.1,0.1,,,,,,1752484016.875
2018,375740026,1752489321887,0,0.0027,0.00162737,58.31,BTC-25JUL25-105000-P,121963.63,buy,1000.0,1000.0,9.0,BLOCK-210501,,,,1752489321.887
2019,375740182,1752489384451,2,0.0015,0.00160143,51.8,BTC-25JUL25-105000-P,122047.05,sell,0.2,0.2,,,,,,1752489384.451
2020,375772726,1752501446446,0,0.0016,0.00158286,52.1,BTC-25JUL25-105000-P,121715.45,buy,0.3,0.3,,,,,,1752501446.446
2021,375775648,1752502005639,0,0.0017,0.00167225,52.8,BTC-25JUL25-105000-P,121779.1,buy,0.1,0.1,,,,,,1752502005.639
2022,375782034,1752503024866,0,0.0018,0.00189236,52.93,BTC-25JUL25-105000-P,121570.59,buy,0.1,0.1,,,,,,1752503024.866
2023,375799253,1752504278047,0,0.0024,0.00233128,54.36,BTC-25JUL25-105000-P,120800.24,buy,1.0,1.0,,,,,,1752504278.047
2024,375808366,1752505396324,2,0.0023,0.00237361,54.3,BTC-25JUL25-105000-P,120951.72,sell,0.1,0.1,,,,,,1752505396.324
2025,375824400,1752508145793,3,0.0023,0.00248624,51.53,BTC-25JUL25-105000-P,119817.3,buy,0.1,0.1,,,,,,1752508145.793
2029,375844871,1752512207850,1,0.0024,0.00207913,53.6,BTC-25JUL25-105000-P,120287.74,buy,12.0,12.0,,,,,,1752512207.85
2028,375844870,1752512207850,0,0.0024,0.00207913,53.6,BTC-25JUL25-105000-P,120287.74,buy,23.2,23.2,,,,,,1752512207.85
2031,375844873,1752512207850,1,0.0024,0.00207913,53.6,BTC-25JUL25-105000-P,120287.74,buy,0.1,0.1,,,,,,1752512207.85
2030,375844872,1752512207850,1,0.0024,0.00207913,53.6,BTC-25JUL25-105000-P,120287.74,buy,2.0,2.0,,,,,,1752512207.85
2027,375844869,1752512207850,3,0.0023,0.00207913,53.1,BTC-25JUL25-105000-P,120287.74,buy,2.1,2.1,,,,,,1752512207.85
2026,375844868,1752512207850,3,0.0023,0.00207913,53.1,BTC-25JUL25-105000-P,120287.74,buy,1.0,1.0,,,,,,1752512207.85
2032,375844874,1752512207852,1,0.0024,0.00207913,53.6,BTC-25JUL25-105000-P,120287.74,sell,9.6,9.6,,,,,,1752512207.852
2033,375865727,1752524158273,2,0.002,0.0020846,50.28,BTC-25JUL25-105000-P,119713.72,buy,0.6,0.6,,,,,,1752524158.273
2034,375873159,1752530736277,2,0.0018,0.00199533,50.06,BTC-25JUL25-105000-P,119978.91,sell,1.0,1.0,,,,,,1752530736.277
2035,375873322,1752531102600,0,0.002,0.00188486,51.69,BTC-25JUL25-105000-P,120168.12,buy,0.1,0.1,,,,,,1752531102.6
2036,375873323,1752531102603,1,0.002,0.00188486,51.69,BTC-25JUL25-105000-P,120168.12,sell,0.2,0.2,,,,,,1752531102.603
2037,375878790,1752539006524,0,0.0023,0.00232375,52.36,BTC-25JUL25-105000-P,119748.78,sell,2.3,2.3,,,,,,1752539006.524
2038,375881855,1752540345113,0,0.0024,0.00244836,52.24,BTC-25JUL25-105000-P,119491.27,sell,2.1,2.1,,,,,,1752540345.113
2039,375882188,1752540425311,0,0.0025,0.00248012,52.5,BTC-25JUL25-105000-P,119422.74,sell,0.1,0.1,,,,,,1752540425.311
2040,375883467,1752540504210,0,0.0027,0.00262538,53.24,BTC-25JUL25-105000-P,119366.7,sell,2.0,2.0,,,,,,1752540504.21
2041,375907763,1752546596286,0,0.0031,0.00324534,51.27,BTC-25JUL25-105000-P,117852.74,sell,0.1,0.1,,,,,,1752546596.286
2042,375909834,1752547265347,1,0.0031,0.00308233,52.01,BTC-25JUL25-105000-P,118155.08,sell,0.1,0.1,,,,,,1752547265.347
2043,375922398,1752549403694,0,0.0035,0.00361345,51.59,BTC-25JUL25-105000-P,117437.42,sell,0.1,0.1,,,,,,1752549403.694
2044,375923586,1752549583635,1,0.0035,0.00363199,51.4,BTC-25JUL25-105000-P,117380.47,buy,1.0,1.0,,,,,,1752549583.635
2045,375924306,1752549629162,0,0.0038,0.00380139,51.91,BTC-25JUL25-105000-P,117174.33,sell,2.0,2.0,,,,,,1752549629.162
2046,375949377,1752555838041,2,0.0031,0.0032458,50.79,BTC-25JUL25-105000-P,117637.29,sell,0.1,0.1,,,,,,1752555838.041
2047,375953098,1752558219879,0,0.0034,0.00328115,50.69,BTC-25JUL25-105000-P,117171.0,sell,1.0,1.0,,,,,,1752558219.879
2048,375961096,1752561809217,2,0.0031,0.00317989,49.3,BTC-25JUL25-105000-P,117086.78,sell,0.1,0.1,,,,,,1752561809.217
2049,375968673,1752565737249,0,0.0033,0.00331706,49.11,BTC-25JUL25-105000-P,116681.64,sell,3.2,3.2,,,,,,1752565737.249
2050,375985245,1752570374374,2,0.0029,0.00302874,48.12,BTC-25JUL25-105000-P,116899.39,sell,0.1,0.1,,,,,,1752570374.374
2051,375986429,1752571133037,2,0.0026,0.00277341,47.4,BTC-25JUL25-105000-P,117100.47,buy,0.1,0.1,,,,,,1752571133.037
2052,375993781,1752576180906,2,0.0025,0.00254878,47.2,BTC-25JUL25-105000-P,117112.52,sell,0.1,0.1,,,,,,1752576180.906
2053,375997931,1752578346131,0,0.0029,0.00273522,47.46,BTC-25JUL25-105000-P,116559.22,buy,0.1,0.1,,,375997930,BTC-PS-25JUL25-109000_105000,,1752578346.131
2054,376002237,1752579613208,2,0.0026,0.00277622,46.28,BTC-25JUL25-105000-P,116606.3,sell,1.0,1.0,,,,,,1752579613.208
2055,376003179,1752580267546,0,0.0027,0.00276029,47.13,BTC-25JUL25-105000-P,116762.78,sell,1.0,1.0,,,,,,1752580267.546
2056,376014509,1752584763996,2,0.0021,0.00216216,46.55,BTC-25JUL25-105000-P,117501.68,sell,0.1,0.1,,,,,,1752584763.996
2057,376041540,1752589901271,2,0.002,0.00205387,46.36,BTC-25JUL25-105000-P,117448.79,buy,0.7,0.7,,,,,,1752589901.271
2058,376041546,1752589902126,3,0.002,0.00206719,46.3,BTC-25JUL25-105000-P,117427.99,buy,0.4,0.4,,,,,,1752589902.126
2059,376041551,1752589902640,3,0.002,0.00207614,46.28,BTC-25JUL25-105000-P,117421.62,buy,0.2,0.2,,,,,,1752589902.64
2060,376041556,1752589902747,3,0.002,0.00207614,46.28,BTC-25JUL25-105000-P,117421.62,buy,0.3,0.3,,,,,,1752589902.747
2061,376041607,1752589905184,3,0.002,0.00207737,46.21,BTC-25JUL25-105000-P,117396.14,buy,0.8,0.8,,,,,,1752589905.184
2062,376041622,1752589907164,3,0.002,0.00207875,46.17,BTC-25JUL25-105000-P,117363.35,buy,0.1,0.1,,,,,,1752589907.164
2063,376041900,1752589920909,3,0.002,0.00211552,46.03,BTC-25JUL25-105000-P,117323.85,buy,0.4,0.4,,,,,,1752589920.909
2064,376042566,1752590021267,3,0.002,0.00210496,46.07,BTC-25JUL25-105000-P,117328.34,buy,0.1,0.1,,,,,,1752590021.267
2065,376053062,1752591425684,0,0.0027,0.00286485,45.08,BTC-25JUL25-105000-P,115880.4,sell,0.1,0.1,,,,,,1752591425.684
2066,376064338,1752593765649,2,0.0025,0.00256334,45.36,BTC-25JUL25-105000-P,116248.52,sell,0.1,0.1,,,,,,1752593765.649
2067,376075473,1752597087260,2,0.0021,0.00217982,45.86,BTC-25JUL25-105000-P,117079.6,sell,0.1,0.1,,,,,,1752597087.26
2068,376075474,1752597087263,3,0.0021,0.00217982,45.86,BTC-25JUL25-105000-P,117079.6,buy,0.3,0.3,,,,,,1752597087.263
2069,376075475,1752597087267,3,0.0021,0.00217982,45.86,BTC-25JUL25-105000-P,117079.6,buy,0.5,0.5,,,,,,1752597087.267
2070,376075869,1752597163070,2,0.002,0.00209283,45.72,BTC-25JUL25-105000-P,117200.39,sell,0.7,0.7,,,,,,1752597163.07
2071,376075870,1752597163072,3,0.002,0.00209283,45.72,BTC-25JUL25-105000-P,117200.39,buy,8.4,8.4,,,,,,1752597163.072
2074,376082789,1752600696637,3,0.0019,0.00194843,45.51,BTC-25JUL25-105000-P,117304.87,sell,4.8,4.8,,,,,,1752600696.637
2073,376082788,1752600696637,3,0.0019,0.00194843,45.51,BTC-25JUL25-105000-P,117304.87,sell,0.7,0.7,,,,,,1752600696.637
2075,376082790,1752600696637,3,0.0019,0.00194843,45.51,BTC-25JUL25-105000-P,117304.87,sell,2.0,2.0,,,,,,1752600696.637
2072,376082787,1752600696637,2,0.0019,0.00194843,45.51,BTC-25JUL25-105000-P,117304.87,sell,0.1,0.1,,,,,,1752600696.637
2076,376082791,1752600696648,3,0.0019,0.00194843,45.51,BTC-25JUL25-105000-P,117304.87,buy,3.8,3.8,,,,,,1752600696.648
2077,376084201,1752601744416,3,0.0019,0.0017848,46.13,BTC-25JUL25-105000-P,117516.81,buy,0.2,0.2,,,,,,1752601744.416
2078,376084213,1752601744549,3,0.0019,0.0017848,46.13,BTC-25JUL25-105000-P,117516.81,buy,0.5,0.5,,,,,,1752601744.549
2079,376084220,1752601744862,3,0.0019,0.00178414,46.13,BTC-25JUL25-105000-P,117514.91,buy,0.4,0.4,,,,,,1752601744.862
2080,376084228,1752601745342,3,0.0019,0.00178414,46.13,BTC-25JUL25-105000-P,117514.91,buy,0.9,0.9,,,,,,1752601745.342
2081,376084232,1752601745825,3,0.0019,0.00178469,46.02,BTC-25JUL25-105000-P,117479.92,buy,1.3,1.3,,,,,,1752601745.825
2082,376084233,1752601746671,3,0.0019,0.00178469,46.02,BTC-25JUL25-105000-P,117479.92,buy,0.1,0.1,,,,,,1752601746.671
2083,376084238,1752601746805,3,0.0019,0.00180316,45.91,BTC-25JUL25-105000-P,117440.73,buy,0.4,0.4,,,,,,1752601746.805
2084,376084239,1752601746853,3,0.0019,0.00180316,45.91,BTC-25JUL25-105000-P,117440.73,buy,0.1,0.1,,,,,,1752601746.853
2085,376084556,1752602109446,3,0.0019,0.00180455,46.01,BTC-25JUL25-105000-P,117468.89,buy,0.1,0.1,,,,,,1752602109.446
2086,376085573,1752602828430,3,0.0019,0.00190944,45.13,BTC-25JUL25-105000-P,117124.58,buy,0.1,0.1,,,,,,1752602828.43
2087,376087844,1752604052155,3,0.0019,0.00192476,44.6,BTC-25JUL25-105000-P,116892.55,buy,0.3,0.3,,,,,,1752604052.155
2088,376087849,1752604052702,3,0.0019,0.00192476,44.6,BTC-25JUL25-105000-P,116892.55,buy,0.3,0.3,,,,,,1752604052.702
2089,376087872,1752604065340,3,0.0019,0.00194627,44.5,BTC-25JUL25-105000-P,116857.75,buy,3.9,3.9,,,,,,1752604065.34
2090,376088351,1752604262279,0,0.002,0.00199506,44.67,BTC-25JUL25-105000-P,116742.42,buy,0.2,0.2,,,,,,1752604262.279
2091,376088359,1752604262503,1,0.002,0.00200519,44.61,BTC-25JUL25-105000-P,116722.81,buy,0.1,0.1,,,,,,1752604262.503
2092,376088360,1752604262524,1,0.002,0.00200519,44.61,BTC-25JUL25-105000-P,116722.81,buy,0.1,0.1,,,,,,1752604262.524
2093,376088378,1752604264022,1,0.002,0.00200519,44.52,BTC-25JUL25-105000-P,116692.79,buy,0.3,0.3,,,,,,1752604264.022
2094,376088412,1752604267069,1,0.002,0.00204367,44.5,BTC-25JUL25-105000-P,116683.05,buy,0.2,0.2,,,,,,1752604267.069
2095,376088560,1752604297870,1,0.002,0.00205049,44.38,BTC-25JUL25-105000-P,116640.03,buy,0.2,0.2,,,,,,1752604297.87
2096,376088572,1752604299777,1,0.002,0.00205711,44.32,BTC-25JUL25-105000-P,116601.08,buy,0.1,0.1,,,,,,1752604299.777
2097,376089157,1752604415663,1,0.002,0.0020246,44.41,BTC-25JUL25-105000-P,116650.04,buy,0.3,0.3,,,,,,1752604415.663
2098,376089162,1752604415992,1,0.002,0.0020246,44.41,BTC-25JUL25-105000-P,116650.04,buy,0.2,0.2,,,,,,1752604415.992
2099,376089165,1752604417921,1,0.002,0.00203585,44.26,BTC-25JUL25-105000-P,116602.23,buy,0.3,0.3,,,,,,1752604417.921
2100,376089166,1752604417987,1,0.002,0.00203585,44.26,BTC-25JUL25-105000-P,116602.23,buy,0.5,0.5,,,,,,1752604417.987
2101,376089167,1752604418228,1,0.002,0.00203585,44.26,BTC-25JUL25-105000-P,116602.23,buy,0.1,0.1,,,,,,1752604418.228
2102,376089180,1752604419579,1,0.002,0.00205675,44.18,BTC-25JUL25-105000-P,116574.37,buy,0.3,0.3,,,,,,1752604419.579
2103,376089181,1752604419637,1,0.002,0.00205675,44.18,BTC-25JUL25-105000-P,116574.37,buy,0.2,0.2,,,,,,1752604419.637
2104,376089196,1752604421888,1,0.002,0.00207293,44.15,BTC-25JUL25-105000-P,116548.92,buy,0.1,0.1,,,,,,1752604421.888
2105,376089199,1752604422326,1,0.002,0.00207293,44.15,BTC-25JUL25-105000-P,116548.92,buy,0.4,0.4,,,,,,1752604422.326
2106,376089202,1752604422500,1,0.002,0.0020878,44.08,BTC-25JUL25-105000-P,116538.78,buy,0.5,0.5,,,,,,1752604422.5
2107,376089713,1752604550455,1,0.002,0.00207157,44.05,BTC-25JUL25-105000-P,116514.62,buy,25.9,25.9,,,,,,1752604550.455
2108,376091564,1752604700199,0,0.0022,0.00232041,43.65,BTC-25JUL25-105000-P,116022.6,buy,30.0,30.0,,,,,,1752604700.199
2109,376114295,1752609508936,1,0.0022,0.00213976,44.94,BTC-25JUL25-105000-P,116489.66,sell,0.1,0.1,,,,,,1752609508.936
2110,376143052,1752628899463,2,0.0014,0.00153654,44.58,BTC-25JUL25-105000-P,117814.05,sell,10.0,10.0,,,,,,1752628899.463
2111,376157379,1752639296249,2,0.0012,0.00132578,42.3,BTC-25JUL25-105000-P,117302.12,sell,0.1,0.1,,,,,,1752639296.249
2112,376161520,1752643644367,3,0.0012,0.0011324,43.77,BTC-25JUL25-105000-P,117823.46,buy,1.0,1.0,,,,,,1752643644.367
2113,376162574,1752645466586,3,0.0012,0.00112972,43.91,BTC-25JUL25-105000-P,117861.71,buy,0.9,0.9,,,,,,1752645466.586
2114,376177364,1752655059202,3,0.0012,0.00115357,45.98,BTC-25JUL25-105000-P,118549.13,sell,1.0,1.0,,,,,,1752655059.202
2115,376181760,1752657044744,3,0.0012,0.00107025,47.17,BTC-25JUL25-105000-P,118955.08,sell,0.1,0.1,,,,,,1752657044.744
2116,376203747,1752671588710,3,0.0012,0.00119224,47.08,BTC-25JUL25-105000-P,118761.22,sell,0.1,0.1,,,,,,1752671588.71
2117,376209720,1752674295692,3,0.0012,0.00118304,47.05,BTC-25JUL25-105000-P,118727.41,sell,0.9,0.9,,,,,,1752674295.692
2118,376214816,1752676747146,2,0.0011,0.0011753,45.51,BTC-25JUL25-105000-P,118419.18,sell,0.1,0.1,,,,,,1752676747.146
2120,376214868,1752676807280,3,0.001,0.00112239,44.77,BTC-25JUL25-105000-P,118452.79,sell,4.7,4.7,,,,,,1752676807.28
2119,376214867,1752676807280,2,0.001,0.00112239,44.77,BTC-25JUL25-105000-P,118452.79,sell,0.1,0.1,,,,,,1752676807.28
2121,376265338,1752690787877,0,0.0012,0.00104998,49.76,BTC-25JUL25-105000-P,119548.75,buy,0.3,0.3,,,,,,1752690787.877
2122,376267620,1752691632830,2,0.0011,0.00103212,49.96,BTC-25JUL25-105000-P,119941.86,sell,1.0,1.0,,,,,,1752691632.83
2123,376295211,1752707556019,0,0.0015,0.00135949,50.01,BTC-25JUL25-105000-P,118606.08,buy,50.0,50.0,2.0,BLOCK-211370,,BTC-PDIAG-26SEP25_25JUL25-95000_105000,8940.0,1752707556.019
2124,376295229,1752707583049,1,0.0015,0.00135504,50.04,BTC-25JUL25-105000-P,118614.33,buy,50.0,50.0,2.0,BLOCK-211371,,BTC-PDIAG-26SEP25_25JUL25-95000_105000,8941.0,1752707583.049
2125,376318447,1752721307643,2,0.0014,0.00128657,49.19,BTC-25JUL25-105000-P,118348.63,sell,0.1,0.1,,,,,,1752721307.643
2126,376322074,1752724636481,3,0.0014,0.00120854,48.79,BTC-25JUL25-105000-P,118177.38,buy,1.0,1.0,,,,,,1752724636.481
2128,376322076,1752724636481,3,0.0014,0.00120854,48.79,BTC-25JUL25-105000-P,118177.38,buy,5.9,5.9,,,,,,1752724636.481
2127,376322075,1752724636481,3,0.0014,0.00120854,48.79,BTC-25JUL25-105000-P,118177.38,buy,2.0,2.0,,,,,,1752724636.481
2129,376345809,1752743060421,3,0.0014,0.0014289,50.04,BTC-25JUL25-105000-P,118450.31,sell,1.0,1.0,,,,,,1752743060.421
2130,376394471,1752766617691,2,0.0012,0.00112116,49.98,BTC-25JUL25-105000-P,118672.06,sell,4.0,4.0,,,376394470,BTC-PSR12-25JUL25-117000_105000,,1752766617.691
2131,376500753,1752811912454,2,0.0009,0.00089323,52.61,BTC-25JUL25-105000-P,119936.24,buy,5.0,5.0,,,,,,1752811912.454
2132,376507741,1752818395026,0,0.001,0.00097782,55.73,BTC-25JUL25-105000-P,120653.61,buy,0.1,0.1,,,,,,1752818395.026
2133,376549058,1752829290752,2,0.0008,0.0008234,48.85,BTC-25JUL25-105000-P,118695.02,sell,0.1,0.1,,,,,,1752829290.752
2134,376550372,1752829796326,0,0.001,0.00085883,50.99,BTC-25JUL25-105000-P,118739.9,buy,22.0,22.0,,,,,,1752829796.326
2136,376551034,1752829986254,1,0.001,0.00090289,51.32,BTC-25JUL25-105000-P,118874.17,buy,0.1,0.1,,,,,,1752829986.254
2135,376551033,1752829986254,1,0.001,0.00090289,51.32,BTC-25JUL25-105000-P,118874.17,buy,3.0,3.0,,,,,,1752829986.254
2137,376553854,1752831539547,1,0.001,0.00104391,51.13,BTC-25JUL25-105000-P,118812.98,sell,0.5,0.5,,,,,,1752831539.547
2138,376553929,1752831585277,1,0.001,0.00102018,51.39,BTC-25JUL25-105000-P,118910.53,sell,1.4,1.4,,,,,,1752831585.277
2139,376556174,1752833316560,0,0.0011,0.00107808,52.03,BTC-25JUL25-105000-P,118762.52,sell,0.1,0.1,,,,,,1752833316.56
2141,376573229,1752843477281,3,0.0009,0.00094894,52.91,BTC-25JUL25-105000-P,119555.38,sell,0.6,0.6,,,,,,1752843477.281
2140,376573228,1752843477281,2,0.0009,0.00094894,52.91,BTC-25JUL25-105000-P,119555.38,sell,5.0,5.0,,,,,,1752843477.281
2142,376621676,1752852378296,0,0.0012,0.00107166,50.36,BTC-25JUL25-105000-P,117668.08,buy,4.2,4.2,,,,,,1752852378.296
2143,376621677,1752852378296,1,0.0012,0.00107166,50.36,BTC-25JUL25-105000-P,117668.08,buy,8.8,8.8,,,,,,1752852378.296
2144,376628164,1752855596700,2,0.0009,0.0010394,48.09,BTC-25JUL25-105000-P,117766.35,sell,0.1,0.1,,,,,,1752855596.7
2145,376643718,1752863703734,0,0.001,0.00104277,48.63,BTC-25JUL25-105000-P,117596.81,sell,2.2,2.2,,,,,,1752863703.734
2146,376712713,1752923851842,2,0.0009,0.00093728,52.96,BTC-25JUL25-105000-P,118243.01,sell,0.1,0.1,,,,,,1752923851.842
2147,376732769,1752959554230,0,0.001,0.00101667,54.44,BTC-25JUL25-105000-P,117747.58,buy,0.5,0.5,,,,,,1752959554.23
2148,376735191,1752960282337,0,0.0011,0.00108455,54.41,BTC-25JUL25-105000-P,117428.06,buy,5.0,5.0,,,,,,1752960282.337
2149,376743866,1752977406291,1,0.0011,0.00104761,56.92,BTC-25JUL25-105000-P,117887.76,sell,0.2,0.2,,,,,,1752977406.291
2150,376775965,1753018476867,2,0.0009,0.00092233,58.31,BTC-25JUL25-105000-P,118131.2,sell,0.1,0.1,,,,,,1753018476.867
2151,376796432,1753037365249,2,0.0008,0.00083107,59.53,BTC-25JUL25-105000-P,118439.9,sell,0.1,0.1,,,,,,1753037365.249
2152,376796433,1753037365249,3,0.0008,0.00083107,59.53,BTC-25JUL25-105000-P,118439.9,sell,0.5,0.5,,,,,,1753037365.249
2153,376845876,1753067355338,0,0.001,0.00079584,64.25,BTC-25JUL25-105000-P,118488.21,buy,5.0,5.0,,,,,,1753067355.338
2154,376850850,1753070861830,2,0.0009,0.00080285,63.07,BTC-25JUL25-105000-P,118410.53,buy,2.1,2.1,,,,,,1753070861.83
2155,376859403,1753079621895,2,0.0007,0.00072122,63.85,BTC-25JUL25-105000-P,119192.17,sell,15.0,15.0,,,,,,1753079621.895
2158,376898070,1753102023702,3,0.0007,0.00082295,62.37,BTC-25JUL25-105000-P,118213.21,sell,1.0,1.0,,,,,,1753102023.702
2157,376898069,1753102023702,3,0.0007,0.00082295,62.37,BTC-25JUL25-105000-P,118213.21,sell,2.6,2.6,,,,,,1753102023.702
2156,376898068,1753102023702,3,0.0007,0.00082295,62.37,BTC-25JUL25-105000-P,118213.21,sell,0.1,0.1,,,,,,1753102023.702
2159,376898071,1753102023702,3,0.0007,0.00082295,62.37,BTC-25JUL25-105000-P,118213.21,sell,0.3,0.3,,,,,,1753102023.702
2160,376898124,1753102093633,3,0.0007,0.00081412,62.38,BTC-25JUL25-105000-P,118217.62,sell,1.0,1.0,,,,,,1753102093.633
2161,376898782,1753102785713,3,0.0007,0.00080082,62.42,BTC-25JUL25-105000-P,118212.32,sell,0.1,0.1,,,,,,1753102785.713
2162,376898783,1753102785713,3,0.0007,0.00080082,62.42,BTC-25JUL25-105000-P,118212.32,sell,1.0,1.0,,,,,,1753102785.713
2163,376958523,1753134147497,0,0.0008,0.00079601,63.75,BTC-25JUL25-105000-P,117369.15,sell,0.5,0.5,,,,,,1753134147.497
2164,376976729,1753148576333,2,0.0007,0.0007247,65.22,BTC-25JUL25-105000-P,117720.45,sell,1.0,1.0,,,,,,1753148576.333
2165,376982701,1753152989765,3,0.0007,0.00070508,63.18,BTC-25JUL25-105000-P,117069.97,buy,1.0,1.0,,,,,,1753152989.765
2166,376987458,1753158288444,3,0.0007,0.00072351,63.8,BTC-25JUL25-105000-P,117082.3,sell,2.0,2.0,,,,,,1753158288.444
2167,376987465,1753158292607,3,0.0007,0.00072542,63.7,BTC-25JUL25-105000-P,117055.43,sell,2.5,2.5,,,,,,1753158292.607
2168,377018600,1753172224199,2,0.0005,0.00055474,64.82,BTC-25JUL25-105000-P,117823.25,sell,1.0,1.0,,,,,,1753172224.199
2169,377034494,1753180147127,3,0.0005,0.00048192,68.82,BTC-25JUL25-105000-P,118570.12,sell,0.1,0.1,,,,,,1753180147.127
2170,377034495,1753180147127,3,0.0005,0.00048192,68.82,BTC-25JUL25-105000-P,118570.12,sell,0.1,0.1,,,,,,1753180147.127
2171,377035831,1753180787713,2,0.0004,0.00044127,67.39,BTC-25JUL25-105000-P,118778.72,sell,0.1,0.1,,,,,,1753180787.713
2172,377036844,1753181509474,3,0.0004,0.00041474,67.6,BTC-25JUL25-105000-P,118801.07,sell,0.4,0.4,,,,,,1753181509.474
2173,377062203,1753192704450,0,0.0005,0.00041575,69.58,BTC-25JUL25-105000-P,118284.26,buy,0.1,0.1,,,,,,1753192704.45
2174,377062204,1753192704450,1,0.0005,0.00041575,69.58,BTC-25JUL25-105000-P,118284.26,buy,22.9,22.9,,,,,,1753192704.45
2175,377066686,1753193308876,0,0.0006,0.00045392,71.72,BTC-25JUL25-105000-P,118269.78,buy,21.4,21.4,,,,,,1753193308.876
2176,377066687,1753193308876,1,0.0006,0.00045392,71.72,BTC-25JUL25-105000-P,118269.78,buy,2.6,2.6,,,,,,1753193308.876
2177,377069399,1753194472774,2,0.0005,0.00051762,69.96,BTC-25JUL25-105000-P,118291.78,buy,0.1,0.1,,,,,,1753194472.774
2178,377070732,1753195013815,3,0.0005,0.00051867,71.68,BTC-25JUL25-105000-P,118722.29,sell,4.9,4.9,,,,,,1753195013.815
2179,377070938,1753195055723,2,0.0004,0.00049708,69.5,BTC-25JUL25-105000-P,118752.0,sell,0.1,0.1,,,,,,1753195055.723
2180,377103516,1753207788324,2,0.0003,0.00033038,71.1,BTC-25JUL25-105000-P,119443.7,sell,0.1,0.1,,,,,,1753207788.324
2181,377103517,1753207788324,3,0.0003,0.00033038,71.1,BTC-25JUL25-105000-P,119443.7,sell,0.4,0.4,,,,,,1753207788.324
2182,377103518,1753207788324,3,0.0003,0.00033038,71.1,BTC-25JUL25-105000-P,119443.7,sell,0.1,0.1,,,,,,1753207788.324
2183,377103519,1753207788343,3,0.0003,0.00033038,71.1,BTC-25JUL25-105000-P,119443.7,buy,1.0,1.0,,,,,,1753207788.343
2184,377103551,1753207805324,3,0.0003,0.0003238,71.05,BTC-25JUL25-105000-P,119433.44,buy,0.4,0.4,,,,,,1753207805.324
2185,377103552,1753207805330,3,0.0003,0.0003238,71.05,BTC-25JUL25-105000-P,119433.44,buy,0.1,0.1,,,,,,1753207805.33
2186,377103586,1753207826005,3,0.0003,0.00031925,70.97,BTC-25JUL25-105000-P,119405.32,buy,0.4,0.4,,,,,,1753207826.005
2187,377103587,1753207826015,3,0.0003,0.00031925,70.97,BTC-25JUL25-105000-P,119405.32,buy,0.1,0.1,,,,,,1753207826.015
2188,377103719,1753207848217,3,0.0003,0.00032891,70.63,BTC-25JUL25-105000-P,119306.18,buy,0.1,0.1,,,,,,1753207848.217
2189,377103720,1753207848240,3,0.0003,0.00032891,70.63,BTC-25JUL25-105000-P,119306.18,buy,0.4,0.4,,,,,,1753207848.24
2190,377103721,1753207848277,3,0.0003,0.00032891,70.63,BTC-25JUL25-105000-P,119306.18,buy,0.1,0.1,,,,,,1753207848.277
2191,377103724,1753207848463,3,0.0003,0.00032891,70.63,BTC-25JUL25-105000-P,119306.18,buy,0.3,0.3,,,,,,1753207848.463
2192,377103728,1753207848499,3,0.0003,0.00032891,70.63,BTC-25JUL25-105000-P,119306.18,buy,0.3,0.3,,,,,,1753207848.499
2193,377103730,1753207848556,3,0.0003,0.00032891,70.63,BTC-25JUL25-105000-P,119306.18,buy,0.1,0.1,,,,,,1753207848.556
2194,377103751,1753207854269,3,0.0003,0.00034957,70.19,BTC-25JUL25-105000-P,119209.79,buy,0.1,0.1,,,,,,1753207854.269
2195,377128220,1753224304345,3,0.0003,0.00033656,76.71,BTC-25JUL25-105000-P,120037.7,sell,0.1,0.1,,,,,,1753224304.345
