trade_seq,trade_id,timestamp,tick_direction,price,mark_price,iv,instrument_name,index_price,direction,contracts,amount,combo_trade_id,combo_id,block_trade_leg_count,block_trade_id,block_rfq_id,liquidation,unix_sec
2449,373873008,1751307424065,1,0.0075,0.00703105,38.47,BTC-25JUL25-120000-C,107453.27,buy,0.1,0.1,,,,,,,1751307424.065
2450,373873426,1751308023997,1,0.0075,0.00692457,38.76,BTC-25JUL25-120000-C,107331.62,buy,0.1,0.1,,,,,,,1751308023.997
2451,373873691,1751308309785,2,0.007,0.00686595,38.11,BTC-25JUL25-120000-C,107249.21,sell,0.1,0.1,,,,,,,1751308309.785
2452,373875106,1751310249991,3,0.007,0.00702357,37.89,BTC-25JUL25-120000-C,107370.76,sell,0.2,0.2,,,,,,,1751310249.991
2454,373878706,1751313742225,3,0.007,0.00698756,37.37,BTC-25JUL25-120000-C,107642.27,sell,0.2,0.2,,,,,,,1751313742.225
2453,373878705,1751313742225,3,0.007,0.00698756,37.37,BTC-25JUL25-120000-C,107642.27,sell,0.1,0.1,,,,,,,1751313742.225
2455,373881955,1751315185045,2,0.0065,0.00677642,36.72,BTC-25JUL25-120000-C,107570.53,sell,0.1,0.1,,,,,,,1751315185.045
2456,373885875,1751316936314,3,0.0065,0.00689885,36.64,BTC-25JUL25-120000-C,107588.67,sell,2.0,2.0,,,,,,,1751316936.314
2457,373886659,1751318289359,0,0.007,0.0067391,37.72,BTC-25JUL25-120000-C,107485.01,buy,0.1,0.1,,,,,,,1751318289.359
2458,373886878,1751318829105,1,0.007,0.0067005,37.86,BTC-25JUL25-120000-C,107402.72,buy,0.1,0.1,,,,,,,1751318829.105
2459,373889643,1751320638443,2,0.0065,0.00650912,37.89,BTC-25JUL25-120000-C,106997.12,sell,7.8,7.8,,,,,,,1751320638.443
2460,373890671,1751320926009,3,0.0065,0.00666639,37.45,BTC-25JUL25-120000-C,107199.49,sell,0.2,0.2,,,,,,,1751320926.009
2461,373892792,1751325483572,3,0.0065,0.00632763,37.4,BTC-25JUL25-120000-C,107246.68,buy,0.1,0.1,,,,,,,1751325483.572
2462,373892954,1751326083001,3,0.0065,0.00626566,37.57,BTC-25JUL25-120000-C,107174.29,buy,0.1,0.1,,,,,,,1751326083.001
2463,373895098,1751329196721,3,0.0065,0.00645187,37.0,BTC-25JUL25-120000-C,107449.87,buy,0.1,0.1,,,,,,,1751329196.721
2464,373895224,1751329436724,3,0.0065,0.0063797,37.15,BTC-25JUL25-120000-C,107394.09,buy,0.1,0.1,,,,,,,1751329436.724
2465,373895561,1751329650623,2,0.006,0.00613729,36.68,BTC-25JUL25-120000-C,107194.96,sell,1.0,1.0,,,,,,,1751329650.623
2466,373895562,1751329650623,3,0.006,0.00613729,36.68,BTC-25JUL25-120000-C,107194.96,sell,0.1,0.1,,,,,,,1751329650.623
2467,373898777,1751336024369,0,0.0065,0.00606762,37.39,BTC-25JUL25-120000-C,107307.08,buy,0.1,0.1,,,,,,,1751336024.369
2468,373898844,1751336324418,1,0.0065,0.00605281,37.42,BTC-25JUL25-120000-C,107298.19,buy,0.1,0.1,,,,,,,1751336324.418
2469,373898964,1751336924397,1,0.0065,0.00607376,37.3,BTC-25JUL25-120000-C,107354.04,buy,0.1,0.1,,,,,,,1751336924.397
2470,373900849,1751339348433,2,0.006,0.00597305,36.7,BTC-25JUL25-120000-C,107154.21,sell,0.3,0.3,,,,,,,1751339348.433
2471,373902712,1751341668405,3,0.006,0.00614376,36.77,BTC-25JUL25-120000-C,107153.09,buy,1.0,1.0,,,,,,,1751341668.405
2472,373903158,1751343190318,0,0.0065,0.00600908,37.55,BTC-25JUL25-120000-C,107217.27,buy,0.1,0.1,,,,,,,1751343190.318
2473,373903225,1751343430315,1,0.0065,0.0059677,37.64,BTC-25JUL25-120000-C,107181.93,buy,0.1,0.1,,,,,,,1751343430.315
2474,373903309,1751343519258,2,0.006,0.00590832,36.88,BTC-25JUL25-120000-C,107128.29,sell,0.1,0.1,,,,,,,1751343519.258
2475,373907851,1751350109382,2,0.0055,0.005451,36.63,BTC-25JUL25-120000-C,106845.06,sell,0.3,0.3,,,,,,,1751350109.382
2476,373928918,1751362369564,2,0.0048,0.00510156,35.84,BTC-25JUL25-120000-C,106670.24,sell,0.1,0.1,,,,,,,1751362369.564
2477,373934640,1751364798714,0,0.005,0.00515341,36.46,BTC-25JUL25-120000-C,106558.22,sell,0.1,0.1,,,,,,,1751364798.714
2479,373937438,1751366329100,1,0.005,0.00513216,36.68,BTC-25JUL25-120000-C,106464.05,sell,0.1,0.1,,,,,,,1751366329.1
2478,373937437,1751366329100,1,0.005,0.00513216,36.68,BTC-25JUL25-120000-C,106464.05,sell,1.0,1.0,,,,,,,1751366329.1
2480,373938079,1751366534212,1,0.005,0.00507307,36.81,BTC-25JUL25-120000-C,106389.27,sell,0.1,0.1,,,,,,,1751366534.212
2481,373938412,1751366715996,1,0.005,0.00503837,36.75,BTC-25JUL25-120000-C,106401.64,buy,0.1,0.1,,,,,,,1751366715.996
2482,373938562,1751366898996,2,0.0049,0.00495756,36.56,BTC-25JUL25-120000-C,106400.05,sell,0.1,0.1,,,,,,,1751366898.996
2483,373939016,1751367082148,2,0.0048,0.00487048,36.41,BTC-25JUL25-120000-C,106369.19,sell,0.1,0.1,,,,,,,1751367082.148
2484,373939885,1751367187749,2,0.0047,0.00489093,36.07,BTC-25JUL25-120000-C,106433.03,buy,0.3,0.3,,,,,,,1751367187.749
2485,373939991,1751367224962,3,0.0047,0.00484024,36.15,BTC-25JUL25-120000-C,106402.99,buy,0.1,0.1,,,,,,,1751367224.962
2486,373940597,1751367475679,3,0.0047,0.0048112,36.12,BTC-25JUL25-120000-C,106421.07,sell,0.1,0.1,,,,,,,1751367475.679
2487,373940598,1751367475682,3,0.0047,0.0048112,36.12,BTC-25JUL25-120000-C,106421.07,buy,5.9,5.9,,,,,,,1751367475.682
2488,373941159,1751367730445,0,0.005,0.00497382,36.4,BTC-25JUL25-120000-C,106573.6,buy,0.1,0.1,,,,,,,1751367730.445
2489,373942584,1751368453046,1,0.005,0.00493882,36.8,BTC-25JUL25-120000-C,106408.62,buy,0.1,0.1,,,,,,,1751368453.046
2490,373943764,1751369014245,1,0.005,0.00498816,36.6,BTC-25JUL25-120000-C,106484.07,buy,0.1,0.1,,,,,,,1751369014.245
2491,373944295,1751369465164,2,0.0048,0.00507838,36.1,BTC-25JUL25-120000-C,106542.02,buy,0.2,0.2,,,,,,,1751369465.164
2492,373944608,1751369708120,0,0.005,0.00514523,36.29,BTC-25JUL25-120000-C,106649.74,buy,0.1,0.1,,,,,,,1751369708.12
2493,373944609,1751369708122,1,0.005,0.00514523,36.29,BTC-25JUL25-120000-C,106649.74,sell,0.1,0.1,,,,,,,1751369708.122
2494,373949184,1751373831425,1,0.005,0.00495792,36.8,BTC-25JUL25-120000-C,106441.97,sell,1.0,1.0,,,,,,,1751373831.425
2495,373950889,1751375607733,2,0.0048,0.00489261,36.25,BTC-25JUL25-120000-C,106513.39,buy,0.2,0.2,,,,,,,1751375607.733
2496,373950898,1751375607913,0,0.005,0.00489261,36.66,BTC-25JUL25-120000-C,106513.39,buy,0.1,0.1,,,,,,,1751375607.913
2497,373967264,1751380943247,1,0.005,0.00498378,37.45,BTC-25JUL25-120000-C,106109.94,sell,10.0,10.0,,,,,,,1751380943.247
2498,373972222,1751382029784,2,0.0049,0.00480068,37.92,BTC-25JUL25-120000-C,105812.13,buy,0.1,0.1,,,,,,,1751382029.784
2499,373972672,1751382264112,2,0.0048,0.004853,37.53,BTC-25JUL25-120000-C,105890.98,buy,0.2,0.2,,,,,,,1751382264.112
2500,373975009,1751382998758,3,0.0048,0.00472613,37.93,BTC-25JUL25-120000-C,105715.01,buy,0.3,0.3,,,,,,,1751382998.758
2501,373977277,1751384185502,0,0.005,0.00503577,37.51,BTC-25JUL25-120000-C,106141.59,sell,2.0,2.0,,,,,,,1751384185.502
2502,373977278,1751384185503,1,0.005,0.00503577,37.51,BTC-25JUL25-120000-C,106141.59,sell,1.4,1.4,,,,,,,1751384185.503
2503,373977279,1751384185504,1,0.005,0.00503577,37.51,BTC-25JUL25-120000-C,106141.59,sell,1.6,1.6,,,,,,,1751384185.504
2504,373979901,1751386413755,1,0.005,0.00514056,37.27,BTC-25JUL25-120000-C,106263.63,buy,0.1,0.1,,,,,,,1751386413.755
2505,373979902,1751386413759,1,0.005,0.00514056,37.27,BTC-25JUL25-120000-C,106263.63,buy,0.1,0.1,,,,,,,1751386413.759
2506,373982348,1751389447957,2,0.0047,0.00479513,37.31,BTC-25JUL25-120000-C,105967.01,sell,0.5,0.5,,,,,,,1751389447.957
2507,373983233,1751390447222,3,0.0047,0.00493996,36.78,BTC-25JUL25-120000-C,106216.17,sell,0.1,0.1,,,,,,,1751390447.222
2508,373983564,1751390626558,0,0.0048,0.00504342,36.84,BTC-25JUL25-120000-C,106289.88,buy,0.1,0.1,,,,,,,1751390626.558
2509,373995157,1751396921366,2,0.0047,0.0046797,38.2,BTC-25JUL25-120000-C,105563.3,sell,0.4,0.4,,,,,,,1751396921.366
2510,373995179,1751396935240,3,0.0047,0.00463393,38.27,BTC-25JUL25-120000-C,105534.16,sell,0.2,0.2,,,,,,,1751396935.24
2511,373995210,1751396941911,3,0.0047,0.004616,38.31,BTC-25JUL25-120000-C,105516.09,sell,0.2,0.2,,,,,,,1751396941.911
2512,373995271,1751396956994,3,0.0047,0.00460736,38.33,BTC-25JUL25-120000-C,105510.65,sell,0.1,0.1,,,,,,,1751396956.994
2513,373995275,1751396957047,3,0.0047,0.00460736,38.33,BTC-25JUL25-120000-C,105510.65,sell,0.1,0.1,,,,,,,1751396957.047
2514,373995825,1751397129732,3,0.0047,0.00466089,38.14,BTC-25JUL25-120000-C,105588.52,sell,0.1,0.1,,,,,,,1751397129.732
2515,373996226,1751397428862,3,0.0047,0.00469568,37.97,BTC-25JUL25-120000-C,105679.31,sell,0.1,0.1,,,,,,,1751397428.862
2516,373997024,1751398028876,3,0.0047,0.00477181,37.71,BTC-25JUL25-120000-C,105802.24,sell,0.1,0.1,,,,,,,1751398028.876
2517,373998190,1751398793651,3,0.0047,0.00455473,38.17,BTC-25JUL25-120000-C,105585.24,sell,0.1,0.1,,,,,,,1751398793.651
2518,374001398,1751400427156,2,0.0044,0.00440932,37.82,BTC-25JUL25-120000-C,105435.72,buy,0.2,0.2,,,,,,,1751400427.156
2519,374005704,1751404479110,0,0.0045,0.00465475,37.18,BTC-25JUL25-120000-C,105865.15,buy,0.2,0.2,,,,,,,1751404479.11
2520,374008746,1751407904081,2,0.0042,0.00445068,36.77,BTC-25JUL25-120000-C,105762.74,sell,0.1,0.1,,,,,,,1751407904.081
2521,374008956,1751408205369,0,0.0043,0.00449682,36.84,BTC-25JUL25-120000-C,105845.58,sell,0.1,0.1,,,,,,,1751408205.369
2522,374009276,1751408804104,2,0.0042,0.004387,36.82,BTC-25JUL25-120000-C,105760.53,sell,0.1,0.1,,,,,,,1751408804.104
2523,374011133,1751411634989,2,0.004,0.00410202,37.12,BTC-25JUL25-120000-C,105389.87,sell,0.1,0.1,,,,,,,1751411634.989
2524,374011394,1751411934690,3,0.004,0.00418831,36.93,BTC-25JUL25-120000-C,105485.28,buy,0.1,0.1,,,,,,,1751411934.69
2525,374011733,1751412414172,0,0.0041,0.00418683,37.12,BTC-25JUL25-120000-C,105514.21,buy,0.1,0.1,,,,,,,1751412414.172
2526,374017358,1751415325261,0,0.0043,0.00432245,37.1,BTC-25JUL25-120000-C,105760.88,buy,0.2,0.2,,,,,,,1751415325.261
2527,374019108,1751417464902,2,0.004,0.0041284,37.02,BTC-25JUL25-120000-C,105488.46,sell,0.1,0.1,,,,,,,1751417464.902
2528,374020562,1751419034779,2,0.0039,0.00401013,37.05,BTC-25JUL25-120000-C,105354.66,sell,0.1,0.1,,,,,,,1751419034.779
2529,374021419,1751419165152,3,0.0039,0.00396047,37.09,BTC-25JUL25-120000-C,105308.59,buy,0.1,0.1,,,,,,,1751419165.152
2530,374022311,1751419640474,0,0.0041,0.00411266,37.1,BTC-25JUL25-120000-C,105557.41,buy,0.1,0.1,,,,,,,1751419640.474
2531,374025654,1751422384383,0,0.0042,0.00425266,37.22,BTC-25JUL25-120000-C,105623.36,sell,0.1,0.1,,,,,,,1751422384.383
2532,374025872,1751422684885,1,0.0042,0.00425769,37.24,BTC-25JUL25-120000-C,105617.01,sell,0.1,0.1,,,,,,,1751422684.885
2533,374026173,1751423284406,2,0.0041,0.00433271,36.83,BTC-25JUL25-120000-C,105688.34,sell,0.1,0.1,,,,,,,1751423284.406
2534,374027137,1751424795134,0,0.0043,0.00441064,36.95,BTC-25JUL25-120000-C,105859.72,sell,0.1,0.1,,,,,,,1751424795.134
2535,374027933,1751425773697,0,0.0044,0.00448875,36.91,BTC-25JUL25-120000-C,105986.62,buy,0.3,0.3,,,,,,,1751425773.697
2536,374030473,1751429593060,0,0.0048,0.00478644,37.41,BTC-25JUL25-120000-C,106186.66,buy,0.2,0.2,,,,,,,1751429593.06
2537,374048355,1751444779685,0,0.006,0.00628988,36.74,BTC-25JUL25-120000-C,107619.61,sell,1.0,1.0,,,,,,,1751444779.685
2538,374053904,1751446974171,0,0.0065,0.00642557,37.3,BTC-25JUL25-120000-C,107775.99,sell,0.2,0.2,,,,,,,1751446974.171
2539,374060727,1751452138756,1,0.0065,0.006242,37.28,BTC-25JUL25-120000-C,107802.92,buy,0.1,0.1,,,,,,,1751452138.756
2541,374061212,1751452979200,3,0.006,0.00621956,36.33,BTC-25JUL25-120000-C,107819.12,sell,2.1,2.1,,,,,,,1751452979.2
2540,374061211,1751452979200,2,0.006,0.00621956,36.33,BTC-25JUL25-120000-C,107819.12,sell,0.3,0.3,,,,,,,1751452979.2
2542,374061213,1751452979203,3,0.006,0.00621956,36.33,BTC-25JUL25-120000-C,107819.12,buy,12.6,12.6,,,,,,,1751452979.203
2543,374069805,1751459295505,3,0.006,0.00545524,37.57,BTC-25JUL25-120000-C,107267.41,buy,0.3,0.3,,,,,,,1751459295.505
2544,374073397,1751462809233,2,0.0055,0.0056376,36.16,BTC-25JUL25-120000-C,107544.44,sell,0.1,0.1,,,,,,,1751462809.233
2545,374078542,1751465196461,0,0.006,0.00605179,36.33,BTC-25JUL25-120000-C,107894.1,buy,0.2,0.2,,,,,,,1751465196.461
2546,374079203,1751465518236,0,0.0065,0.00618586,37.06,BTC-25JUL25-120000-C,107961.29,buy,0.1,0.1,,,,,,,1751465518.236
2547,374080788,1751465817963,1,0.0065,0.00600911,37.44,BTC-25JUL25-120000-C,107791.44,buy,0.1,0.1,,,,,,,1751465817.963
2548,374082942,1751466418000,1,0.0065,0.0063925,36.7,BTC-25JUL25-120000-C,108094.93,buy,0.1,0.1,,,,,,,1751466418.0
2549,374084534,1751466808411,1,0.0065,0.00608685,37.37,BTC-25JUL25-120000-C,107811.01,buy,0.1,0.1,,,,,,,1751466808.411
2550,374086223,1751467385849,1,0.0065,0.00644592,36.7,BTC-25JUL25-120000-C,108098.65,buy,0.3,0.3,,,,,,,1751467385.849
2551,374086224,1751467385849,1,0.0065,0.00644592,36.7,BTC-25JUL25-120000-C,108098.65,buy,0.3,0.3,,,,,,,1751467385.849
2552,374086225,1751467385849,1,0.0065,0.00644592,36.7,BTC-25JUL25-120000-C,108098.65,buy,0.2,0.2,,,,,,,1751467385.849
2553,374086679,1751467465698,1,0.0065,0.00635619,36.87,BTC-25JUL25-120000-C,108027.67,sell,0.2,0.2,,,,,,,1751467465.698
2554,374086844,1751467507779,2,0.006,0.00615975,36.35,BTC-25JUL25-120000-C,107865.43,sell,0.1,0.1,,,,,,,1751467507.779
2555,374091283,1751468657778,0,0.0065,0.00679839,36.13,BTC-25JUL25-120000-C,108335.32,sell,1800.0,1800.0,,BTC-CBUT-25JUL25-115000_120000_122000,3.0,BLOCK-208220,,,1751468657.778
2556,374092096,1751468864045,1,0.0065,0.00678106,36.27,BTC-25JUL25-120000-C,108297.29,sell,900.0,900.0,,BTC-CBUT-25JUL25-115000_120000_122000,3.0,BLOCK-208222,,,1751468864.045
2557,374093226,1751469061601,0,0.007,0.00704254,36.77,BTC-25JUL25-120000-C,108440.04,buy,0.1,0.1,,,,,,,1751469061.601
2558,374095111,1751469424259,0,0.0075,0.00719395,37.54,BTC-25JUL25-120000-C,108470.21,buy,0.1,0.1,,,,,,,1751469424.259
2559,374096866,1751470023943,1,0.0075,0.00708338,37.74,BTC-25JUL25-120000-C,108408.04,buy,0.1,0.1,,,,,,,1751470023.943
2560,374099471,1751470763821,2,0.0065,0.00717973,35.92,BTC-25JUL25-120000-C,108444.88,sell,300.0,300.0,,BTC-CBUT-25JUL25-115000_120000_122000,3.0,BLOCK-208250,,,1751470763.821
2561,374100751,1751471054591,0,0.0076,0.00735269,37.55,BTC-25JUL25-120000-C,108523.55,sell,1.0,1.0,374100749,BTC-CS-25JUL25-105000_120000,,,,,1751471054.591
2562,374104933,1751471684651,2,0.0075,0.00750138,37.24,BTC-25JUL25-120000-C,108598.0,buy,0.7,0.7,,,,,,,1751471684.651
2563,374104975,1751471712412,3,0.0075,0.0075317,37.18,BTC-25JUL25-120000-C,108618.87,buy,0.1,0.1,,,,,,,1751471712.412
2564,374104986,1751471714116,3,0.0075,0.00753918,37.17,BTC-25JUL25-120000-C,108619.49,buy,0.2,0.2,,,,,,,1751471714.116
2566,374113250,1751472435708,1,0.009,0.00862388,38.03,BTC-25JUL25-120000-C,109252.15,buy,1.0,1.0,,,,,,T,1751472435.708
2567,374113251,1751472435708,1,0.009,0.00862388,38.03,BTC-25JUL25-120000-C,109252.15,buy,2.0,2.0,,,,,,T,1751472435.708
2565,374113249,1751472435708,0,0.009,0.00862388,38.03,BTC-25JUL25-120000-C,109252.15,buy,1.0,1.0,,,,,,T,1751472435.708
2568,374116134,1751472561192,0,0.0095,0.00913692,37.96,BTC-25JUL25-120000-C,109568.93,buy,0.2,0.2,,,,,,T,1751472561.192
2570,374116136,1751472561192,1,0.0095,0.00913692,37.96,BTC-25JUL25-120000-C,109568.93,buy,1.8,1.8,,,,,,T,1751472561.192
2569,374116135,1751472561192,1,0.0095,0.00913692,37.96,BTC-25JUL25-120000-C,109568.93,buy,1.6,1.6,,,,,,T,1751472561.192
2571,374119170,1751472667096,1,0.0095,0.00925891,37.97,BTC-25JUL25-120000-C,109581.58,sell,0.2,0.2,,,,,,,1751472667.096
2574,374120584,1751472797364,1,0.01,0.00906648,39.12,BTC-25JUL25-120000-C,109421.99,buy,0.1,0.1,,,,,,,1751472797.364
2578,374120588,1751472797364,1,0.01,0.00906648,39.12,BTC-25JUL25-120000-C,109421.99,buy,0.1,0.1,,,,,,,1751472797.364
2572,374120582,1751472797364,1,0.0095,0.00906648,38.38,BTC-25JUL25-120000-C,109421.99,buy,0.1,0.1,,,,,,,1751472797.364
2576,374120586,1751472797364,1,0.01,0.00906648,39.12,BTC-25JUL25-120000-C,109421.99,buy,0.1,0.1,,,,,,,1751472797.364
2573,374120583,1751472797364,0,0.01,0.00906648,39.12,BTC-25JUL25-120000-C,109421.99,buy,0.9,0.9,,,,,,,1751472797.364
2575,374120585,1751472797364,1,0.01,0.00906648,39.12,BTC-25JUL25-120000-C,109421.99,buy,0.2,0.2,,,,,,,1751472797.364
2577,374120587,1751472797364,1,0.01,0.00906648,39.12,BTC-25JUL25-120000-C,109421.99,buy,0.5,0.5,,,,,,,1751472797.364
2579,374120589,1751472797964,2,0.0095,0.00906648,38.38,BTC-25JUL25-120000-C,109421.99,sell,5.0,5.0,,,,,,,1751472797.964
2580,374120595,1751472798148,3,0.0095,0.00906648,38.38,BTC-25JUL25-120000-C,109421.99,sell,5.0,5.0,,,,,,,1751472798.148
2582,374123626,1751473002360,1,0.0105,0.00979121,39.29,BTC-25JUL25-120000-C,109616.68,buy,0.9,0.9,,,,,,T,1751473002.36
2581,374123625,1751473002360,0,0.0105,0.00979121,39.29,BTC-25JUL25-120000-C,109616.68,buy,0.1,0.1,,,,,,T,1751473002.36
2583,374123627,1751473002360,1,0.0105,0.00979121,39.29,BTC-25JUL25-120000-C,109616.68,buy,2.2,2.2,,,,,,T,1751473002.36
2584,374129078,1751473347978,2,0.0096,0.00944908,38.51,BTC-25JUL25-120000-C,109413.57,sell,14.0,14.0,,BTC-CBUT-25JUL25-115000_120000_122000,3.0,BLOCK-208271,7645.0,,1751473347.978
2585,374133665,1751473803652,2,0.009,0.00929659,37.99,BTC-25JUL25-120000-C,109269.44,sell,0.1,0.1,,,,,,,1751473803.652
2586,374136059,1751474394413,0,0.0095,0.00964696,38.14,BTC-25JUL25-120000-C,109537.31,buy,0.3,0.3,,,,,,,1751474394.413
2587,374136090,1751474395411,1,0.0095,0.00964739,38.13,BTC-25JUL25-120000-C,109540.76,buy,0.1,0.1,,,,,,,1751474395.411
2588,374136100,1751474396221,1,0.0095,0.00965693,38.11,BTC-25JUL25-120000-C,109550.72,buy,0.1,0.1,,,,,,,1751474396.221
2589,374136101,1751474396902,1,0.0095,0.00965731,38.09,BTC-25JUL25-120000-C,109555.71,buy,0.1,0.1,,,,,,,1751474396.902
2590,374136104,1751474397914,1,0.0095,0.00965731,38.08,BTC-25JUL25-120000-C,109559.35,buy,0.2,0.2,,,,,,,1751474397.914
2591,374140112,1751475379812,1,0.0095,0.00943261,38.46,BTC-25JUL25-120000-C,109410.98,buy,0.1,0.1,,,,,,,1751475379.812
2592,374140246,1751475432997,1,0.0095,0.00949877,38.36,BTC-25JUL25-120000-C,109444.54,sell,0.2,0.2,,,,,,,1751475432.997
2594,374141985,1751476025582,2,0.009,0.0095296,37.53,BTC-25JUL25-120000-C,109485.02,sell,0.2,0.2,,,,,,,1751476025.582
2593,374141984,1751476025582,1,0.0095,0.0095296,38.27,BTC-25JUL25-120000-C,109485.02,sell,0.3,0.3,,,,,,,1751476025.582
2602,374143080,1751476704230,1,0.01,0.00964747,38.96,BTC-25JUL25-120000-C,109522.44,buy,12.8,12.8,,,,,,,1751476704.23
2597,374143075,1751476704230,1,0.01,0.00964747,38.96,BTC-25JUL25-120000-C,109522.44,buy,9.0,9.0,,,,,,,1751476704.23
2601,374143079,1751476704230,1,0.01,0.00964747,38.96,BTC-25JUL25-120000-C,109522.44,buy,5.0,5.0,,,,,,,1751476704.23
2603,374143081,1751476704230,1,0.01,0.00964747,38.96,BTC-25JUL25-120000-C,109522.44,buy,1.0,1.0,,,,,,,1751476704.23
2599,374143077,1751476704230,1,0.01,0.00964747,38.96,BTC-25JUL25-120000-C,109522.44,buy,1.2,1.2,,,,,,,1751476704.23
2595,374143073,1751476704230,0,0.01,0.00964747,38.96,BTC-25JUL25-120000-C,109522.44,buy,20.0,20.0,,,,,,,1751476704.23
2598,374143076,1751476704230,1,0.01,0.00964747,38.96,BTC-25JUL25-120000-C,109522.44,buy,1.0,1.0,,,,,,,1751476704.23
2596,374143074,1751476704230,1,0.01,0.00964747,38.96,BTC-25JUL25-120000-C,109522.44,buy,25.0,25.0,,,,,,,1751476704.23
2600,374143078,1751476704230,1,0.01,0.00964747,38.96,BTC-25JUL25-120000-C,109522.44,buy,5.2,5.2,,,,,,,1751476704.23
2604,374143082,1751476704233,1,0.01,0.00964747,38.96,BTC-25JUL25-120000-C,109522.44,sell,10.0,10.0,,,,,,,1751476704.233
2605,374143083,1751476704234,1,0.01,0.00964747,38.96,BTC-25JUL25-120000-C,109522.44,sell,9.8,9.8,,,,,,,1751476704.234
2606,374143754,1751477020252,0,0.0105,0.01014717,39.03,BTC-25JUL25-120000-C,109769.22,buy,2.9,2.9,,,,,,T,1751477020.252
2607,374144341,1751477112026,2,0.01,0.00992589,38.69,BTC-25JUL25-120000-C,109635.63,sell,1.5,1.5,,,,,,,1751477112.026
2608,374144550,1751477260944,3,0.01,0.00979614,38.92,BTC-25JUL25-120000-C,109525.39,sell,1.3,1.3,,,,,,,1751477260.944
2609,374156387,1751483084066,2,0.009,0.00911376,37.5,BTC-25JUL25-120000-C,109564.43,sell,0.1,0.1,,,,,,,1751483084.066
2610,374156820,1751483295613,2,0.0085,0.00896577,36.96,BTC-25JUL25-120000-C,109465.63,sell,0.3,0.3,,,,,,,1751483295.613
2611,374158065,1751484813376,0,0.0095,0.00946373,38.16,BTC-25JUL25-120000-C,109594.82,sell,10.0,10.0,374158063,BTC-CDIAG-25JUL25_18JUL25-120000_118000,,,,,1751484813.376
2612,374162155,1751486945471,1,0.0095,0.00942955,38.57,BTC-25JUL25-120000-C,109456.56,sell,9.9,9.9,,,,,,,1751486945.471
2613,374162156,1751486945475,1,0.0095,0.00942955,38.57,BTC-25JUL25-120000-C,109456.56,buy,13.5,13.5,,,,,,,1751486945.475
2614,374162159,1751486946234,1,0.0095,0.00941243,38.57,BTC-25JUL25-120000-C,109455.47,buy,0.3,0.3,,,,,,,1751486946.234
2616,374162232,1751486963440,3,0.009,0.00941237,37.82,BTC-25JUL25-120000-C,109448.3,sell,6.0,6.0,,,,,,,1751486963.44
2615,374162231,1751486963440,2,0.009,0.00941237,37.82,BTC-25JUL25-120000-C,109448.3,sell,20.0,20.0,,,,,,,1751486963.44
2617,374174695,1751496913716,2,0.0085,0.00910818,37.75,BTC-25JUL25-120000-C,109185.04,sell,0.7,0.7,,,,,,,1751496913.716
2618,374174696,1751496913716,3,0.0085,0.00910818,37.75,BTC-25JUL25-120000-C,109185.04,sell,0.3,0.3,,,,,,,1751496913.716
2619,374180583,1751503508292,3,0.0085,0.00875262,37.95,BTC-25JUL25-120000-C,109135.19,buy,0.3,0.3,,,,,,,1751503508.292
2620,374184068,1751508132457,0,0.0089,0.00828697,39.13,BTC-25JUL25-120000-C,108886.4,buy,38.0,38.0,,,1.0,BLOCK-208352,,,1751508132.457
2621,374187719,1751510320978,2,0.008,0.00806798,38.33,BTC-25JUL25-120000-C,108660.16,sell,0.3,0.3,,,,,,,1751510320.978
2622,374193422,1751512818549,0,0.0082,0.00812066,38.56,BTC-25JUL25-120000-C,108702.27,buy,10.0,10.0,,BTC-CLAD-25JUL25-120000_124000_126000,3.0,BLOCK-208367,,,1751512818.549
2623,374197247,1751516457993,0,0.009,0.00858536,39.29,BTC-25JUL25-120000-C,108952.68,buy,0.1,0.1,,,,,,,1751516457.993
2624,374197324,1751516618015,1,0.009,0.00861382,39.21,BTC-25JUL25-120000-C,108986.17,buy,0.4,0.4,,,,,,,1751516618.015
2625,374198010,1751518494603,2,0.0085,0.00838611,38.82,BTC-25JUL25-120000-C,108828.77,sell,0.3,0.3,,,,,,,1751518494.603
2626,374198507,1751519248441,2,0.008,0.00857659,37.78,BTC-25JUL25-120000-C,108933.0,sell,0.2,0.2,,,,,,,1751519248.441
2628,374201743,1751521573663,1,0.009,0.00905713,38.5,BTC-25JUL25-120000-C,109265.93,sell,0.6,0.6,,,,,,,1751521573.663
2627,374201742,1751521573663,0,0.009,0.00905713,38.5,BTC-25JUL25-120000-C,109265.93,sell,0.3,0.3,,,,,,,1751521573.663
2629,374201744,1751521573665,1,0.009,0.00905713,38.5,BTC-25JUL25-120000-C,109265.93,buy,0.3,0.3,,,,,,,1751521573.665
2631,374202805,1751522558352,1,0.009,0.0092231,38.3,BTC-25JUL25-120000-C,109361.81,sell,3.8,3.8,,,,,,,1751522558.352
2630,374202804,1751522558352,1,0.009,0.0092231,38.3,BTC-25JUL25-120000-C,109361.81,sell,1.3,1.3,,,,,,,1751522558.352
2633,374223460,1751534251004,1,0.01,0.00992101,39.02,BTC-25JUL25-120000-C,109695.0,buy,0.1,0.1,,,,,,,1751534251.004
2634,374223461,1751534251004,1,0.01,0.00992101,39.02,BTC-25JUL25-120000-C,109695.0,buy,0.1,0.1,,,,,,,1751534251.004
2632,374223459,1751534251004,0,0.01,0.00992101,39.02,BTC-25JUL25-120000-C,109695.0,buy,2.5,2.5,,,,,,,1751534251.004
2635,374225175,1751534509351,1,0.01,0.01013778,38.67,BTC-25JUL25-120000-C,109826.09,sell,0.3,0.3,,,,,,,1751534509.351
2636,374225775,1751534573676,0,0.0105,0.01027329,39.26,BTC-25JUL25-120000-C,109867.57,buy,0.1,0.1,,,,,,,1751534573.676
2637,374228111,1751534817918,2,0.0104,0.01035114,38.87,BTC-25JUL25-120000-C,109964.42,buy,0.6,0.6,374228109,BTC-CSR12-25JUL25-115000_120000,,,,,1751534817.918
2638,374228131,1751534829051,3,0.0104,0.01034798,38.88,BTC-25JUL25-120000-C,109964.54,buy,9.4,9.4,374228129,BTC-CSR12-25JUL25-115000_120000,,,,,1751534829.051
2639,374228148,1751534841540,2,0.0103,0.01034195,38.73,BTC-25JUL25-120000-C,109968.13,buy,0.4,0.4,374228147,BTC-CSR12-25JUL25-115000_120000,,,,,1751534841.54
2640,374228299,1751534858186,0,0.0105,0.01038837,38.95,BTC-25JUL25-120000-C,109994.26,buy,2.9,2.9,,,,,,,1751534858.186
2641,374229428,1751535067172,1,0.0105,0.01054229,38.94,BTC-25JUL25-120000-C,109993.68,sell,0.1,0.1,,,,,,,1751535067.172
2642,374230690,1751535338424,2,0.01,0.01042885,38.48,BTC-25JUL25-120000-C,109911.53,sell,1.0,1.0,,,,,,,1751535338.424
2643,374232887,1751535734098,0,0.011,0.01093786,39.29,BTC-25JUL25-120000-C,110136.82,buy,0.5,0.5,,,,,,,1751535734.098
2644,374234231,1751535900674,1,0.011,0.0112134,38.96,BTC-25JUL25-120000-C,110257.36,sell,0.1,0.1,,,,,,,1751535900.674
2645,374236083,1751536141620,1,0.011,0.01081295,39.61,BTC-25JUL25-120000-C,110030.24,buy,0.2,0.2,,,,,,,1751536141.62
2651,374236606,1751536210475,1,0.0115,0.01089677,40.42,BTC-25JUL25-120000-C,109984.07,buy,0.7,0.7,,,,,,,1751536210.475
2652,374236607,1751536210475,1,0.0115,0.01089677,40.42,BTC-25JUL25-120000-C,109984.07,buy,9.8,9.8,,,,,,,1751536210.475
2647,374236602,1751536210475,1,0.0115,0.01089677,40.42,BTC-25JUL25-120000-C,109984.07,buy,12.4,12.4,,,,,,,1751536210.475
2648,374236603,1751536210475,1,0.0115,0.01089677,40.42,BTC-25JUL25-120000-C,109984.07,buy,1.5,1.5,,,,,,,1751536210.475
2646,374236601,1751536210475,0,0.0115,0.01089677,40.42,BTC-25JUL25-120000-C,109984.07,buy,0.4,0.4,,,,,,,1751536210.475
2650,374236605,1751536210475,1,0.0115,0.01089677,40.42,BTC-25JUL25-120000-C,109984.07,buy,1.0,1.0,,,,,,,1751536210.475
2649,374236604,1751536210475,1,0.0115,0.01089677,40.42,BTC-25JUL25-120000-C,109984.07,buy,10.0,10.0,,,,,,,1751536210.475
2653,374236608,1751536210475,1,0.0115,0.01089677,40.42,BTC-25JUL25-120000-C,109984.07,buy,4.2,4.2,,,,,,,1751536210.475
2654,374236609,1751536210475,1,0.0115,0.01089677,40.42,BTC-25JUL25-120000-C,109984.07,buy,5.0,5.0,,,,,,,1751536210.475
2655,374236612,1751536210480,1,0.0115,0.01089677,40.42,BTC-25JUL25-120000-C,109984.07,sell,5.0,5.0,,,,,,,1751536210.48
2656,374237803,1751536439991,2,0.011,0.01111414,39.65,BTC-25JUL25-120000-C,110015.22,sell,10.0,10.0,,,,,,,1751536439.991
2657,374249670,1751537982552,3,0.011,0.0109658,40.23,BTC-25JUL25-120000-C,109778.61,sell,0.1,0.1,,,,,,,1751537982.552
2658,374249688,1751537983882,3,0.011,0.01096661,40.24,BTC-25JUL25-120000-C,109773.23,sell,12.4,12.4,,,,,,,1751537983.882
2659,374249690,1751537983893,3,0.011,0.01096661,40.24,BTC-25JUL25-120000-C,109773.23,sell,12.4,12.4,,,,,,,1751537983.893
2660,374249691,1751537983904,3,0.011,0.01096661,40.24,BTC-25JUL25-120000-C,109773.23,sell,14.9,14.9,,,,,,,1751537983.904
2661,374252671,1751539289491,3,0.011,0.0110364,40.08,BTC-25JUL25-120000-C,109833.95,buy,0.4,0.4,,,,,,,1751539289.491
2662,374252672,1751539289497,3,0.011,0.0110364,40.08,BTC-25JUL25-120000-C,109833.95,sell,0.1,0.1,,,,,,,1751539289.497
2663,374260217,1751544011422,2,0.0109,0.01029726,40.6,BTC-25JUL25-120000-C,109579.13,sell,350.0,350.0,,BTC-CBUT-25JUL25-115000_120000_122000,3.0,BLOCK-208475,,,1751544011.422
2664,374260805,1751544212384,3,0.0109,0.01034788,40.56,BTC-25JUL25-120000-C,109599.72,sell,350.0,350.0,,BTC-CBUT-25JUL25-115000_120000_122000,3.0,BLOCK-208476,,,1751544212.384
2665,374262205,1751544935335,2,0.01,0.0102887,39.28,BTC-25JUL25-120000-C,109591.23,sell,50.0,50.0,,BTC-CBUT-25JUL25-115000_120000_122000,3.0,BLOCK-208477,,,1751544935.335
2666,374262223,1751544945687,3,0.01,0.01028489,39.28,BTC-25JUL25-120000-C,109591.53,sell,50.0,50.0,,BTC-CBUT-25JUL25-115000_120000_122000,3.0,BLOCK-208478,,,1751544945.687
2667,374267919,1751546191817,2,0.0095,0.00981357,39.22,BTC-25JUL25-120000-C,109319.55,sell,0.3,0.3,,,,,,,1751546191.817
2668,374269428,1751546343758,2,0.009,0.00936516,39.1,BTC-25JUL25-120000-C,109069.74,sell,0.1,0.1,,,,,,,1751546343.758
2669,374269973,1751546392636,3,0.009,0.00918744,39.36,BTC-25JUL25-120000-C,108963.01,sell,0.1,0.1,,,,,,,1751546392.636
2670,374269974,1751546392636,3,0.009,0.00918744,39.36,BTC-25JUL25-120000-C,108963.01,sell,0.4,0.4,,,,,,,1751546392.636
2671,374272740,1751547228253,0,0.0095,0.00909042,40.09,BTC-25JUL25-120000-C,109003.28,buy,0.7,0.7,,,,,,,1751547228.253
2672,374272741,1751547228253,1,0.0095,0.00909042,40.09,BTC-25JUL25-120000-C,109003.28,buy,1.3,1.3,,,,,,,1751547228.253
2673,374273096,1751547361316,1,0.0095,0.00931054,39.78,BTC-25JUL25-120000-C,109127.86,buy,2.0,2.0,,,,,,,1751547361.316
2674,374273306,1751547440541,1,0.0095,0.00936146,39.67,BTC-25JUL25-120000-C,109174.33,buy,1.4,1.4,,,,,,,1751547440.541
2675,374273307,1751547440541,1,0.0095,0.00936146,39.67,BTC-25JUL25-120000-C,109174.33,buy,0.6,0.6,,,,,,,1751547440.541
2677,374273403,1751547487923,1,0.0095,0.00934382,39.69,BTC-25JUL25-120000-C,109173.09,buy,0.4,0.4,,,,,,,1751547487.923
2676,374273402,1751547487923,1,0.0095,0.00934382,39.69,BTC-25JUL25-120000-C,109173.09,buy,1.6,1.6,,,,,,,1751547487.923
2678,374273486,1751547526174,1,0.0095,0.00937024,39.66,BTC-25JUL25-120000-C,109184.03,buy,2.0,2.0,,,,,,,1751547526.174
2679,374273492,1751547534071,1,0.0095,0.00937656,39.65,BTC-25JUL25-120000-C,109186.63,sell,2.0,2.0,,,,,,,1751547534.071
2680,374273534,1751547545421,1,0.0095,0.00937126,39.61,BTC-25JUL25-120000-C,109206.96,buy,0.3,0.3,,,,,,,1751547545.421
2681,374273535,1751547545423,1,0.0095,0.00937126,39.61,BTC-25JUL25-120000-C,109206.96,sell,1.7,1.7,,,,,,,1751547545.423
2682,374273547,1751547559883,1,0.0095,0.00941364,39.59,BTC-25JUL25-120000-C,109213.49,sell,1.3,1.3,,,,,,,1751547559.883
2683,374282018,1751550342226,0,0.0105,0.01057692,38.58,BTC-25JUL25-120000-C,110193.63,buy,0.1,0.1,,,,,,,1751550342.226
2684,374283985,1751550603797,0,0.011,0.01091682,38.82,BTC-25JUL25-120000-C,110365.31,buy,0.2,0.2,,,,,,,1751550603.797
2685,374287515,1751550928730,1,0.011,0.01114065,38.74,BTC-25JUL25-120000-C,110380.3,sell,0.7,0.7,,,,,,,1751550928.73
2686,374287516,1751550928730,1,0.011,0.01114065,38.74,BTC-25JUL25-120000-C,110380.3,sell,1.3,1.3,,,,,,,1751550928.73
2687,374291441,1751551510711,0,0.0115,0.01119906,39.58,BTC-25JUL25-120000-C,110336.48,sell,0.1,0.1,,,,,,,1751551510.711
2688,374292000,1751551584628,1,0.0115,0.01132018,39.34,BTC-25JUL25-120000-C,110417.96,buy,0.1,0.1,,,,,,,1751551584.628
2689,374299720,1751554292292,2,0.0105,0.00990317,39.79,BTC-25JUL25-120000-C,109755.12,buy,0.5,0.5,,,,,,,1751554292.292
2690,374307847,1751557853570,2,0.0085,0.00882618,37.89,BTC-25JUL25-120000-C,109320.34,sell,0.2,0.2,,,,,,,1751557853.57
2691,374315027,1751563110654,3,0.0085,0.00868483,37.18,BTC-25JUL25-120000-C,109603.68,buy,0.6,0.6,,,,,,,1751563110.654
2692,374315621,1751564220397,2,0.008,0.00851692,36.56,BTC-25JUL25-120000-C,109528.92,sell,0.1,0.1,,,,,,,1751564220.397
2695,374317297,1751566438227,1,0.009,0.00835852,38.28,BTC-25JUL25-120000-C,109492.97,buy,3.2,3.2,,,,,,,1751566438.227
2693,374317295,1751566438227,0,0.009,0.00835852,38.28,BTC-25JUL25-120000-C,109492.97,buy,1.8,1.8,,,,,,,1751566438.227
2694,374317296,1751566438227,1,0.009,0.00835852,38.28,BTC-25JUL25-120000-C,109492.97,buy,5.0,5.0,,,,,,,1751566438.227
2696,374324082,1751575049121,1,0.009,0.00900349,37.28,BTC-25JUL25-120000-C,109902.45,buy,10.0,10.0,,,,,,,1751575049.121
2697,374324825,1751575775847,1,0.009,0.00917956,37.22,BTC-25JUL25-120000-C,109933.19,sell,0.9,0.9,,,,,,,1751575775.847
2699,374324827,1751575775847,1,0.009,0.00917956,37.22,BTC-25JUL25-120000-C,109933.19,sell,0.9,0.9,,,,,,,1751575775.847
2698,374324826,1751575775847,1,0.009,0.00917956,37.22,BTC-25JUL25-120000-C,109933.19,sell,2.8,2.8,,,,,,,1751575775.847
2700,374324828,1751575775849,1,0.009,0.00917956,37.22,BTC-25JUL25-120000-C,109933.19,buy,0.4,0.4,,,,,,,1751575775.849
2701,374324941,1751575980054,1,0.009,0.0092112,37.2,BTC-25JUL25-120000-C,109938.09,sell,1.0,1.0,,,,,,,1751575980.054
2702,374325588,1751576580304,0,0.0095,0.00935987,37.71,BTC-25JUL25-120000-C,110020.45,buy,7.0,7.0,,,,,,,1751576580.304
2703,374330904,1751580797445,2,0.009,0.00892018,37.95,BTC-25JUL25-120000-C,109775.71,sell,0.3,0.3,,,,,,,1751580797.445
2704,374342232,1751590564202,2,0.0085,0.00833499,38.02,BTC-25JUL25-120000-C,109512.08,sell,0.5,0.5,,,,,,,1751590564.202
2705,374344300,1751591385614,2,0.008,0.00835158,37.06,BTC-25JUL25-120000-C,109581.15,sell,0.1,0.1,,,,,,,1751591385.614
2706,374345160,1751591999981,3,0.008,0.00843014,36.87,BTC-25JUL25-120000-C,109663.53,sell,0.2,0.2,,,,,,,1751591999.981
2707,374349394,1751593824561,3,0.008,0.00815263,37.16,BTC-25JUL25-120000-C,109567.98,sell,0.2,0.2,,,,,,,1751593824.561
2708,374349831,1751594092945,3,0.008,0.00807872,37.22,BTC-25JUL25-120000-C,109553.61,sell,0.2,0.2,,,,,,,1751594092.945
2709,374350279,1751594382529,3,0.008,0.00802607,37.24,BTC-25JUL25-120000-C,109550.05,sell,0.1,0.1,,,,,,,1751594382.529
2710,374366368,1751599611156,3,0.008,0.00782823,37.62,BTC-25JUL25-120000-C,109375.88,buy,0.1,0.1,,,,,,,1751599611.156
2711,374366620,1751599731151,3,0.008,0.00787132,37.53,BTC-25JUL25-120000-C,109417.86,sell,0.1,0.1,,,,,,,1751599731.151
2712,374370862,1751602798298,3,0.008,0.00773873,37.73,BTC-25JUL25-120000-C,109342.93,buy,0.1,0.1,,,,,,,1751602798.298
2713,374371005,1751603155199,2,0.0075,0.00757228,37.17,BTC-25JUL25-120000-C,109250.42,buy,1.0,1.0,374371004,BTC-CBUT-25JUL25-115000_120000_125000,,,,,1751603155.199
2714,374371032,1751603161146,3,0.0075,0.00756726,37.18,BTC-25JUL25-120000-C,109245.54,sell,9.0,9.0,374371030,BTC-CBUT-25JUL25-115000_120000_125000,,,,,1751603161.146
2715,374371038,1751603184194,3,0.0075,0.00757381,37.16,BTC-25JUL25-120000-C,109256.28,sell,0.2,0.2,374371037,BTC-CBUT-25JUL25-115000_120000_125000,,,,,1751603184.194
2716,374371055,1751603279370,0,0.008,0.0075607,38.02,BTC-25JUL25-120000-C,109253.32,buy,0.1,0.1,,,,,,,1751603279.37
2717,374372781,1751604566578,2,0.0075,0.00743978,37.65,BTC-25JUL25-120000-C,109051.75,sell,0.5,0.5,,,,,,,1751604566.578
2718,374374227,1751605470375,3,0.0075,0.00753573,37.62,BTC-25JUL25-120000-C,109071.29,sell,0.1,0.1,,,,,,,1751605470.375
2719,374374228,1751605470379,3,0.0075,0.00753573,37.62,BTC-25JUL25-120000-C,109071.29,sell,0.1,0.1,,,,,,,1751605470.379
2720,374375643,1751606461636,3,0.0075,0.00742208,37.6,BTC-25JUL25-120000-C,109102.35,buy,10.0,10.0,,,11.0,BLOCK-208623,,,1751606461.636
2721,374383532,1751610020683,3,0.0075,0.00723848,37.93,BTC-25JUL25-120000-C,108920.13,buy,0.1,0.1,,,,,,,1751610020.683
2722,374384684,1751610619846,3,0.0075,0.00725568,37.89,BTC-25JUL25-120000-C,108952.57,buy,0.1,0.1,,,,,,,1751610619.846
2724,374389250,1751613287486,3,0.007,0.00712171,37.08,BTC-25JUL25-120000-C,108928.68,sell,1.0,1.0,,,,,,,1751613287.486
2725,374389251,1751613287486,3,0.007,0.00712171,37.08,BTC-25JUL25-120000-C,108928.68,sell,0.9,0.9,,,,,,,1751613287.486
2723,374389249,1751613287486,2,0.007,0.00712171,37.08,BTC-25JUL25-120000-C,108928.68,sell,0.5,0.5,,,,,,,1751613287.486
2726,374389487,1751613449420,0,0.0075,0.00716499,37.86,BTC-25JUL25-120000-C,108954.11,buy,0.1,0.1,,,,,,,1751613449.42
2727,374391029,1751614048546,1,0.0075,0.00709981,38.11,BTC-25JUL25-120000-C,108851.28,buy,0.1,0.1,,,,,,,1751614048.546
2728,374396995,1751616411157,2,0.007,0.00690851,37.76,BTC-25JUL25-120000-C,108681.48,sell,0.2,0.2,,,,,,,1751616411.157
2729,374397106,1751616590562,2,0.0065,0.00688211,36.85,BTC-25JUL25-120000-C,108675.81,sell,0.1,0.1,,,,,,,1751616590.562
2732,374400092,1751618040989,3,0.0065,0.0068101,36.76,BTC-25JUL25-120000-C,108780.09,sell,0.1,0.1,,,,,,,1751618040.989
2730,374400090,1751618040989,3,0.0065,0.0068101,36.76,BTC-25JUL25-120000-C,108780.09,sell,5.0,5.0,,,,,,,1751618040.989
2731,374400091,1751618040989,3,0.0065,0.0068101,36.76,BTC-25JUL25-120000-C,108780.09,sell,1.8,1.8,,,,,,,1751618040.989
2734,374400094,1751618043478,3,0.006,0.00681144,35.85,BTC-25JUL25-120000-C,108780.34,sell,1.0,1.0,,,,,,,1751618043.478
2736,374400096,1751618043478,3,0.006,0.00681144,35.85,BTC-25JUL25-120000-C,108780.34,sell,1.1,1.1,,,,,,,1751618043.478
2735,374400095,1751618043478,3,0.006,0.00681144,35.85,BTC-25JUL25-120000-C,108780.34,sell,1.0,1.0,,,,,,,1751618043.478
2733,374400093,1751618043478,2,0.006,0.00681144,35.85,BTC-25JUL25-120000-C,108780.34,sell,0.1,0.1,,,,,,,1751618043.478
2737,374400188,1751618064253,0,0.0065,0.00675358,36.72,BTC-25JUL25-120000-C,108803.18,sell,0.1,0.1,,,,,,,1751618064.253
2738,374400189,1751618064255,1,0.0065,0.00675358,36.72,BTC-25JUL25-120000-C,108803.18,buy,0.4,0.4,,,,,,,1751618064.255
2739,374402112,1751618847220,2,0.006,0.00648235,35.67,BTC-25JUL25-120000-C,108856.59,sell,0.1,0.1,,,,,,,1751618847.22
2740,374402781,1751619498958,3,0.006,0.00642011,35.82,BTC-25JUL25-120000-C,108789.94,sell,0.1,0.1,,,,,,,1751619498.958
2741,374403075,1751619803636,0,0.0065,0.00644943,36.58,BTC-25JUL25-120000-C,108860.39,sell,0.2,0.2,,,,,,,1751619803.636
2742,374406284,1751622803572,2,0.006,0.00623212,35.45,BTC-25JUL25-120000-C,108972.98,sell,1.6,1.6,,,,,,,1751622803.572
2743,374406868,1751623500126,0,0.0065,0.00642921,36.04,BTC-25JUL25-120000-C,109098.28,sell,0.1,0.1,,,,,,,1751623500.126
2744,374406888,1751623507197,1,0.0065,0.00643132,36.04,BTC-25JUL25-120000-C,109098.7,sell,0.1,0.1,,,,,,,1751623507.197
2745,374409259,1751627448418,1,0.0065,0.00627423,36.13,BTC-25JUL25-120000-C,109083.05,buy,0.1,0.1,,,,,,,1751627448.418
2746,374411087,1751630040030,2,0.006,0.00586154,35.65,BTC-25JUL25-120000-C,108924.76,sell,0.3,0.3,,,,,,,1751630040.03
2747,374411689,1751630705651,3,0.006,0.0060005,35.46,BTC-25JUL25-120000-C,108991.87,sell,0.3,0.3,,,,,,,1751630705.651
2748,374412704,1751632097256,3,0.006,0.00573976,35.75,BTC-25JUL25-120000-C,108868.77,buy,10.0,10.0,,,,,,,1751632097.256
2749,374413495,1751633435833,2,0.0055,0.00560195,35.07,BTC-25JUL25-120000-C,108765.19,sell,0.3,0.3,,,,,,,1751633435.833
2750,374415172,1751634842253,0,0.006,0.00547317,36.18,BTC-25JUL25-120000-C,108702.19,buy,0.1,0.1,,,,,,,1751634842.253
2751,374415340,1751635082263,1,0.006,0.00549417,36.19,BTC-25JUL25-120000-C,108700.76,buy,0.1,0.1,,,,,,,1751635082.263
2752,374416335,1751635682276,1,0.006,0.0054626,36.31,BTC-25JUL25-120000-C,108639.62,buy,0.1,0.1,,,,,,,1751635682.276
2753,374427032,1751638222097,2,0.005,0.0050531,36.27,BTC-25JUL25-120000-C,107774.55,sell,0.1,0.1,,,,,,,1751638222.097
2754,374432247,1751639011418,0,0.0055,0.00548281,37.25,BTC-25JUL25-120000-C,107816.95,buy,0.2,0.2,,,,,,,1751639011.418
2755,374434002,1751639383803,0,0.006,0.00587564,37.68,BTC-25JUL25-120000-C,108093.26,buy,0.3,0.3,,,,,,,1751639383.803
2756,374438381,1751641377653,1,0.006,0.00584154,38.16,BTC-25JUL25-120000-C,107901.83,sell,0.3,0.3,,,,,,,1751641377.653
2757,374444796,1751645047034,2,0.0055,0.00553878,37.6,BTC-25JUL25-120000-C,107698.1,sell,0.1,0.1,,,,,,,1751645047.034
2758,374445534,1751645267325,3,0.0055,0.0055019,37.56,BTC-25JUL25-120000-C,107721.79,buy,0.1,0.1,,,,,,,1751645267.325
2759,374452502,1751648972797,0,0.006,0.00551496,38.31,BTC-25JUL25-120000-C,107840.53,buy,0.2,0.2,,,,,,,1751648972.797
2760,374453401,1751650185731,2,0.0055,0.00548843,37.42,BTC-25JUL25-120000-C,107801.85,sell,0.5,0.5,,,,,,,1751650185.731
2761,374463304,1751664586824,0,0.006,0.00581172,38.47,BTC-25JUL25-120000-C,107846.33,buy,0.1,0.1,,,,,,,1751664586.824
2762,374463410,1751664887272,1,0.006,0.00571773,38.66,BTC-25JUL25-120000-C,107790.43,buy,0.1,0.1,,,,,,,1751664887.272
2763,374463783,1751665486502,1,0.006,0.00584472,38.39,BTC-25JUL25-120000-C,107883.69,buy,0.1,0.1,,,,,,,1751665486.502
2764,374464195,1751666148138,1,0.006,0.00579781,38.26,BTC-25JUL25-120000-C,107948.72,buy,10.0,10.0,,,,,,,1751666148.138
2765,374465267,1751667255102,1,0.006,0.00580412,38.05,BTC-25JUL25-120000-C,108050.34,buy,0.1,0.1,,,,,,,1751667255.102
2766,374466128,1751667554801,1,0.006,0.00583649,37.91,BTC-25JUL25-120000-C,108107.5,buy,0.1,0.1,,,,,,,1751667554.801
2767,374466419,1751667734512,1,0.006,0.00591193,37.72,BTC-25JUL25-120000-C,108175.26,buy,0.1,0.1,,,,,,,1751667734.512
2768,374468335,1751670894569,1,0.006,0.00572653,37.86,BTC-25JUL25-120000-C,108147.69,buy,0.1,0.1,,,,,,,1751670894.569
2769,374468451,1751671134586,1,0.006,0.00570391,37.95,BTC-25JUL25-120000-C,108117.1,buy,0.1,0.1,,,,,,,1751671134.586
2770,374468570,1751671734603,1,0.006,0.00574485,37.9,BTC-25JUL25-120000-C,108131.81,buy,0.1,0.1,,,,,,,1751671734.603
2771,374469527,1751674332032,1,0.006,0.00573968,38.21,BTC-25JUL25-120000-C,108015.63,buy,0.1,0.1,,,,,,,1751674332.032
2772,374469620,1751674632034,1,0.006,0.00576065,38.14,BTC-25JUL25-120000-C,108047.33,buy,0.1,0.1,,,,,,,1751674632.034
2773,374469866,1751675231767,1,0.006,0.00580976,37.91,BTC-25JUL25-120000-C,108150.36,buy,0.1,0.1,,,,,,,1751675231.767
2774,374471308,1751677991370,1,0.006,0.00566438,38.04,BTC-25JUL25-120000-C,108121.94,buy,0.1,0.1,,,,,,,1751677991.37
2775,374471604,1751678291387,1,0.006,0.0055732,38.31,BTC-25JUL25-120000-C,107997.69,buy,0.1,0.1,,,,,,,1751678291.387
2776,374472035,1751678831401,1,0.006,0.00567954,38.37,BTC-25JUL25-120000-C,107968.24,buy,0.1,0.1,,,,,,,1751678831.401
2777,374473037,1751681541762,1,0.006,0.00565229,38.61,BTC-25JUL25-120000-C,107868.18,buy,0.1,0.1,,,,,,,1751681541.762
2778,374473288,1751681841447,1,0.006,0.00576959,38.4,BTC-25JUL25-120000-C,107964.26,buy,0.1,0.1,,,,,,,1751681841.447
2779,374473441,1751682440862,1,0.006,0.00568606,38.61,BTC-25JUL25-120000-C,107900.38,buy,0.1,0.1,,,,,,,1751682440.862
2780,374473942,1751683133032,2,0.0055,0.00580489,37.45,BTC-25JUL25-120000-C,107947.83,sell,0.1,0.1,,,,,,,1751683133.032
2781,374475234,1751685459139,0,0.006,0.00576233,37.93,BTC-25JUL25-120000-C,108186.08,buy,0.1,0.1,,,,,,,1751685459.139
2782,374475257,1751685530820,2,0.0056,0.00578499,37.12,BTC-25JUL25-120000-C,108196.76,sell,1.2,1.2,374475256,BTC-CBUT-25JUL25-115000_120000_125000,,,,,1751685530.82
2783,374475301,1751685759771,0,0.006,0.00578892,37.85,BTC-25JUL25-120000-C,108217.35,buy,0.1,0.1,,,,,,,1751685759.771
2784,374475671,1751686359478,1,0.006,0.0058066,37.71,BTC-25JUL25-120000-C,108295.49,buy,0.1,0.1,,,,,,,1751686359.478
2785,374476189,1751687047762,2,0.0055,0.00568629,37.0,BTC-25JUL25-120000-C,108200.27,sell,8.6,8.6,,,,,,,1751687047.762
2787,374476204,1751687058428,3,0.0055,0.00568122,37.03,BTC-25JUL25-120000-C,108184.58,sell,2.9,2.9,,,,,,,1751687058.428
2786,374476203,1751687058428,3,0.0055,0.00568122,37.03,BTC-25JUL25-120000-C,108184.58,sell,4.3,4.3,,,,,,,1751687058.428
2788,374476331,1751687722761,3,0.0055,0.00574641,36.99,BTC-25JUL25-120000-C,108195.52,sell,7.1,7.1,,,,,,,1751687722.761
2789,374476775,1751688139347,3,0.0055,0.00549895,37.2,BTC-25JUL25-120000-C,108111.42,sell,0.3,0.3,,,,,,,1751688139.347
2790,374480565,1751697228146,3,0.0055,0.00524137,37.03,BTC-25JUL25-120000-C,108234.95,buy,5.0,5.0,,,,,,,1751697228.146
2791,374481523,1751699348953,3,0.0055,0.00540807,37.07,BTC-25JUL25-120000-C,108223.36,sell,0.3,0.3,,,,,,,1751699348.953
2792,374482205,1751700566011,3,0.0055,0.00525954,37.17,BTC-25JUL25-120000-C,108178.69,buy,0.3,0.3,,,,,,,1751700566.011
2793,374489810,1751716564086,2,0.005,0.00502022,36.34,BTC-25JUL25-120000-C,108181.49,buy,0.2,0.2,,,,,,,1751716564.086
2794,374493519,1751726133132,2,0.0048,0.00475979,35.95,BTC-25JUL25-120000-C,108207.26,buy,0.4,0.4,,,,,,,1751726133.132
2795,374494241,1751730263958,0,0.005,0.00498538,36.65,BTC-25JUL25-120000-C,108110.74,buy,0.1,0.1,,,,,,,1751730263.958
2796,374494242,1751730263958,1,0.005,0.00498538,36.65,BTC-25JUL25-120000-C,108110.74,buy,0.9,0.9,,,,,,,1751730263.958
2797,374496399,1751735518475,2,0.0048,0.00462184,36.45,BTC-25JUL25-120000-C,108054.13,buy,0.3,0.3,,,,,,,1751735518.475
2798,374496997,1751737123144,2,0.0047,0.0047189,36.3,BTC-25JUL25-120000-C,108033.44,sell,0.1,0.1,,,,,,,1751737123.144
2799,374497634,1751739691235,3,0.0047,0.00467969,36.33,BTC-25JUL25-120000-C,108036.28,sell,0.7,0.7,,,,,,,1751739691.235
2801,374499137,1751746101956,3,0.0046,0.00444718,36.06,BTC-25JUL25-120000-C,108085.43,sell,0.1,0.1,,,,,,,1751746101.956
2800,374499136,1751746101956,2,0.0046,0.00444718,36.06,BTC-25JUL25-120000-C,108085.43,sell,0.1,0.1,,,,,,,1751746101.956
2802,374500109,1751749552339,2,0.0042,0.00434532,35.05,BTC-25JUL25-120000-C,108147.4,buy,0.3,0.3,,,,,,,1751749552.339
2803,374501095,1751753518839,3,0.0042,0.00438486,35.12,BTC-25JUL25-120000-C,108126.81,sell,0.1,0.1,,,,,,,1751753518.839
2804,374501120,1751753820047,3,0.0042,0.00437062,35.11,BTC-25JUL25-120000-C,108133.89,sell,0.1,0.1,,,,,,,1751753820.047
2805,374501191,1751754419146,3,0.0042,0.00436737,35.04,BTC-25JUL25-120000-C,108166.26,sell,0.1,0.1,,,,,,,1751754419.146
2806,374501728,1751757444892,3,0.0042,0.00433686,34.94,BTC-25JUL25-120000-C,108232.66,sell,0.1,0.1,,,,,,,1751757444.892
2807,374501836,1751757744782,3,0.0042,0.0043578,34.93,BTC-25JUL25-120000-C,108235.7,sell,0.1,0.1,,,,,,,1751757744.782
2808,374501907,1751758344531,0,0.0043,0.00444589,35.13,BTC-25JUL25-120000-C,108246.62,sell,0.1,0.1,,,,,,,1751758344.531
2809,374502567,1751760671316,0,0.0044,0.004358,35.59,BTC-25JUL25-120000-C,108176.24,buy,0.2,0.2,,,,,,,1751760671.316
2810,374503938,1751766778665,1,0.0044,0.00452502,35.57,BTC-25JUL25-120000-C,108197.75,sell,0.1,0.1,,,,,,,1751766778.665
2811,374503951,1751767049069,0,0.0046,0.00451549,36.02,BTC-25JUL25-120000-C,108200.27,buy,7.7,7.7,,,,,,,1751767049.069
2812,374504617,1751769200186,2,0.0043,0.00436221,35.42,BTC-25JUL25-120000-C,108178.8,buy,0.6,0.6,374504615,BTC-CBUT-25JUL25-115000_120000_125000,,,,,1751769200.186
2813,374505736,1751771574285,2,0.0042,0.00435447,35.36,BTC-25JUL25-120000-C,108111.44,sell,0.1,0.1,,,,,,,1751771574.285
2814,374505804,1751771874582,3,0.0042,0.00435486,35.34,BTC-25JUL25-120000-C,108122.78,sell,0.1,0.1,,,,,,,1751771874.582
2815,374505950,1751772474338,3,0.0042,0.00433041,35.46,BTC-25JUL25-120000-C,108079.97,sell,0.1,0.1,,,,,,,1751772474.338
2816,374506515,1751775658717,3,0.0042,0.00435787,35.47,BTC-25JUL25-120000-C,108101.29,sell,10.0,10.0,,,,,,,1751775658.717
2817,374507136,1751779627969,3,0.0042,0.0043637,35.63,BTC-25JUL25-120000-C,108035.01,sell,0.1,0.1,,,,,,,1751779627.969
2818,374507209,1751779927976,3,0.0042,0.00436713,35.6,BTC-25JUL25-120000-C,108045.8,sell,0.1,0.1,,,,,,,1751779927.976
2819,374507289,1751780527438,3,0.0042,0.00435287,35.66,BTC-25JUL25-120000-C,108036.31,sell,0.1,0.1,,,,,,,1751780527.438
2820,374508298,1751782956787,3,0.0042,0.00442724,35.33,BTC-25JUL25-120000-C,108189.45,sell,0.1,0.1,,,,,,,1751782956.787
2821,374508380,1751783203466,3,0.0042,0.00438223,35.39,BTC-25JUL25-120000-C,108165.16,sell,0.1,0.1,,,,,,,1751783203.466
2822,374508549,1751783796964,3,0.0042,0.00438307,35.4,BTC-25JUL25-120000-C,108156.79,sell,0.1,0.1,,,,,,,1751783796.964
2823,374509477,1751787243451,3,0.0042,0.00437021,35.51,BTC-25JUL25-120000-C,108125.94,sell,0.1,0.1,,,,,,,1751787243.451
2824,374509560,1751787372552,0,0.0043,0.00436233,35.77,BTC-25JUL25-120000-C,108112.54,buy,0.2,0.2,,,,,,,1751787372.552
2825,374511095,1751789131914,1,0.0043,0.0044146,35.86,BTC-25JUL25-120000-C,108077.82,buy,0.1,0.1,,,,,,,1751789131.914
2826,374511561,1751789845444,2,0.0042,0.00436186,35.72,BTC-25JUL25-120000-C,108053.25,sell,0.1,0.1,,,,,,,1751789845.444
2827,374511921,1751790444868,3,0.0042,0.00437206,35.79,BTC-25JUL25-120000-C,108015.3,sell,0.1,0.1,,,,,,,1751790444.868
2828,374512595,1751793691198,3,0.0042,0.00434885,35.74,BTC-25JUL25-120000-C,108058.89,sell,0.1,0.1,,,,,,,1751793691.198
2829,374512609,1751793811774,3,0.0042,0.00434237,35.75,BTC-25JUL25-120000-C,108056.75,sell,0.1,0.1,,,,,,,1751793811.774
2830,374512706,1751794410933,3,0.0042,0.00435123,35.78,BTC-25JUL25-120000-C,108044.3,sell,0.1,0.1,,,,,,,1751794410.933
2831,374514101,1751797128591,3,0.0042,0.00435011,35.99,BTC-25JUL25-120000-C,107960.24,sell,0.1,0.1,,,,,,,1751797128.591
2832,374514180,1751797488351,3,0.0042,0.00435227,35.98,BTC-25JUL25-120000-C,107969.63,sell,0.1,0.1,,,,,,,1751797488.351
2833,374514585,1751797852469,0,0.0043,0.00450654,35.8,BTC-25JUL25-120000-C,108136.47,buy,0.1,0.1,,,,,,,1751797852.469
2834,374515736,1751802961218,0,0.0044,0.0043905,36.2,BTC-25JUL25-120000-C,108086.99,buy,0.3,0.3,,,,,,,1751802961.218
2835,374515737,1751802961243,1,0.0044,0.0043905,36.2,BTC-25JUL25-120000-C,108086.99,sell,0.1,0.1,,,,,,,1751802961.243
2836,374515973,1751803946627,2,0.0042,0.00433172,35.75,BTC-25JUL25-120000-C,108089.84,sell,0.1,0.1,,,,,,,1751803946.627
2837,374516031,1751804246933,3,0.0042,0.00432902,35.77,BTC-25JUL25-120000-C,108088.33,sell,0.1,0.1,,,,,,,1751804246.933
2838,374516149,1751804846928,3,0.0042,0.00434165,35.69,BTC-25JUL25-120000-C,108120.66,sell,0.1,0.1,,,,,,,1751804846.928
2839,374517067,1751807929089,0,0.0044,0.00447036,35.86,BTC-25JUL25-120000-C,108264.2,sell,0.1,0.1,,,,,,,1751807929.089
2840,374517609,1751808195985,0,0.0046,0.00459182,35.98,BTC-25JUL25-120000-C,108381.93,buy,0.2,0.2,,,,,,,1751808195.985
2841,374519270,1751808692458,0,0.0049,0.00487761,36.0,BTC-25JUL25-120000-C,108667.86,sell,0.2,0.2,,,,,,,1751808692.458
2842,374519379,1751808700354,2,0.0048,0.00485978,35.88,BTC-25JUL25-120000-C,108629.76,sell,0.6,0.6,,,,,,,1751808700.354
2843,374520235,1751808977613,0,0.0049,0.00488854,35.88,BTC-25JUL25-120000-C,108724.91,sell,1.0,1.0,374520232,BTC-CBUT-25JUL25-115000_120000_125000,,,,,1751808977.613
2844,374526297,1751811135762,0,0.0055,0.00512811,36.89,BTC-25JUL25-120000-C,108813.9,buy,0.1,0.1,,,,,,,1751811135.762
2845,374526626,1751811434338,1,0.0055,0.00524968,36.64,BTC-25JUL25-120000-C,108901.63,buy,0.1,0.1,,,,,,,1751811434.338
2846,374527111,1751812034363,1,0.0055,0.0052406,36.7,BTC-25JUL25-120000-C,108895.19,buy,0.1,0.1,,,,,,,1751812034.363
2847,374529891,1751814685650,1,0.0055,0.005343,36.74,BTC-25JUL25-120000-C,108890.27,sell,0.3,0.3,,,,,,,1751814685.65
2848,374532153,1751817551887,1,0.0055,0.00554086,36.62,BTC-25JUL25-120000-C,108915.27,sell,0.2,0.2,,,,,,,1751817551.887
2850,374532768,1751818149292,1,0.0055,0.00552328,36.85,BTC-25JUL25-120000-C,108848.67,sell,0.3,0.3,,,,,,,1751818149.292
2849,374532767,1751818149292,1,0.0055,0.00552328,36.85,BTC-25JUL25-120000-C,108848.67,sell,0.8,0.8,,,,,,,1751818149.292
2851,374534559,1751821908273,2,0.005,0.00523618,35.91,BTC-25JUL25-120000-C,108812.35,sell,0.1,0.1,,,,,,,1751821908.273
2852,374534687,1751822128506,0,0.0055,0.0052204,36.98,BTC-25JUL25-120000-C,108797.94,buy,0.1,0.1,,,,,,,1751822128.506
2853,374534750,1751822368503,1,0.0055,0.00525061,36.92,BTC-25JUL25-120000-C,108816.14,buy,0.1,0.1,,,,,,,1751822368.503
2854,374534950,1751822968560,1,0.0055,0.00528959,36.75,BTC-25JUL25-120000-C,108888.28,buy,0.1,0.1,,,,,,,1751822968.56
2855,374535095,1751823298323,2,0.005,0.00532895,35.59,BTC-25JUL25-120000-C,108943.45,sell,0.2,0.2,,,,,,,1751823298.323
2856,374535271,1751823474049,3,0.005,0.00530516,35.59,BTC-25JUL25-120000-C,108942.95,sell,0.2,0.2,,,,,,,1751823474.049
2857,374536106,1751825155069,3,0.005,0.00514698,35.87,BTC-25JUL25-120000-C,108845.63,sell,0.1,0.1,,,,,,,1751825155.069
2858,374536362,1751825712196,0,0.0055,0.00519055,36.96,BTC-25JUL25-120000-C,108813.42,buy,0.1,0.1,,,,,,,1751825712.196
2859,374536475,1751826012215,1,0.0055,0.00520742,36.97,BTC-25JUL25-120000-C,108812.41,buy,0.1,0.1,,,,,,,1751826012.215
2860,374536660,1751826396268,2,0.005,0.00511069,36.19,BTC-25JUL25-120000-C,108727.74,sell,0.1,0.1,,,,,,,1751826396.268
2861,374536716,1751826416729,0,0.0051,0.00509424,36.45,BTC-25JUL25-120000-C,108711.73,buy,1.0,1.0,374536714,BTC-CBUT-25JUL25-115000_120000_125000,,,,,1751826416.729
2862,374536756,1751826441997,2,0.0049,0.00505054,36.13,BTC-25JUL25-120000-C,108665.98,sell,0.1,0.1,,,,,,,1751826441.997
2863,374536852,1751826459521,3,0.0049,0.00498345,36.29,BTC-25JUL25-120000-C,108602.69,sell,0.1,0.1,,,,,,,1751826459.521
2864,374536999,1751826481170,2,0.0048,0.0049483,36.16,BTC-25JUL25-120000-C,108558.24,sell,0.1,0.1,,,,,,,1751826481.17
2865,374537267,1751826507978,3,0.0048,0.00497998,36.1,BTC-25JUL25-120000-C,108574.48,sell,0.1,0.1,,,,,,,1751826507.978
2866,374537644,1751826892870,0,0.0049,0.00500754,36.39,BTC-25JUL25-120000-C,108536.81,buy,1.0,1.0,374537643,BTC-CBUT-25JUL25-115000_120000_125000,,,,,1751826892.87
2867,374553077,1751837617754,0,0.0055,0.00573171,35.35,BTC-25JUL25-120000-C,109523.02,buy,10.0,10.0,,,,,,,1751837617.754
2868,374558019,1751839353573,1,0.0055,0.00550977,35.84,BTC-25JUL25-120000-C,109331.19,sell,0.3,0.3,,,,,,,1751839353.573
2869,374562536,1751843516282,0,0.006,0.00554083,37.24,BTC-25JUL25-120000-C,109164.03,buy,0.1,0.1,,,,,,,1751843516.282
2870,374562708,1751843816155,1,0.006,0.00556997,37.2,BTC-25JUL25-120000-C,109185.36,buy,0.1,0.1,,,,,,,1751843816.155
2871,374562963,1751844415887,1,0.006,0.00550136,37.36,BTC-25JUL25-120000-C,109117.34,buy,0.1,0.1,,,,,,,1751844415.887
2872,374565121,1751847144428,1,0.006,0.00554903,37.19,BTC-25JUL25-120000-C,109196.0,buy,0.1,0.1,,,,,,,1751847144.428
2873,374565304,1751847412722,2,0.0055,0.00549026,36.23,BTC-25JUL25-120000-C,109188.98,sell,0.2,0.2,,,,,,,1751847412.722
2874,374568138,1751850830717,3,0.0055,0.00518866,37.35,BTC-25JUL25-120000-C,108756.02,buy,0.1,0.1,,,,,,,1751850830.717
2875,374568155,1751850849520,2,0.005,0.00517766,36.31,BTC-25JUL25-120000-C,108758.34,sell,0.1,0.1,,,,,,,1751850849.52
2876,374568890,1751851670447,0,0.0055,0.00530344,36.94,BTC-25JUL25-120000-C,108940.49,buy,0.1,0.1,,,,,,,1751851670.447
2877,374569562,1751852220889,1,0.0055,0.00546668,36.57,BTC-25JUL25-120000-C,109078.44,buy,0.3,0.3,,,,,,,1751852220.889
2878,374573038,1751854373332,0,0.0065,0.00595993,37.51,BTC-25JUL25-120000-C,109473.22,buy,0.1,0.1,,,,,,,1751854373.332
2879,374573746,1751854673335,1,0.0065,0.00599665,37.46,BTC-25JUL25-120000-C,109486.46,buy,0.1,0.1,,,,,,,1751854673.335
2880,374574214,1751855213345,1,0.0065,0.00601753,37.49,BTC-25JUL25-120000-C,109475.73,buy,0.1,0.1,,,,,,,1751855213.345
2881,374576255,1751857931413,1,0.0065,0.00604218,37.53,BTC-25JUL25-120000-C,109475.27,buy,0.1,0.1,,,,,,,1751857931.413
2882,374576397,1751858291418,1,0.0065,0.00603031,37.56,BTC-25JUL25-120000-C,109459.37,buy,0.1,0.1,,,,,,,1751858291.418
2883,374577178,1751858831430,1,0.0065,0.00629246,36.96,BTC-25JUL25-120000-C,109700.91,buy,0.1,0.1,,,,,,,1751858831.43
2884,374579123,1751861553673,1,0.0065,0.00610072,37.96,BTC-25JUL25-120000-C,109336.12,buy,0.1,0.1,,,,,,,1751861553.673
2885,374579353,1751861853960,1,0.0065,0.00609295,37.92,BTC-25JUL25-120000-C,109360.87,buy,0.1,0.1,,,,,,,1751861853.96
2886,374579743,1751862453692,1,0.0065,0.00597316,38.19,BTC-25JUL25-120000-C,109249.42,buy,0.1,0.1,,,,,,,1751862453.692
2887,374580832,1751865246824,1,0.0065,0.00598202,38.51,BTC-25JUL25-120000-C,109147.02,buy,0.1,0.1,,,,,,,1751865246.824
2888,374580955,1751865546530,1,0.0065,0.00601373,38.45,BTC-25JUL25-120000-C,109177.04,buy,0.1,0.1,,,,,,,1751865546.53
2889,374581092,1751866146582,1,0.0065,0.0059877,38.51,BTC-25JUL25-120000-C,109153.3,buy,0.1,0.1,,,,,,,1751866146.582
2890,374582171,1751868900645,2,0.006,0.00602793,37.58,BTC-25JUL25-120000-C,109148.48,buy,0.1,0.1,,,,,,,1751868900.645
2891,374582220,1751869140525,0,0.0065,0.00602269,38.53,BTC-25JUL25-120000-C,109154.57,buy,0.1,0.1,,,,,,,1751869140.525
2892,374582227,1751869260524,2,0.006,0.00603087,37.53,BTC-25JUL25-120000-C,109163.71,buy,0.1,0.1,,,,,,,1751869260.524
2893,374583282,1751871203861,2,0.0058,0.00570511,37.95,BTC-25JUL25-120000-C,108854.96,buy,25.0,25.0,,BTC-CCAL-29AUG25_25JUL25-120000,2.0,BLOCK-208902,,,1751871203.861
2894,374584892,1751872633801,2,0.005,0.00560429,36.14,BTC-25JUL25-120000-C,108909.74,sell,0.9,0.9,,,,,,,1751872633.801
2895,374584895,1751872634561,3,0.005,0.00560429,36.14,BTC-25JUL25-120000-C,108909.74,sell,0.1,0.1,,,,,,,1751872634.561
2896,374589474,1751878103218,0,0.006,0.00595141,37.92,BTC-25JUL25-120000-C,109019.64,buy,0.1,0.1,,,,,,,1751878103.218
2898,374590166,1751878881630,1,0.006,0.00597139,38.05,BTC-25JUL25-120000-C,108960.32,sell,0.3,0.3,,,,,,,1751878881.63
2897,374590165,1751878881630,1,0.006,0.00597139,38.05,BTC-25JUL25-120000-C,108960.32,sell,0.3,0.3,,,,,,,1751878881.63
2899,374590547,1751879790905,1,0.006,0.00583638,38.26,BTC-25JUL25-120000-C,108883.26,buy,0.1,0.1,,,,,,,1751879790.905
2900,374590768,1751880090625,1,0.006,0.00571271,38.48,BTC-25JUL25-120000-C,108784.73,buy,0.1,0.1,,,,,,,1751880090.625
2901,374591198,1751880690645,1,0.006,0.00572788,38.41,BTC-25JUL25-120000-C,108843.78,buy,0.1,0.1,,,,,,,1751880690.645
2902,374592562,1751883313584,1,0.006,0.00575618,38.43,BTC-25JUL25-120000-C,108839.79,buy,0.1,0.1,,,,,,,1751883313.584
2903,374592691,1751883433593,1,0.006,0.00575969,38.31,BTC-25JUL25-120000-C,108889.91,buy,0.1,0.1,,,,,,,1751883433.593
2904,374593411,1751884033606,1,0.006,0.00558292,38.52,BTC-25JUL25-120000-C,108801.36,buy,0.1,0.1,,,,,,,1751884033.606
2905,374595555,1751888164670,2,0.0055,0.00546172,37.83,BTC-25JUL25-120000-C,108707.1,buy,0.1,0.1,,,,,,,1751888164.67
2906,374595795,1751888764999,3,0.0055,0.00553195,37.71,BTC-25JUL25-120000-C,108757.2,buy,0.1,0.1,,,,,,,1751888764.999
2907,374595896,1751889064688,0,0.006,0.00544599,38.96,BTC-25JUL25-120000-C,108671.28,buy,0.1,0.1,,,,,,,1751889064.688
2908,374596666,1751890380942,2,0.0055,0.00523015,38.25,BTC-25JUL25-120000-C,108535.8,buy,0.1,0.1,,,,,,,1751890380.942
2909,374597001,1751890681810,3,0.0055,0.00515916,38.45,BTC-25JUL25-120000-C,108462.16,buy,0.1,0.1,,,,,,,1751890681.81
2910,374597472,1751891281278,3,0.0055,0.00517481,38.6,BTC-25JUL25-120000-C,108403.79,buy,0.1,0.1,,,,,,,1751891281.278
2911,374599312,1751893528105,2,0.0049,0.00521865,37.34,BTC-25JUL25-120000-C,108389.28,sell,1.3,1.3,,,,,,,1751893528.105
2912,374599313,1751893528105,3,0.0049,0.00521865,37.34,BTC-25JUL25-120000-C,108389.28,sell,5.0,5.0,,,,,,,1751893528.105
2913,374599314,1751893528105,3,0.0049,0.00521865,37.34,BTC-25JUL25-120000-C,108389.28,sell,3.7,3.7,,,,,,,1751893528.105
2914,374600804,1751894396651,2,0.0048,0.00473493,38.03,BTC-25JUL25-120000-C,108056.1,sell,0.2,0.2,,,,,,,1751894396.651
2915,374600805,1751894396651,3,0.0048,0.00473493,38.03,BTC-25JUL25-120000-C,108056.1,sell,10.0,10.0,,,,,,,1751894396.651
2916,374601380,1751894502921,0,0.005,0.00495086,37.95,BTC-25JUL25-120000-C,108250.95,buy,0.1,0.1,,,,,,,1751894502.921
2917,374601381,1751894502923,1,0.005,0.00495086,37.95,BTC-25JUL25-120000-C,108250.95,sell,0.1,0.1,,,,,,,1751894502.923
2918,374603883,1751895645897,2,0.0048,0.00500163,37.74,BTC-25JUL25-120000-C,108155.59,buy,0.1,0.1,,,,,,,1751895645.897
2919,374607601,1751897519270,0,0.0055,0.00520982,38.52,BTC-25JUL25-120000-C,108475.14,buy,0.1,0.1,,,,,,,1751897519.27
2920,374607744,1751897608128,2,0.005,0.00499992,37.9,BTC-25JUL25-120000-C,108286.38,sell,0.2,0.2,,,,,,,1751897608.128
2923,374612923,1751901247321,1,0.005,0.00493653,37.61,BTC-25JUL25-120000-C,108440.06,buy,1.0,1.0,,,,,,,1751901247.321
2921,374612921,1751901247321,2,0.0049,0.00493653,37.39,BTC-25JUL25-120000-C,108440.06,buy,0.1,0.1,,,,,,,1751901247.321
2922,374612922,1751901247321,0,0.005,0.00493653,37.61,BTC-25JUL25-120000-C,108440.06,buy,1.0,1.0,,,,,,,1751901247.321
2924,374613399,1751901612928,1,0.005,0.00496885,37.95,BTC-25JUL25-120000-C,108332.01,sell,15.0,15.0,,,,,,,1751901612.928
2925,374615471,1751903514273,1,0.005,0.00515069,37.84,BTC-25JUL25-120000-C,108397.01,sell,15.0,15.0,,,,,,,1751903514.273
2926,374615627,1751903644788,1,0.005,0.00515179,37.88,BTC-25JUL25-120000-C,108385.87,sell,15.0,15.0,,,,,,,1751903644.788
2927,374615698,1751903791431,1,0.005,0.00509914,38.09,BTC-25JUL25-120000-C,108308.2,sell,15.0,15.0,,,,,,,1751903791.431
2928,374615743,1751903837257,1,0.005,0.00510441,38.08,BTC-25JUL25-120000-C,108299.63,sell,15.0,15.0,,,,,,,1751903837.257
2929,374615745,1751903838728,1,0.005,0.00510511,38.08,BTC-25JUL25-120000-C,108300.51,sell,15.0,15.0,,,,,,,1751903838.728
2930,374615751,1751903843328,1,0.005,0.00510746,38.08,BTC-25JUL25-120000-C,108298.68,sell,7.9,7.9,,,,,,,1751903843.328
2931,374618869,1751905813600,2,0.0047,0.00464775,37.73,BTC-25JUL25-120000-C,108185.87,buy,0.1,0.1,,,,,,,1751905813.6
2932,374619663,1751906349317,3,0.0047,0.00458992,37.82,BTC-25JUL25-120000-C,108151.62,sell,0.1,0.1,,,,,,,1751906349.317
2933,374619664,1751906349409,3,0.0047,0.00458992,37.82,BTC-25JUL25-120000-C,108151.62,sell,0.1,0.1,,,,,,,1751906349.409
2934,374619665,1751906349516,3,0.0047,0.00458992,37.82,BTC-25JUL25-120000-C,108151.62,sell,0.1,0.1,,,,,,,1751906349.516
2936,374620006,1751906607038,1,0.0048,0.00465956,37.85,BTC-25JUL25-120000-C,108212.29,buy,0.1,0.1,,,,,,,1751906607.038
2935,374620005,1751906607038,0,0.0048,0.00465956,37.85,BTC-25JUL25-120000-C,108212.29,buy,0.1,0.1,,,,,,,1751906607.038
2937,374620956,1751907150579,2,0.0045,0.00450728,37.65,BTC-25JUL25-120000-C,108014.56,sell,10.0,10.0,,,,,,,1751907150.579
2938,374623328,1751908135240,2,0.0041,0.00424477,36.82,BTC-25JUL25-120000-C,107959.11,buy,0.3,0.3,,,,,,,1751908135.24
2939,374628302,1751911658434,3,0.0041,0.00416631,36.61,BTC-25JUL25-120000-C,108064.54,buy,0.3,0.3,,,,,,,1751911658.434
2940,374630232,1751912856538,2,0.004,0.00386368,37.24,BTC-25JUL25-120000-C,107703.12,sell,0.1,0.1,,,,,,,1751912856.538
2941,374633249,1751913926315,0,0.0042,0.00397478,37.6,BTC-25JUL25-120000-C,107777.16,buy,1.0,1.0,,,,,,,1751913926.315
2942,374635068,1751915435817,1,0.0042,0.00422472,36.92,BTC-25JUL25-120000-C,108074.12,buy,0.3,0.3,,,,,,,1751915435.817
2943,374637554,1751918591294,2,0.004,0.00413516,36.67,BTC-25JUL25-120000-C,108015.5,buy,0.3,0.3,,,,,,,1751918591.294
2944,374637687,1751918722960,2,0.0039,0.0040351,36.57,BTC-25JUL25-120000-C,107941.88,buy,3.0,3.0,,,,,,,1751918722.96
2945,374640117,1751922731639,2,0.0038,0.00398286,36.29,BTC-25JUL25-120000-C,107976.4,sell,0.1,0.1,,,,,,,1751922731.639
2946,374640309,1751922851640,0,0.0039,0.00397858,36.57,BTC-25JUL25-120000-C,107972.77,buy,0.2,0.2,,,,,,,1751922851.64
2947,374642873,1751924670231,0,0.0043,0.00418487,37.33,BTC-25JUL25-120000-C,108075.48,buy,0.1,0.1,,,,,,,1751924670.231
2948,374643668,1751925469045,2,0.0042,0.00438518,36.8,BTC-25JUL25-120000-C,108196.4,sell,1.0,1.0,,,,,,,1751925469.045
2949,374644442,1751926077990,0,0.0043,0.00428858,37.29,BTC-25JUL25-120000-C,108088.24,buy,0.3,0.3,,,,,,,1751926077.99
2950,374646570,1751929521311,2,0.0042,0.00431191,37.11,BTC-25JUL25-120000-C,108074.85,buy,0.3,0.3,,,,,,,1751929521.311
2951,374654430,1751938135849,0,0.0046,0.00430189,38.27,BTC-25JUL25-120000-C,108048.27,buy,2.0,2.0,,,,,,,1751938135.849
2952,374661188,1751943760258,2,0.0043,0.00424706,38.31,BTC-25JUL25-120000-C,107760.99,buy,0.1,0.1,,,,,,,1751943760.258
2954,374663237,1751948198564,3,0.0043,0.00416902,38.26,BTC-25JUL25-120000-C,107820.81,buy,2.2,2.2,,,,,,,1751948198.564
2953,374663236,1751948198564,3,0.0043,0.00416902,38.26,BTC-25JUL25-120000-C,107820.81,buy,0.1,0.1,,,,,,,1751948198.564
2955,374667228,1751954734187,2,0.0042,0.00422285,37.08,BTC-25JUL25-120000-C,108256.95,buy,0.1,0.1,,,,,,,1751954734.187
2956,374668088,1751955671537,3,0.0042,0.00409221,37.41,BTC-25JUL25-120000-C,108156.26,buy,0.1,0.1,,,,,,,1751955671.537
2957,374671795,1751960652714,0,0.0043,0.00421867,37.0,BTC-25JUL25-120000-C,108410.48,buy,0.1,0.1,,,,,,,1751960652.714
2958,374671796,1751960652714,1,0.0043,0.00421867,37.0,BTC-25JUL25-120000-C,108410.48,buy,0.9,0.9,,,,,,,1751960652.714
2959,374681692,1751974237810,1,0.0043,0.00434016,35.73,BTC-25JUL25-120000-C,108950.04,buy,0.3,0.3,,,,,,,1751974237.81
2960,374684230,1751976961300,0,0.0044,0.00439065,36.31,BTC-25JUL25-120000-C,108800.59,buy,0.1,0.1,,,,,,,1751976961.3
2961,374685703,1751978524841,0,0.0045,0.00447956,36.62,BTC-25JUL25-120000-C,108779.06,buy,0.1,0.1,,,,,,,1751978524.841
2962,374685704,1751978524841,1,0.0045,0.00447956,36.62,BTC-25JUL25-120000-C,108779.06,buy,0.1,0.1,,,,,,,1751978524.841
2963,374685725,1751978609338,0,0.0046,0.00448759,36.85,BTC-25JUL25-120000-C,108779.94,sell,0.7,0.7,,,,,,,1751978609.338
2964,374693863,1751983640484,0,0.0047,0.00463683,37.23,BTC-25JUL25-120000-C,108742.31,sell,0.3,0.3,,,,,,,1751983640.484
2965,374695173,1751984194551,2,0.0046,0.00462975,37.17,BTC-25JUL25-120000-C,108680.88,sell,1.0,1.0,,,,,,,1751984194.551
2966,374696047,1751984707172,2,0.0041,0.00428305,36.67,BTC-25JUL25-120000-C,108405.79,sell,0.1,0.1,,,,,,,1751984707.172
2967,374700685,1751987278677,2,0.0039,0.00405492,36.04,BTC-25JUL25-120000-C,108476.84,buy,0.3,0.3,,,,,,,1751987278.677
2968,374704807,1751989197896,2,0.0038,0.00386388,36.18,BTC-25JUL25-120000-C,108308.73,buy,0.1,0.1,,,,,,,1751989197.896
2969,374706013,1751990246179,0,0.004,0.00382838,36.81,BTC-25JUL25-120000-C,108274.06,buy,0.1,0.1,,,,,,,1751990246.179
2970,374706756,1751990664318,2,0.0038,0.00390343,36.13,BTC-25JUL25-120000-C,108332.95,buy,0.3,0.3,,,,,,,1751990664.318
2971,374711437,1751994301120,3,0.0038,0.00391231,35.52,BTC-25JUL25-120000-C,108606.35,buy,0.3,0.3,,,,,,,1751994301.12
2972,374712124,1751994636570,3,0.0038,0.00391808,35.16,BTC-25JUL25-120000-C,108793.54,sell,1.0,1.0,,,,,,,1751994636.57
2973,374712128,1751994636756,0,0.0039,0.00391808,35.41,BTC-25JUL25-120000-C,108793.54,buy,5.0,5.0,,,,,,,1751994636.756
2974,374712158,1751994690311,2,0.0038,0.00391236,35.21,BTC-25JUL25-120000-C,108768.35,sell,0.4,0.4,,,,,,,1751994690.311
2975,374714510,1751996259734,0,0.0042,0.00407759,36.11,BTC-25JUL25-120000-C,108813.29,sell,0.1,0.1,,,,,,,1751996259.734
2976,374715897,1751997622206,1,0.0042,0.0042133,35.61,BTC-25JUL25-120000-C,109025.12,buy,50.0,50.0,,,,,,,1751997622.206
2977,374716830,1751998263739,0,0.0044,0.00427709,35.92,BTC-25JUL25-120000-C,109085.82,buy,0.1,0.1,,,,,,,1751998263.739
2978,374721463,1752003530078,2,0.0038,0.00397251,35.13,BTC-25JUL25-120000-C,108844.71,sell,1.0,1.0,,,,,,,1752003530.078
2979,374722320,1752005577499,3,0.0038,0.00388468,35.37,BTC-25JUL25-120000-C,108745.65,buy,0.3,0.3,,,,,,,1752005577.499
2980,374723662,1752008703228,3,0.0038,0.00387749,35.43,BTC-25JUL25-120000-C,108725.54,buy,0.3,0.3,,,,,,,1752008703.228
2981,374725503,1752012123429,0,0.004,0.0041038,35.4,BTC-25JUL25-120000-C,108990.57,buy,0.3,0.3,,,,,,,1752012123.429
2982,374726352,1752016102631,1,0.004,0.00405548,35.51,BTC-25JUL25-120000-C,108954.77,buy,0.3,0.3,,,,,,,1752016102.631
2983,374727557,1752019310979,1,0.004,0.0039998,35.62,BTC-25JUL25-120000-C,108945.66,buy,0.3,0.3,,,,,,,1752019310.979
2984,374730499,1752023210577,1,0.004,0.00403548,35.42,BTC-25JUL25-120000-C,109055.25,buy,0.3,0.3,,,,,,,1752023210.577
2985,374733521,1752026797151,2,0.0038,0.00384911,35.48,BTC-25JUL25-120000-C,108850.85,buy,0.3,0.3,,,,,,,1752026797.151
2986,374734446,1752029085287,2,0.0037,0.00379192,35.5,BTC-25JUL25-120000-C,108733.16,sell,0.6,0.6,,,,,,,1752029085.287
2987,374734553,1752029403871,3,0.0037,0.00373092,35.63,BTC-25JUL25-120000-C,108699.25,sell,0.4,0.4,,,,,,,1752029403.871
2988,374734986,1752030238058,3,0.0037,0.00368107,35.66,BTC-25JUL25-120000-C,108674.44,buy,0.3,0.3,,,,,,,1752030238.058
2989,374739750,1752034183237,2,0.0035,0.00357525,35.63,BTC-25JUL25-120000-C,108463.65,buy,0.3,0.3,,,,,,,1752034183.237
2990,374742137,1752037395776,0,0.0036,0.00363632,35.62,BTC-25JUL25-120000-C,108617.94,buy,0.3,0.3,,,,,,,1752037395.776
2991,374743130,1752039355978,0,0.0037,0.00368675,35.83,BTC-25JUL25-120000-C,108634.72,buy,0.1,0.1,,,,,,,1752039355.978
2992,374745185,1752041232066,0,0.004,0.00397797,36.28,BTC-25JUL25-120000-C,108777.7,buy,0.3,0.3,,,,,,,1752041232.066
2993,374745695,1752042400902,1,0.004,0.00399132,36.43,BTC-25JUL25-120000-C,108733.81,sell,0.7,0.7,,,,,,,1752042400.902
2994,374746028,1752043543225,1,0.004,0.00401052,36.4,BTC-25JUL25-120000-C,108745.55,buy,0.1,0.1,,,,,,,1752043543.225
2995,374746287,1752044001426,0,0.0041,0.00408532,36.4,BTC-25JUL25-120000-C,108846.3,buy,0.1,0.1,,,,,,,1752044001.426
2996,374746458,1752044274238,2,0.004,0.00406764,36.17,BTC-25JUL25-120000-C,108859.88,sell,0.5,0.5,,,,,,,1752044274.238
2997,374746462,1752044309547,3,0.004,0.00406534,36.17,BTC-25JUL25-120000-C,108860.24,sell,1.0,1.0,,,,,,,1752044309.547
2998,374746998,1752045242420,3,0.004,0.00409834,36.19,BTC-25JUL25-120000-C,108845.3,sell,0.1,0.1,,,,,,,1752045242.42
2999,374747126,1752045434436,0,0.0041,0.00407432,36.49,BTC-25JUL25-120000-C,108821.07,buy,0.2,0.2,,,,,,,1752045434.436
3000,374747127,1752045434436,1,0.0041,0.00407432,36.49,BTC-25JUL25-120000-C,108821.07,buy,0.1,0.1,,,,,,,1752045434.436
3001,374747477,1752046533393,2,0.004,0.00400352,36.39,BTC-25JUL25-120000-C,108776.55,sell,0.6,0.6,,,,,,,1752046533.393
3002,374748393,1752047344788,3,0.004,0.00397032,36.5,BTC-25JUL25-120000-C,108749.95,buy,0.1,0.1,,,,,,,1752047344.788
3003,374749431,1752048490809,3,0.004,0.00399416,36.5,BTC-25JUL25-120000-C,108738.8,buy,0.9,0.9,,,,,,,1752048490.809
3004,374749729,1752048887250,2,0.0039,0.00397462,36.16,BTC-25JUL25-120000-C,108770.47,sell,0.1,0.1,,,,,,,1752048887.25
3005,374750054,1752049187012,2,0.0037,0.00399415,35.48,BTC-25JUL25-120000-C,108849.65,sell,0.1,0.1,,,,,,,1752049187.012
3006,374750233,1752049602328,0,0.0039,0.00385493,36.21,BTC-25JUL25-120000-C,108770.89,buy,0.1,0.1,,,,,,,1752049602.328
3007,374750234,1752049606681,1,0.0039,0.00385534,36.21,BTC-25JUL25-120000-C,108771.93,sell,0.1,0.1,,,,,,,1752049606.681
3008,374750235,1752049624828,1,0.0039,0.00385567,36.21,BTC-25JUL25-120000-C,108774.3,sell,0.8,0.8,,,,,,,1752049624.828
3010,374750301,1752049707092,1,0.004,0.0038781,36.42,BTC-25JUL25-120000-C,108808.29,buy,0.9,0.9,,,,,,,1752049707.092
3009,374750300,1752049707092,0,0.004,0.0038781,36.42,BTC-25JUL25-120000-C,108808.29,buy,0.1,0.1,,,,,,,1752049707.092
3011,374750791,1752050432429,2,0.0036,0.00375506,35.43,BTC-25JUL25-120000-C,108773.97,buy,0.2,0.2,,,,,,,1752050432.429
3012,374751931,1752052932908,2,0.0035,0.00361292,35.5,BTC-25JUL25-120000-C,108631.25,sell,0.7,0.7,,,,,,,1752052932.908
3013,374752245,1752053516824,0,0.0036,0.00355595,35.85,BTC-25JUL25-120000-C,108601.83,buy,0.1,0.1,,,,,,,1752053516.824
3014,374752589,1752054562248,0,0.0037,0.00369105,35.8,BTC-25JUL25-120000-C,108739.69,buy,0.2,0.2,,,,,,,1752054562.248
3015,374752590,1752054562248,1,0.0037,0.00369105,35.8,BTC-25JUL25-120000-C,108739.69,buy,0.1,0.1,,,,,,,1752054562.248
3016,374752920,1752055568582,0,0.0038,0.00371507,36.09,BTC-25JUL25-120000-C,108739.11,buy,0.1,0.1,,,,,,,1752055568.582
3017,374753797,1752057780231,0,0.0043,0.00424296,36.94,BTC-25JUL25-120000-C,108868.69,buy,0.1,0.1,,,,,,,1752057780.231
3018,374753821,1752057847963,1,0.0043,0.004258,36.93,BTC-25JUL25-120000-C,108878.1,buy,0.2,0.2,,,,,,,1752057847.963
3019,374754275,1752058791841,0,0.0044,0.00438141,37.1,BTC-25JUL25-120000-C,108902.08,sell,0.9,0.9,,,,,,,1752058791.841
3020,374758183,1752062997775,0,0.0047,0.00475654,36.91,BTC-25JUL25-120000-C,109272.72,buy,0.1,0.1,,,,,,,1752062997.775
3021,374758231,1752063002987,1,0.0047,0.00470941,36.97,BTC-25JUL25-120000-C,109254.16,buy,1.0,1.0,,,,,,,1752063002.987
3022,374761432,1752064099160,0,0.005,0.0048111,37.14,BTC-25JUL25-120000-C,109474.33,sell,0.9,0.9,,,,,,,1752064099.16
3023,374762247,1752064824467,1,0.005,0.00513449,36.98,BTC-25JUL25-120000-C,109510.98,sell,0.1,0.1,,,,,,,1752064824.467
3024,374762248,1752064824467,1,0.005,0.00513449,36.98,BTC-25JUL25-120000-C,109510.98,sell,0.5,0.5,,,,,,,1752064824.467
3025,374764976,1752066360766,0,0.0055,0.00544862,37.68,BTC-25JUL25-120000-C,109645.58,buy,0.5,0.5,,,,,,,1752066360.766
3026,374765174,1752066404047,1,0.0055,0.00549948,37.6,BTC-25JUL25-120000-C,109676.44,buy,1.0,1.0,,,,,,,1752066404.047
3027,374767608,1752067853003,1,0.0055,0.00515764,38.0,BTC-25JUL25-120000-C,109551.3,buy,0.2,0.2,,,,,,,1752067853.003
3028,374768588,1752068333502,2,0.005,0.00506479,37.24,BTC-25JUL25-120000-C,109434.54,sell,0.1,0.1,,,,,,,1752068333.502
3029,374768589,1752068333502,3,0.005,0.00506479,37.24,BTC-25JUL25-120000-C,109434.54,sell,0.2,0.2,,,,,,,1752068333.502
3030,374769677,1752069097393,3,0.005,0.00508043,37.33,BTC-25JUL25-120000-C,109404.6,sell,0.5,0.5,,,,,,,1752069097.393
3031,374769678,1752069097538,3,0.005,0.00508043,37.33,BTC-25JUL25-120000-C,109404.6,sell,0.3,0.3,,,,,,,1752069097.538
3032,374770322,1752069352572,2,0.0045,0.00476472,36.6,BTC-25JUL25-120000-C,109248.42,buy,0.5,0.5,,,,,,,1752069352.572
3033,374770660,1752069514005,0,0.0046,0.00464585,36.96,BTC-25JUL25-120000-C,109189.53,sell,0.1,0.1,,,,,,,1752069514.005
3034,374771582,1752070395383,0,0.0047,0.00464164,36.86,BTC-25JUL25-120000-C,109308.16,buy,0.1,0.1,,,,,,,1752070395.383
3035,374771585,1752070397356,1,0.0047,0.00463792,36.87,BTC-25JUL25-120000-C,109306.04,sell,0.3,0.3,,,,,,,1752070397.356
3036,374771587,1752070401451,1,0.0047,0.0046303,36.89,BTC-25JUL25-120000-C,109300.51,sell,0.1,0.1,,,,,,,1752070401.451
3037,374771589,1752070402275,1,0.0047,0.00462915,36.88,BTC-25JUL25-120000-C,109301.46,sell,0.5,0.5,,,,,,,1752070402.275
3038,374771917,1752070691665,1,0.0047,0.00468603,36.71,BTC-25JUL25-120000-C,109377.5,buy,0.3,0.3,,,,,,,1752070691.665
3039,374771925,1752070714521,1,0.0047,0.00467897,36.71,BTC-25JUL25-120000-C,109379.36,buy,0.1,0.1,,,,,,,1752070714.521
3040,374773684,1752071420503,2,0.0043,0.0041661,37.11,BTC-25JUL25-120000-C,108871.22,buy,0.1,0.1,,,,,,,1752071420.503
3041,374783482,1752078834438,2,0.0041,0.00418079,35.64,BTC-25JUL25-120000-C,109317.04,buy,0.5,0.5,,,,,,,1752078834.438
3042,374784269,1752080046855,0,0.0044,0.0043182,36.04,BTC-25JUL25-120000-C,109463.96,buy,0.1,0.1,,,,,,,1752080046.855
3043,374784332,1752080146117,2,0.0042,0.00425122,35.71,BTC-25JUL25-120000-C,109417.09,buy,5.0,5.0,,,,,,,1752080146.117
3044,374785077,1752080731818,3,0.0042,0.00415119,35.92,BTC-25JUL25-120000-C,109334.27,buy,0.1,0.1,,,,,,,1752080731.818
3045,374785364,1752081102419,0,0.0043,0.00426933,35.93,BTC-25JUL25-120000-C,109414.14,buy,0.1,0.1,,,,,,,1752081102.419
3046,374785623,1752081421015,2,0.0042,0.00412823,36.11,BTC-25JUL25-120000-C,109249.51,buy,0.1,0.1,,,,,,,1752081421.015
3047,374786162,1752081805817,2,0.0041,0.00399685,36.18,BTC-25JUL25-120000-C,109131.83,buy,0.1,0.1,,,,,,,1752081805.817
3048,374786714,1752082202881,3,0.0041,0.00399751,36.14,BTC-25JUL25-120000-C,109142.78,buy,0.1,0.1,,,,,,,1752082202.881
3049,374786917,1752082458192,3,0.0041,0.00393798,36.31,BTC-25JUL25-120000-C,109060.94,sell,0.1,0.1,,,,,,,1752082458.192
3050,374786980,1752082551475,0,0.0042,0.00399329,36.45,BTC-25JUL25-120000-C,109110.32,buy,0.1,0.1,,,,,,,1752082551.475
3051,374787038,1752082644536,2,0.0041,0.00397784,36.25,BTC-25JUL25-120000-C,109096.3,buy,0.1,0.1,,,,,,,1752082644.536
3052,374787132,1752082834527,0,0.0042,0.00404272,36.32,BTC-25JUL25-120000-C,109161.03,buy,0.1,0.1,,,,,,,1752082834.527
3053,374787178,1752082869451,1,0.0042,0.00409879,36.18,BTC-25JUL25-120000-C,109210.41,buy,0.1,0.1,,,,,,,1752082869.451
3054,374794375,1752088669792,0,0.0045,0.00446372,35.6,BTC-25JUL25-120000-C,109741.17,buy,0.1,0.1,,,,,,,1752088669.792
3055,374799075,1752089559503,0,0.005,0.00538853,34.94,BTC-25JUL25-120000-C,110443.5,sell,0.5,0.5,,,,,,,1752089559.503
3057,374801100,1752089826677,1,0.0055,0.00538629,36.01,BTC-25JUL25-120000-C,110439.95,buy,0.1,0.1,,,,,,,1752089826.677
3056,374801099,1752089826677,0,0.0055,0.00538629,36.01,BTC-25JUL25-120000-C,110439.95,buy,0.8,0.8,,,,,,,1752089826.677
3059,374802053,1752089838026,1,0.006,0.00546497,36.31,BTC-25JUL25-120000-C,110695.47,buy,1.0,1.0,,,,,,,1752089838.026
3058,374802052,1752089838026,0,0.006,0.00546497,36.31,BTC-25JUL25-120000-C,110695.47,buy,0.5,0.5,,,,,,,1752089838.026
3062,374807076,1752090022283,1,0.007,0.00649078,37.14,BTC-25JUL25-120000-C,111080.62,buy,1.6,1.6,,,,,,T,1752090022.283
3061,374807075,1752090022283,1,0.007,0.00649078,37.14,BTC-25JUL25-120000-C,111080.62,buy,0.1,0.1,,,,,,T,1752090022.283
3060,374807074,1752090022283,0,0.007,0.00649078,37.14,BTC-25JUL25-120000-C,111080.62,buy,0.3,0.3,,,,,,T,1752090022.283
3063,374807928,1752090039656,1,0.007,0.00681588,36.52,BTC-25JUL25-120000-C,111279.53,sell,0.1,0.1,,,,,,,1752090039.656
3064,374807929,1752090039662,1,0.007,0.00681588,36.52,BTC-25JUL25-120000-C,111279.53,sell,0.1,0.1,,,,,,,1752090039.662
3066,374808872,1752090085332,1,0.0075,0.00704563,37.32,BTC-25JUL25-120000-C,111309.66,buy,5.0,5.0,,,,,,,1752090085.332
3065,374808871,1752090085332,0,0.0075,0.00704563,37.32,BTC-25JUL25-120000-C,111309.66,buy,0.1,0.1,,,,,,,1752090085.332
3067,374810895,1752090301895,2,0.007,0.0073754,36.1,BTC-25JUL25-120000-C,111428.9,sell,1.0,1.0,,,,,,,1752090301.895
3068,374810967,1752090325570,0,0.0075,0.00740004,37.0,BTC-25JUL25-120000-C,111439.97,sell,0.1,0.1,,,,,,,1752090325.57
3070,374811485,1752090354410,0,0.0085,0.00754337,38.67,BTC-25JUL25-120000-C,111472.9,buy,1.0,1.0,,,,,,T,1752090354.41
3069,374811484,1752090354410,0,0.008,0.00754337,37.79,BTC-25JUL25-120000-C,111472.9,buy,0.2,0.2,,,,,,T,1752090354.41
3071,374811486,1752090354410,1,0.0085,0.00754337,38.67,BTC-25JUL25-120000-C,111472.9,buy,0.8,0.8,,,,,,T,1752090354.41
3072,374813333,1752090557194,2,0.008,0.00802583,37.27,BTC-25JUL25-120000-C,111628.51,sell,0.3,0.3,,,,,,,1752090557.194
3073,374813334,1752090557194,3,0.008,0.00802583,37.27,BTC-25JUL25-120000-C,111628.51,sell,0.2,0.2,,,,,,,1752090557.194
3074,374813362,1752090557957,3,0.008,0.00802583,37.27,BTC-25JUL25-120000-C,111628.51,sell,0.1,0.1,,,,,,,1752090557.957
3079,374813542,1752090585114,1,0.0085,0.00803381,38.19,BTC-25JUL25-120000-C,111620.03,buy,0.3,0.3,,,,,,,1752090585.114
3076,374813539,1752090585114,1,0.0085,0.00803381,38.19,BTC-25JUL25-120000-C,111620.03,buy,0.1,0.1,,,,,,,1752090585.114
3078,374813541,1752090585114,1,0.0085,0.00803381,38.19,BTC-25JUL25-120000-C,111620.03,buy,0.9,0.9,,,,,,,1752090585.114
3075,374813538,1752090585114,0,0.0085,0.00803381,38.19,BTC-25JUL25-120000-C,111620.03,buy,5.0,5.0,,,,,,,1752090585.114
3077,374813540,1752090585114,1,0.0085,0.00803381,38.19,BTC-25JUL25-120000-C,111620.03,buy,2.0,2.0,,,,,,,1752090585.114
3080,374813543,1752090585118,1,0.0085,0.00803381,38.19,BTC-25JUL25-120000-C,111620.03,sell,10.7,10.7,,,,,,,1752090585.118
3081,374813544,1752090585131,1,0.0085,0.00803381,38.19,BTC-25JUL25-120000-C,111620.03,sell,31.0,31.0,,,,,,,1752090585.131
3082,374815296,1752090793180,0,0.009,0.00875729,38.4,BTC-25JUL25-120000-C,111816.57,buy,0.1,0.1,,,,,,,1752090793.18
3083,374821516,1752091442683,0,0.0095,0.00915055,39.41,BTC-25JUL25-120000-C,111780.76,buy,0.1,0.1,,,,,,,1752091442.683
3084,374821916,1752091466247,2,0.009,0.00893472,39.17,BTC-25JUL25-120000-C,111595.86,sell,0.1,0.1,,,,,,,1752091466.247
3085,374821917,1752091466251,3,0.009,0.00893472,39.17,BTC-25JUL25-120000-C,111595.86,buy,0.4,0.4,,,,,,,1752091466.251
3086,374822001,1752091495037,3,0.009,0.00885882,39.11,BTC-25JUL25-120000-C,111614.96,buy,0.1,0.1,,,,,,,1752091495.037
3087,374822009,1752091501141,3,0.009,0.00886368,39.11,BTC-25JUL25-120000-C,111614.04,buy,0.1,0.1,,,,,,,1752091501.141
3088,374822010,1752091501150,3,0.009,0.00886368,39.11,BTC-25JUL25-120000-C,111614.04,buy,0.1,0.1,,,,,,,1752091501.15
3089,374822029,1752091501230,3,0.009,0.00886368,39.11,BTC-25JUL25-120000-C,111614.04,buy,0.2,0.2,,,,,,,1752091501.23
3090,374825864,1752092182180,2,0.007,0.0075664,36.35,BTC-25JUL25-120000-C,111355.51,sell,0.1,0.1,,,,,,,1752092182.18
3091,374827001,1752092695750,3,0.007,0.00692586,37.04,BTC-25JUL25-120000-C,111111.41,buy,0.1,0.1,,,,,,,1752092695.75
3092,374827002,1752092695750,3,0.007,0.00692586,37.04,BTC-25JUL25-120000-C,111111.41,buy,5.0,5.0,,,,,,,1752092695.75
3093,374827003,1752092695752,3,0.007,0.00692586,37.04,BTC-25JUL25-120000-C,111111.41,sell,1.0,1.0,,,,,,,1752092695.752
3094,374827050,1752092709989,3,0.007,0.00690543,37.08,BTC-25JUL25-120000-C,111096.07,sell,0.2,0.2,,,,,,,1752092709.989
3095,374827051,1752092710008,3,0.007,0.00690543,37.08,BTC-25JUL25-120000-C,111096.07,sell,2.6,2.6,,,,,,,1752092710.008
3096,374827052,1752092710011,3,0.007,0.00690543,37.08,BTC-25JUL25-120000-C,111096.07,sell,3.0,3.0,,,,,,,1752092710.011
3097,374827286,1752092771139,3,0.007,0.00682624,37.34,BTC-25JUL25-120000-C,111003.91,sell,4.2,4.2,,,,,,,1752092771.139
3098,374829401,1752093420178,2,0.0067,0.0066419,37.09,BTC-25JUL25-120000-C,110923.56,buy,6.3,6.3,,,6.0,BLOCK-209379,,,1752093420.178
3099,374831638,1752094514983,2,0.0065,0.0062471,37.35,BTC-25JUL25-120000-C,110688.61,buy,0.1,0.1,,,,,,,1752094514.983
3100,374835935,1752096332889,3,0.0065,0.00674969,36.03,BTC-25JUL25-120000-C,111167.4,sell,0.1,0.1,,,,,,,1752096332.889
3101,374836056,1752096369292,0,0.007,0.00689069,36.7,BTC-25JUL25-120000-C,111251.63,buy,0.1,0.1,,,,,,,1752096369.292
3102,374836406,1752096489125,1,0.007,0.00685909,36.79,BTC-25JUL25-120000-C,111220.57,buy,0.1,0.1,,,,,,,1752096489.125
3103,374836442,1752096586688,1,0.007,0.00686297,36.81,BTC-25JUL25-120000-C,111216.99,buy,0.1,0.1,,,,,,,1752096586.688
3104,374836659,1752096703590,1,0.007,0.0067412,37.05,BTC-25JUL25-120000-C,111137.87,buy,0.1,0.1,,,,,,,1752096703.59
3105,374855115,1752102060347,0,0.0075,0.00733192,37.02,BTC-25JUL25-120000-C,111431.49,buy,0.1,0.1,,,,,,,1752102060.347
3107,374857326,1752103082196,1,0.0075,0.00742261,36.9,BTC-25JUL25-120000-C,111470.87,buy,0.1,0.1,,,,,,,1752103082.196
3106,374857325,1752103082196,1,0.0075,0.00742261,36.9,BTC-25JUL25-120000-C,111470.87,buy,1.0,1.0,,,,,,,1752103082.196
3108,374857958,1752103271982,1,0.0075,0.00750143,36.77,BTC-25JUL25-120000-C,111512.6,sell,0.1,0.1,,,,,,,1752103271.982
3109,374861231,1752104524856,1,0.0075,0.0075904,37.0,BTC-25JUL25-120000-C,111436.4,sell,0.1,0.1,374861229,BTC-STRG-25JUL25-103000_120000,,,,,1752104524.856
3110,374863302,1752105567790,2,0.007,0.00732888,36.51,BTC-25JUL25-120000-C,111291.0,sell,0.1,0.1,,,,,,,1752105567.79
3111,374865548,1752107870563,3,0.007,0.0070532,37.17,BTC-25JUL25-120000-C,111094.37,buy,0.1,0.1,,,,,,,1752107870.563
3112,374865572,1752107945810,3,0.007,0.00703116,37.19,BTC-25JUL25-120000-C,111086.82,buy,0.1,0.1,,,,,,,1752107945.81
3113,374866229,1752108516688,3,0.007,0.00691508,37.23,BTC-25JUL25-120000-C,111078.54,buy,1.0,1.0,,,,,,,1752108516.688
3114,374866230,1752108516688,3,0.007,0.00691508,37.23,BTC-25JUL25-120000-C,111078.54,buy,0.1,0.1,,,,,,,1752108516.688
3115,374867526,1752109975519,2,0.0065,0.006698,36.52,BTC-25JUL25-120000-C,111002.32,sell,0.1,0.1,,,,,,,1752109975.519
3116,374867980,1752110414194,0,0.007,0.00686487,37.06,BTC-25JUL25-120000-C,111151.3,buy,0.1,0.1,,,,,,,1752110414.194
3117,374873887,1752114062327,0,0.008,0.00798049,37.96,BTC-25JUL25-120000-C,111471.32,buy,0.1,0.1,,,,,,,1752114062.327
3118,374878642,1752119617862,2,0.007,0.00710097,37.5,BTC-25JUL25-120000-C,111089.9,buy,2.0,2.0,,,,,,,1752119617.862
3119,374885135,1752127630227,2,0.0067,0.00686757,36.85,BTC-25JUL25-120000-C,111155.54,sell,12.5,12.5,,BTC-CS-25JUL25-115000_120000,2.0,BLOCK-209495,,,1752127630.227
3120,374885620,1752128505940,0,0.007,0.00698187,37.23,BTC-25JUL25-120000-C,111235.37,buy,0.2,0.2,,,,,,,1752128505.94
3121,374885621,1752128505940,1,0.007,0.00698187,37.23,BTC-25JUL25-120000-C,111235.37,buy,0.1,0.1,,,,,,,1752128505.94
3122,374887173,1752128747093,0,0.0075,0.00716074,37.97,BTC-25JUL25-120000-C,111319.82,buy,0.1,0.1,,,,,,,1752128747.093
3123,374887466,1752129154143,1,0.0075,0.00734331,38.0,BTC-25JUL25-120000-C,111317.06,buy,0.1,0.1,,,,,,,1752129154.143
3124,374893589,1752134278427,0,0.0081,0.00793209,39.1,BTC-25JUL25-120000-C,111269.18,buy,100.0,100.0,,BTC-CCAL-29AUG25_25JUL25-120000,2.0,BLOCK-209517,8248.0,,1752134278.427
3126,374894856,1752135212988,3,0.0075,0.00780544,38.28,BTC-25JUL25-120000-C,111169.61,sell,0.3,0.3,,,,,,,1752135212.988
3125,374894855,1752135212988,2,0.0075,0.00780544,38.28,BTC-25JUL25-120000-C,111169.61,sell,1.6,1.6,,,,,,,1752135212.988
3127,374894857,1752135212988,3,0.0075,0.00780544,38.28,BTC-25JUL25-120000-C,111169.61,sell,1.3,1.3,,,,,,,1752135212.988
3128,374894858,1752135212990,3,0.0075,0.00780544,38.28,BTC-25JUL25-120000-C,111169.61,buy,0.8,0.8,,,,,,,1752135212.99
3129,374895582,1752136057010,3,0.0075,0.00778969,37.97,BTC-25JUL25-120000-C,111280.48,sell,1.4,1.4,,,,,,,1752136057.01
3130,374898258,1752139659714,3,0.0075,0.0076095,38.44,BTC-25JUL25-120000-C,111170.49,sell,0.1,0.1,,,,,,,1752139659.714
3131,374898261,1752139683769,3,0.0075,0.0075957,38.46,BTC-25JUL25-120000-C,111165.83,sell,0.3,0.3,,,,,,,1752139683.769
3132,374898262,1752139683771,3,0.0075,0.0075957,38.46,BTC-25JUL25-120000-C,111165.83,buy,2.2,2.2,,,,,,,1752139683.771
3133,374898270,1752139701303,3,0.0075,0.00759061,38.46,BTC-25JUL25-120000-C,111165.94,sell,0.7,0.7,,,,,,,1752139701.303
3135,374898272,1752139701306,3,0.0075,0.00759061,38.46,BTC-25JUL25-120000-C,111165.94,buy,1.1,1.1,,,,,,,1752139701.306
3134,374898271,1752139701306,3,0.0075,0.00759061,38.46,BTC-25JUL25-120000-C,111165.94,buy,3.2,3.2,,,,,,,1752139701.306
3136,374898296,1752139782993,2,0.007,0.00758069,37.49,BTC-25JUL25-120000-C,111172.86,sell,0.1,0.1,,,,,,,1752139782.993
3137,374898308,1752139852471,0,0.0075,0.00756796,38.45,BTC-25JUL25-120000-C,111166.7,buy,5.0,5.0,,,,,,,1752139852.471
3138,374898313,1752139898126,1,0.0075,0.00756448,38.45,BTC-25JUL25-120000-C,111169.63,buy,5.0,5.0,,,,,,,1752139898.126
3139,374898325,1752139963282,1,0.0075,0.00754727,38.46,BTC-25JUL25-120000-C,111166.08,buy,5.0,5.0,,,,,,,1752139963.282
3140,374899703,1752142173471,1,0.0075,0.00751004,38.8,BTC-25JUL25-120000-C,111053.68,buy,0.2,0.2,,,,,,,1752142173.471
3141,374900417,1752143312581,2,0.007,0.00746828,37.9,BTC-25JUL25-120000-C,111057.19,sell,0.5,0.5,,,,,,,1752143312.581
3142,374900421,1752143322786,3,0.007,0.0074689,37.9,BTC-25JUL25-120000-C,111057.87,sell,0.1,0.1,,,,,,,1752143322.786
3144,374904770,1752147644391,1,0.0075,0.00728903,38.94,BTC-25JUL25-120000-C,111087.86,buy,0.2,0.2,,,,,,,1752147644.391
3143,374904769,1752147644391,0,0.0075,0.00728903,38.94,BTC-25JUL25-120000-C,111087.86,buy,0.1,0.1,,,,,,,1752147644.391
3145,374904771,1752147644391,1,0.0075,0.00728903,38.94,BTC-25JUL25-120000-C,111087.86,buy,0.7,0.7,,,,,,,1752147644.391
3146,374904949,1752147848937,1,0.0075,0.00737558,38.79,BTC-25JUL25-120000-C,111136.21,buy,0.8,0.8,,,,,,,1752147848.937
3148,374904951,1752147848939,1,0.0075,0.00737558,38.79,BTC-25JUL25-120000-C,111136.21,sell,0.5,0.5,,,,,,,1752147848.939
3147,374904950,1752147848939,1,0.0075,0.00737558,38.79,BTC-25JUL25-120000-C,111136.21,sell,3.0,3.0,,,,,,,1752147848.939
3149,374904952,1752147848945,1,0.0075,0.00737558,38.79,BTC-25JUL25-120000-C,111136.21,sell,0.6,0.6,,,,,,,1752147848.945
3150,374904953,1752147848949,1,0.0075,0.00737558,38.79,BTC-25JUL25-120000-C,111136.21,sell,0.1,0.1,,,,,,,1752147848.949
3151,374905200,1752148153646,2,0.007,0.00734524,37.99,BTC-25JUL25-120000-C,111104.54,sell,0.1,0.1,,,,,,,1752148153.646
3152,374905201,1752148155128,3,0.007,0.00734532,37.99,BTC-25JUL25-120000-C,111104.54,sell,0.1,0.1,,,,,,,1752148155.128
3153,374905202,1752148156569,3,0.007,0.00734569,37.99,BTC-25JUL25-120000-C,111105.21,sell,0.1,0.1,,,,,,,1752148156.569
3154,374905203,1752148158003,3,0.007,0.00734554,37.99,BTC-25JUL25-120000-C,111105.68,sell,0.1,0.1,,,,,,,1752148158.003
3155,374905204,1752148159460,3,0.007,0.00734561,37.99,BTC-25JUL25-120000-C,111105.69,sell,0.3,0.3,,,,,,,1752148159.46
3156,374905206,1752148160980,3,0.007,0.00734717,37.98,BTC-25JUL25-120000-C,111105.69,sell,0.1,0.1,,,,,,,1752148160.98
3157,374905207,1752148162420,3,0.007,0.00734717,37.98,BTC-25JUL25-120000-C,111105.69,sell,0.4,0.4,,,,,,,1752148162.42
3158,374905208,1752148163866,3,0.007,0.00734617,37.98,BTC-25JUL25-120000-C,111105.69,sell,0.1,0.1,,,,,,,1752148163.866
3159,374905209,1752148165304,3,0.007,0.00734598,37.98,BTC-25JUL25-120000-C,111105.68,sell,0.1,0.1,,,,,,,1752148165.304
3160,374905271,1752148341427,3,0.007,0.00730481,38.01,BTC-25JUL25-120000-C,111089.57,sell,0.1,0.1,,,,,,,1752148341.427
3161,374905272,1752148341427,3,0.007,0.00730481,38.01,BTC-25JUL25-120000-C,111089.57,sell,0.3,0.3,,,,,,,1752148341.427
3162,374905443,1752148470169,3,0.007,0.00723675,38.12,BTC-25JUL25-120000-C,111053.25,sell,0.1,0.1,,,,,,,1752148470.169
3163,374907394,1752150522624,2,0.0065,0.00713729,37.4,BTC-25JUL25-120000-C,110952.2,sell,0.2,0.2,,,,,,,1752150522.624
3165,374908546,1752152305524,3,0.0065,0.00688887,37.58,BTC-25JUL25-120000-C,110902.6,sell,0.9,0.9,,,,,,,1752152305.524
3164,374908545,1752152305524,3,0.0065,0.00688887,37.58,BTC-25JUL25-120000-C,110902.6,sell,1.2,1.2,,,,,,,1752152305.524
3166,374908548,1752152306277,3,0.0065,0.00688889,37.58,BTC-25JUL25-120000-C,110903.77,sell,0.4,0.4,,,,,,,1752152306.277
3167,374909382,1752152978277,3,0.0065,0.00676909,37.56,BTC-25JUL25-120000-C,110919.67,sell,1.0,1.0,,,,,,,1752152978.277
3168,374912853,1752155030844,3,0.0065,0.00651216,38.52,BTC-25JUL25-120000-C,110625.81,sell,1.0,1.0,,,,,,,1752155030.844
3169,374917380,1752157202674,0,0.0075,0.00755377,38.28,BTC-25JUL25-120000-C,111357.89,sell,0.2,0.2,,,,,,,1752157202.674
3170,374917381,1752157202682,1,0.0075,0.00755377,38.28,BTC-25JUL25-120000-C,111357.89,sell,0.1,0.1,,,,,,,1752157202.682
3171,374924070,1752159713991,2,0.007,0.0075017,37.5,BTC-25JUL25-120000-C,111303.59,sell,0.3,0.3,,,,,,,1752159713.991
3172,374927661,1752161449869,0,0.0075,0.00759601,38.06,BTC-25JUL25-120000-C,111454.43,buy,0.2,0.2,,,,,,,1752161449.869
3175,374933758,1752164040595,1,0.008,0.00760684,38.74,BTC-25JUL25-120000-C,111550.06,buy,14.0,14.0,,,,,,,1752164040.595
3185,374933768,1752164040595,1,0.008,0.00760684,38.74,BTC-25JUL25-120000-C,111550.06,buy,0.1,0.1,,,,,,,1752164040.595
3182,374933765,1752164040595,1,0.008,0.00760684,38.74,BTC-25JUL25-120000-C,111550.06,buy,10.0,10.0,,,,,,,1752164040.595
3180,374933763,1752164040595,1,0.008,0.00760684,38.74,BTC-25JUL25-120000-C,111550.06,buy,8.6,8.6,,,,,,,1752164040.595
3177,374933760,1752164040595,1,0.008,0.00760684,38.74,BTC-25JUL25-120000-C,111550.06,buy,5.0,5.0,,,,,,,1752164040.595
3181,374933764,1752164040595,1,0.008,0.00760684,38.74,BTC-25JUL25-120000-C,111550.06,buy,10.3,10.3,,,,,,,1752164040.595
3178,374933761,1752164040595,1,0.008,0.00760684,38.74,BTC-25JUL25-120000-C,111550.06,buy,5.6,5.6,,,,,,,1752164040.595
3184,374933767,1752164040595,1,0.008,0.00760684,38.74,BTC-25JUL25-120000-C,111550.06,buy,15.0,15.0,,,,,,,1752164040.595
3179,374933762,1752164040595,1,0.008,0.00760684,38.74,BTC-25JUL25-120000-C,111550.06,buy,1.6,1.6,,,,,,,1752164040.595
3176,374933759,1752164040595,1,0.008,0.00760684,38.74,BTC-25JUL25-120000-C,111550.06,buy,13.1,13.1,,,,,,,1752164040.595
3186,374933769,1752164040595,1,0.008,0.00760684,38.74,BTC-25JUL25-120000-C,111550.06,buy,3.3,3.3,,,,,,,1752164040.595
3173,374933756,1752164040595,0,0.008,0.00760684,38.74,BTC-25JUL25-120000-C,111550.06,buy,1.4,1.4,,,,,,,1752164040.595
3183,374933766,1752164040595,1,0.008,0.00760684,38.74,BTC-25JUL25-120000-C,111550.06,buy,10.1,10.1,,,,,,,1752164040.595
3174,374933757,1752164040595,1,0.008,0.00760684,38.74,BTC-25JUL25-120000-C,111550.06,buy,1.9,1.9,,,,,,,1752164040.595
3187,374936315,1752164627118,0,0.0085,0.00837384,38.38,BTC-25JUL25-120000-C,111945.83,buy,0.4,0.4,,,,,,,1752164627.118
3189,374936342,1752164628777,1,0.0085,0.00837573,38.35,BTC-25JUL25-120000-C,111955.91,buy,0.1,0.1,,,,,,,1752164628.777
3188,374936341,1752164628777,1,0.0085,0.00837573,38.35,BTC-25JUL25-120000-C,111955.91,buy,0.1,0.1,,,,,,,1752164628.777
3190,374936509,1752164650427,1,0.0085,0.00843157,38.28,BTC-25JUL25-120000-C,111983.38,buy,0.1,0.1,,,,,,,1752164650.427
3192,374937539,1752164670772,1,0.009,0.00860674,38.46,BTC-25JUL25-120000-C,112202.38,buy,4.0,4.0,,,,,,,1752164670.772
3191,374937538,1752164670772,0,0.009,0.00860674,38.46,BTC-25JUL25-120000-C,112202.38,buy,0.2,0.2,,,,,,,1752164670.772
3193,374937540,1752164670772,1,0.009,0.00860674,38.46,BTC-25JUL25-120000-C,112202.38,buy,0.1,0.1,,,,,,,1752164670.772
3195,374938510,1752164724503,1,0.0095,0.00922897,38.67,BTC-25JUL25-120000-C,112405.88,buy,0.1,0.1,,,,,,,1752164724.503
3196,374938511,1752164724503,1,0.0095,0.00922897,38.67,BTC-25JUL25-120000-C,112405.88,buy,4.7,4.7,,,,,,,1752164724.503
3194,374938509,1752164724503,0,0.0095,0.00922897,38.67,BTC-25JUL25-120000-C,112405.88,buy,0.2,0.2,,,,,,,1752164724.503
3197,374938546,1752164731447,1,0.0095,0.00920445,38.66,BTC-25JUL25-120000-C,112413.31,buy,5.0,5.0,,,,,,,1752164731.447
3199,374940000,1752164915719,1,0.01,0.00968089,38.95,BTC-25JUL25-120000-C,112569.3,buy,0.1,0.1,,,,,,,1752164915.719
3200,374940001,1752164915719,1,0.01,0.00968089,38.95,BTC-25JUL25-120000-C,112569.3,buy,11.7,11.7,,,,,,,1752164915.719
3198,374939999,1752164915719,0,0.01,0.00968089,38.95,BTC-25JUL25-120000-C,112569.3,buy,0.2,0.2,,,,,,,1752164915.719
3201,374941140,1752165021392,1,0.01,0.00994254,38.65,BTC-25JUL25-120000-C,112658.55,buy,11.9,11.9,,,,,,,1752165021.392
3202,374941213,1752165029331,1,0.01,0.00993673,38.68,BTC-25JUL25-120000-C,112652.72,buy,0.7,0.7,,,,,,,1752165029.331
3203,374941214,1752165029338,1,0.01,0.00993673,38.68,BTC-25JUL25-120000-C,112652.72,buy,25.7,25.7,,,,,,,1752165029.338
3204,374943186,1752165382307,1,0.01,0.01003848,38.97,BTC-25JUL25-120000-C,112570.67,sell,0.1,0.1,,,,,,,1752165382.307
3205,374943297,1752165416662,1,0.01,0.01020329,38.72,BTC-25JUL25-120000-C,112646.67,sell,2.0,2.0,,,,,,,1752165416.662
3206,374944307,1752165594537,0,0.011,0.01041631,40.07,BTC-25JUL25-120000-C,112725.74,buy,5.0,5.0,,,,,,,1752165594.537
3207,374949992,1752166868641,2,0.01,0.01043375,38.67,BTC-25JUL25-120000-C,112720.26,sell,0.5,0.5,,,,,,,1752166868.641
3208,374951495,1752167140111,0,0.011,0.01073849,39.64,BTC-25JUL25-120000-C,112929.46,buy,2.6,2.6,,,,,,T,1752167140.111
3210,374953821,1752167262940,1,0.011,0.01086141,39.28,BTC-25JUL25-120000-C,113050.86,buy,1.6,1.6,,,,,,,1752167262.94
3211,374953822,1752167262940,1,0.011,0.01086141,39.28,BTC-25JUL25-120000-C,113050.86,buy,2.3,2.3,,,,,,,1752167262.94
3212,374953823,1752167262940,1,0.011,0.01086141,39.28,BTC-25JUL25-120000-C,113050.86,buy,0.1,0.1,,,,,,,1752167262.94
3209,374953820,1752167262940,1,0.011,0.01086141,39.28,BTC-25JUL25-120000-C,113050.86,buy,0.9,0.9,,,,,,,1752167262.94
3213,374953824,1752167262954,1,0.011,0.01086141,39.28,BTC-25JUL25-120000-C,113050.86,buy,2.3,2.3,,,,,,,1752167262.954
3214,374953969,1752167279417,2,0.0105,0.01095266,38.39,BTC-25JUL25-120000-C,113077.62,sell,0.8,0.8,,,,,,,1752167279.417
3215,374957318,1752167540293,0,0.011,0.01143234,38.43,BTC-25JUL25-120000-C,113298.3,sell,0.1,0.1,,,,,,,1752167540.293
3216,374957436,1752167567115,0,0.0115,0.01143777,39.16,BTC-25JUL25-120000-C,113313.81,buy,2.0,2.0,,,,,,,1752167567.115
3217,374965085,1752168640142,1,0.0115,0.01204492,38.36,BTC-25JUL25-120000-C,113523.59,sell,0.1,0.1,,,,,,,1752168640.142
3219,374965394,1752168692841,1,0.012,0.01208075,39.01,BTC-25JUL25-120000-C,113561.13,buy,0.1,0.1,,,,,,,1752168692.841
3218,374965393,1752168692841,0,0.012,0.01208075,39.01,BTC-25JUL25-120000-C,113561.13,buy,0.2,0.2,,,,,,,1752168692.841
3222,374965695,1752168706545,1,0.0125,0.01238578,39.36,BTC-25JUL25-120000-C,113678.26,buy,1.3,1.3,,,,,,T,1752168706.545
3223,374965696,1752168706545,1,0.0125,0.01238578,39.36,BTC-25JUL25-120000-C,113678.26,buy,0.8,0.8,,,,,,T,1752168706.545
3220,374965693,1752168706545,0,0.0125,0.01238578,39.36,BTC-25JUL25-120000-C,113678.26,buy,0.1,0.1,,,,,,T,1752168706.545
3221,374965694,1752168706545,1,0.0125,0.01238578,39.36,BTC-25JUL25-120000-C,113678.26,buy,0.1,0.1,,,,,,T,1752168706.545
3224,374968559,1752169113823,2,0.012,0.01239142,38.65,BTC-25JUL25-120000-C,113662.24,sell,0.1,0.1,,,,,,,1752169113.823
3225,374969093,1752169259676,0,0.0125,0.01260651,39.13,BTC-25JUL25-120000-C,113723.58,buy,50.0,50.0,,BTC-RR-25JUL25-110000_120000,2.0,BLOCK-209637,,,1752169259.676
3226,374969958,1752169578901,2,0.012,0.01231534,38.69,BTC-25JUL25-120000-C,113656.54,sell,0.5,0.5,,,,,,,1752169578.901
3227,374970115,1752169598365,0,0.0122,0.0121084,39.32,BTC-25JUL25-120000-C,113565.84,buy,50.0,50.0,,BTC-RR-25JUL25-110000_120000,2.0,BLOCK-209643,,,1752169598.365
3231,374971097,1752169907920,1,0.0125,0.01236728,39.2,BTC-25JUL25-120000-C,113704.93,buy,0.9,0.9,,,,,,,1752169907.92
3230,374971096,1752169907920,1,0.0125,0.01236728,39.2,BTC-25JUL25-120000-C,113704.93,buy,1.1,1.1,,,,,,,1752169907.92
3228,374971094,1752169907920,0,0.0125,0.01236728,39.2,BTC-25JUL25-120000-C,113704.93,buy,0.1,0.1,,,,,,,1752169907.92
3229,374971095,1752169907920,1,0.0125,0.01236728,39.2,BTC-25JUL25-120000-C,113704.93,buy,0.1,0.1,,,,,,,1752169907.92
3232,374971098,1752169907920,1,0.0125,0.01236728,39.2,BTC-25JUL25-120000-C,113704.93,buy,2.9,2.9,,,,,,,1752169907.92
3233,374971099,1752169907931,1,0.0125,0.01236728,39.2,BTC-25JUL25-120000-C,113704.93,buy,2.9,2.9,,,,,,,1752169907.931
3234,374978854,1752172810631,2,0.0111,0.01066932,39.12,BTC-25JUL25-120000-C,113116.62,sell,0.3,0.3,374978851,BTC-CSR13-25JUL25-112000_120000,,,,,1752172810.631
3235,374979880,1752173274557,2,0.01,0.01070756,37.18,BTC-25JUL25-120000-C,113172.9,sell,0.1,0.1,,,,,,,1752173274.557
3236,374982451,1752174681255,0,0.0118,0.01151361,38.29,BTC-25JUL25-120000-C,113729.88,buy,500.0,500.0,,BTC-CSR12-25JUL25-120000_124000,2.0,BLOCK-209663,,,1752174681.255
3237,374983390,1752175123282,2,0.0115,0.01136984,38.08,BTC-25JUL25-120000-C,113676.15,buy,0.1,0.1,,,,,,,1752175123.282
3238,374990404,1752177596353,2,0.0102,0.01037632,37.06,BTC-25JUL25-120000-C,113406.87,sell,0.1,0.1,374990403,BTC-CS-25JUL25-120000_130000,,,,,1752177596.353
3240,374990785,1752177810423,1,0.0105,0.0103509,37.49,BTC-25JUL25-120000-C,113422.45,buy,0.9,0.9,,,,,,,1752177810.423
3239,374990784,1752177810423,0,0.0105,0.0103509,37.49,BTC-25JUL25-120000-C,113422.45,buy,0.1,0.1,,,,,,,1752177810.423
3241,374990999,1752177931011,1,0.0105,0.01044466,37.26,BTC-25JUL25-120000-C,113486.39,buy,0.1,0.1,,,,,,,1752177931.011
3242,374994945,1752179237128,2,0.0099,0.01040658,36.29,BTC-25JUL25-120000-C,113489.94,sell,200.0,200.0,,,1.0,BLOCK-209681,,,1752179237.128
3243,374997791,1752181209618,0,0.0105,0.01041798,37.09,BTC-25JUL25-120000-C,113537.24,sell,0.2,0.2,,,,,,,1752181209.618
3244,374998867,1752181742218,1,0.0105,0.01076324,36.53,BTC-25JUL25-120000-C,113701.51,sell,1.0,1.0,,,,,,,1752181742.218
3248,374998965,1752181863693,1,0.011,0.01073476,37.34,BTC-25JUL25-120000-C,113723.71,buy,9.5,9.5,,,,,,,1752181863.693
3245,374998962,1752181863693,0,0.011,0.01073476,37.34,BTC-25JUL25-120000-C,113723.71,buy,0.1,0.1,,,,,,,1752181863.693
3249,374998966,1752181863693,1,0.011,0.01073476,37.34,BTC-25JUL25-120000-C,113723.71,buy,1.0,1.0,,,,,,,1752181863.693
3247,374998964,1752181863693,1,0.011,0.01073476,37.34,BTC-25JUL25-120000-C,113723.71,buy,8.0,8.0,,,,,,,1752181863.693
3246,374998963,1752181863693,1,0.011,0.01073476,37.34,BTC-25JUL25-120000-C,113723.71,buy,5.0,5.0,,,,,,,1752181863.693
3250,375001468,1752182251102,0,0.0125,0.01200146,37.4,BTC-25JUL25-120000-C,114346.27,buy,0.1,0.1,,,,,,,1752182251.102
3251,375002319,1752182257644,0,0.0135,0.01338793,36.93,BTC-25JUL25-120000-C,114866.2,buy,0.2,0.2,,,,,,,1752182257.644
3252,375002371,1752182258022,0,0.014,0.01338793,37.65,BTC-25JUL25-120000-C,114866.2,buy,1.1,1.1,,,,,,T,1752182258.022
3253,375002373,1752182258026,1,0.014,0.01338793,37.65,BTC-25JUL25-120000-C,114866.2,sell,1.0,1.0,,,,,,M,1752182258.026
3254,375003643,1752182279927,1,0.014,0.01382535,37.15,BTC-25JUL25-120000-C,115001.67,sell,0.1,0.1,,,,,,,1752182279.927
3255,375005668,1752182315865,0,0.015,0.01480578,37.17,BTC-25JUL25-120000-C,115317.51,buy,0.2,0.2,,,,,,,1752182315.865
3257,375005670,1752182315865,1,0.015,0.01480578,37.17,BTC-25JUL25-120000-C,115317.51,buy,0.1,0.1,,,,,,,1752182315.865
3256,375005669,1752182315865,1,0.015,0.01480578,37.17,BTC-25JUL25-120000-C,115317.51,buy,0.1,0.1,,,,,,,1752182315.865
3258,375008121,1752182358129,2,0.0145,0.01472559,36.04,BTC-25JUL25-120000-C,115390.0,sell,0.2,0.2,,,,,,T,1752182358.129
3259,375009259,1752182365708,0,0.016,0.01620277,36.04,BTC-25JUL25-120000-C,115922.22,sell,5.4,5.4,,,,,,,1752182365.708
3260,375010724,1752182369191,0,0.018,0.01717174,37.73,BTC-25JUL25-120000-C,116158.36,buy,0.2,0.2,,,,,,T,1752182369.191
3261,375011073,1752182370567,0,0.019,0.01733774,37.59,BTC-25JUL25-120000-C,116487.4,buy,0.1,0.1,,,,,,T,1752182370.567
3262,375011102,1752182370701,0,0.0195,0.01733774,38.25,BTC-25JUL25-120000-C,116487.4,sell,1.9,1.9,,,,,,M,1752182370.701
3263,375011375,1752182371469,2,0.0179,0.01733774,36.13,BTC-25JUL25-120000-C,116487.4,buy,25.0,25.0,,,1.0,BLOCK-209686,,,1752182371.469
3264,375013500,1752182379640,0,0.0185,0.01896844,35.88,BTC-25JUL25-120000-C,116664.15,sell,2.0,2.0,,,,,,M,1752182379.64
3265,375017072,1752182429596,2,0.018,0.01766662,37.42,BTC-25JUL25-120000-C,116262.71,buy,2.0,2.0,,,,,,,1752182429.596
3266,375018092,1752182460874,2,0.016,0.01580572,36.94,BTC-25JUL25-120000-C,115756.45,buy,5.0,5.0,,,,,,,1752182460.874
3267,375020457,1752182545774,2,0.0141,0.01560758,34.56,BTC-25JUL25-120000-C,115701.16,sell,38.0,38.0,,,1.0,BLOCK-209688,,,1752182545.774
3268,375022089,1752182586713,0,0.016,0.0159466,36.47,BTC-25JUL25-120000-C,115922.65,buy,2.0,2.0,,,,,,,1752182586.713
3269,375022439,1752182605705,0,0.0165,0.01650869,36.52,BTC-25JUL25-120000-C,116097.51,buy,2.0,2.0,,,,,,,1752182605.705
3270,375023451,1752182637434,1,0.0165,0.01667954,36.35,BTC-25JUL25-120000-C,116172.9,buy,1.0,1.0,,,,,,,1752182637.434
3271,375028515,1752182791071,0,0.017,0.01654505,37.3,BTC-25JUL25-120000-C,116140.05,buy,0.1,0.1,,,,,,,1752182791.071
3272,375035779,1752183039171,1,0.017,0.01667522,37.96,BTC-25JUL25-120000-C,115967.27,sell,0.7,0.7,,,,,,,1752183039.171
3273,375039279,1752183260819,1,0.017,0.01722508,37.24,BTC-25JUL25-120000-C,116163.43,sell,0.1,0.1,,,,,,,1752183260.819
3274,375039586,1752183314304,0,0.0175,0.01741214,37.85,BTC-25JUL25-120000-C,116183.7,buy,0.1,0.1,,,,,,,1752183314.304
3275,375041135,1752183432040,2,0.0165,0.01666616,37.32,BTC-25JUL25-120000-C,115986.56,buy,0.1,0.1,,,,,,,1752183432.04
