trade_seq,trade_id,timestamp,tick_direction,price,mark_price,iv,instrument_name,index_price,direction,contracts,amount,block_trade_leg_count,block_trade_id,combo_trade_id,combo_id,block_rfq_id,liquidation,unix_sec
2657,373872869,1751307100160,3,0.0016,0.00166364,40.18,BTC-25JUL25-130000-C,107402.08,buy,0.2,0.2,,,,,,,1751307100.16
2658,373875528,1751311148753,2,0.0015,0.00167351,39.66,BTC-25JUL25-130000-C,107489.35,sell,0.1,0.1,,,,,,,1751311148.753
2659,373876199,1751311748730,3,0.0015,0.00164763,39.59,BTC-25JUL25-130000-C,107546.09,sell,0.1,0.1,,,,,,,1751311748.73
2660,373881246,1751314688516,0,0.0016,0.0016903,39.91,BTC-25JUL25-130000-C,107646.53,sell,0.1,0.1,,,,,,,1751314688.516
2661,373881807,1751315048525,1,0.0016,0.00166045,40.01,BTC-25JUL25-130000-C,107594.61,sell,0.1,0.1,,,,,,,1751315048.525
2662,373882941,1751315759378,0,0.0017,0.0017086,40.32,BTC-25JUL25-130000-C,107667.18,sell,0.5,0.5,,,,,,,1751315759.378
2663,373886656,1751318229919,2,0.0015,0.00163359,39.72,BTC-25JUL25-130000-C,107483.1,sell,0.1,0.1,,,,,,,1751318229.919
2664,373886879,1751318829398,3,0.0015,0.00162487,39.82,BTC-25JUL25-130000-C,107403.2,sell,0.1,0.1,,,,,,,1751318829.398
2665,373891210,1751321825325,3,0.0015,0.00164194,40.03,BTC-25JUL25-130000-C,107275.95,sell,0.1,0.1,,,,,,,1751321825.325
2666,373891415,1751322425034,3,0.0015,0.00162799,40.02,BTC-25JUL25-130000-C,107294.61,sell,0.1,0.1,,,,,,,1751322425.034
2667,373895067,1751329137286,3,0.0015,0.00164749,39.84,BTC-25JUL25-130000-C,107448.96,sell,0.1,0.1,,,,,,,1751329137.286
2668,373895225,1751329437010,3,0.0015,0.00159989,39.96,BTC-25JUL25-130000-C,107394.09,sell,0.1,0.1,,,,,,,1751329437.01
2669,373895885,1751330036753,3,0.0015,0.00155236,40.41,BTC-25JUL25-130000-C,107105.33,sell,0.1,0.1,,,,,,,1751330036.753
2671,373899763,1751338328929,3,0.0015,0.00151711,40.42,BTC-25JUL25-130000-C,107155.31,sell,0.5,0.5,,,,,,,1751338328.929
2670,373899762,1751338328929,3,0.0015,0.00151711,40.42,BTC-25JUL25-130000-C,107155.31,sell,6.8,6.8,,,,,,,1751338328.929
2672,373909935,1751354110252,2,0.0014,0.00120385,40.37,BTC-25JUL25-130000-C,106951.27,buy,10.0,10.0,,,,,,,1751354110.252
2675,373909958,1751354137645,3,0.0014,0.00120939,40.33,BTC-25JUL25-130000-C,106971.17,buy,6.0,6.0,,,,,,,1751354137.645
2673,373909956,1751354137645,3,0.0014,0.00120939,40.33,BTC-25JUL25-130000-C,106971.17,buy,2.0,2.0,,,,,,,1751354137.645
2674,373909957,1751354137645,3,0.0014,0.00120939,40.33,BTC-25JUL25-130000-C,106971.17,buy,2.0,2.0,,,,,,,1751354137.645
2676,373943908,1751369102227,2,0.0012,0.00116591,40.18,BTC-25JUL25-130000-C,106520.36,buy,200.0,200.0,2.0,BLOCK-208004,,BTC-CCAL-29AUG25_25JUL25-130000,,,1751369102.227
2677,373944298,1751369475563,3,0.0012,0.00115797,40.16,BTC-25JUL25-130000-C,106539.36,sell,2.0,2.0,,,,,,,1751369475.563
2678,373948760,1751373487287,0,0.0013,0.00123871,40.93,BTC-25JUL25-130000-C,106440.35,buy,2.5,2.5,,,,,,,1751373487.287
2679,373948762,1751373488893,1,0.0013,0.00123851,40.92,BTC-25JUL25-130000-C,106446.09,buy,0.2,0.2,,,,,,,1751373488.893
2680,373948804,1751373555401,1,0.0013,0.00123948,40.92,BTC-25JUL25-130000-C,106445.48,buy,0.3,0.3,,,,,,,1751373555.401
2681,373949013,1751373697196,1,0.0013,0.00126946,40.82,BTC-25JUL25-130000-C,106505.07,sell,2.1,2.1,,,,,,,1751373697.196
2682,373949111,1751373738327,2,0.0012,0.00125053,40.38,BTC-25JUL25-130000-C,106447.82,sell,0.1,0.1,,,,,,,1751373738.327
2683,373949596,1751374064298,0,0.0013,0.00125303,40.93,BTC-25JUL25-130000-C,106451.95,buy,0.1,0.1,,,,,,,1751374064.298
2684,373950933,1751375634067,1,0.0013,0.00128426,40.85,BTC-25JUL25-130000-C,106515.39,sell,2.1,2.1,,,,,,,1751375634.067
2685,373952861,1751376569104,2,0.0012,0.00132046,40.03,BTC-25JUL25-130000-C,106649.5,sell,5.0,5.0,,,,,,,1751376569.104
2686,373954440,1751377161256,0,0.0013,0.00130562,40.35,BTC-25JUL25-130000-C,106791.57,buy,0.1,0.1,,,,,,,1751377161.256
2687,373955034,1751377248520,1,0.0013,0.0012598,40.86,BTC-25JUL25-130000-C,106456.73,sell,2.3,2.3,,,,,,,1751377248.52
2688,373957100,1751377851260,2,0.0012,0.00134755,39.83,BTC-25JUL25-130000-C,106790.27,sell,0.1,0.1,,,,,,,1751377851.26
2689,373958876,1751378719557,0,0.0014,0.00135703,40.65,BTC-25JUL25-130000-C,106948.56,sell,4.0,4.0,,,,,,,1751378719.557
2690,373974499,1751382842020,2,0.0013,0.00132058,42.18,BTC-25JUL25-130000-C,105698.14,sell,2.0,2.0,,,,,,,1751382842.02
2693,373977793,1751384746381,3,0.0012,0.00132373,41.17,BTC-25JUL25-130000-C,106013.06,sell,2.0,2.0,,,,,,,1751384746.381
2691,373977791,1751384746381,2,0.0012,0.00132373,41.17,BTC-25JUL25-130000-C,106013.06,sell,4.8,4.8,,,,,,,1751384746.381
2692,373977792,1751384746381,3,0.0012,0.00132373,41.17,BTC-25JUL25-130000-C,106013.06,sell,3.0,3.0,,,,,,,1751384746.381
2697,373977798,1751384761031,3,0.0011,0.00131665,40.61,BTC-25JUL25-130000-C,106000.16,sell,0.2,0.2,,,,,,,1751384761.031
2695,373977796,1751384761031,3,0.0011,0.00131665,40.61,BTC-25JUL25-130000-C,106000.16,sell,1.0,1.0,,,,,,,1751384761.031
2694,373977795,1751384761031,2,0.0011,0.00131665,40.61,BTC-25JUL25-130000-C,106000.16,sell,2.0,2.0,,,,,,,1751384761.031
2696,373977797,1751384761031,3,0.0011,0.00131665,40.61,BTC-25JUL25-130000-C,106000.16,sell,2.0,2.0,,,,,,,1751384761.031
2698,373977922,1751384921572,3,0.0011,0.0012856,40.59,BTC-25JUL25-130000-C,106014.7,sell,2.0,2.0,,,,,,,1751384921.572
2699,373977923,1751384921581,3,0.0011,0.0012856,40.59,BTC-25JUL25-130000-C,106014.7,buy,3.0,3.0,,,,,,,1751384921.581
2700,373977929,1751384932742,3,0.0011,0.00128272,40.58,BTC-25JUL25-130000-C,106010.95,buy,5.0,5.0,,,,,,,1751384932.742
2701,373977933,1751384970130,3,0.0011,0.00127059,40.59,BTC-25JUL25-130000-C,106011.2,buy,5.0,5.0,,,,,,,1751384970.13
2702,374005807,1751404713265,0,0.0013,0.00126257,42.04,BTC-25JUL25-130000-C,105934.06,buy,0.5,0.5,,,,,,,1751404713.265
2703,374005819,1751404725326,1,0.0013,0.00126676,42.02,BTC-25JUL25-130000-C,105949.13,buy,0.7,0.7,,,,,,,1751404725.326
2704,374007802,1751406493021,1,0.0013,0.00127902,42.27,BTC-25JUL25-130000-C,105789.21,sell,2.1,2.1,,,,,,,1751406493.021
2705,374034079,1751435124806,2,0.0012,0.0013408,40.72,BTC-25JUL25-130000-C,106604.71,sell,5.0,5.0,,,,,,,1751435124.806
2706,374034080,1751435124806,3,0.0012,0.0013408,40.72,BTC-25JUL25-130000-C,106604.71,sell,12.0,12.0,,,,,,,1751435124.806
2707,374034081,1751435124806,3,0.0012,0.0013408,40.72,BTC-25JUL25-130000-C,106604.71,sell,1.5,1.5,,,,,,,1751435124.806
2708,374034082,1751435124806,3,0.0012,0.0013408,40.72,BTC-25JUL25-130000-C,106604.71,sell,5.2,5.2,,,,,,,1751435124.806
2709,374034083,1751435124806,3,0.0012,0.0013408,40.72,BTC-25JUL25-130000-C,106604.71,sell,5.5,5.5,,,,,,,1751435124.806
2710,374034084,1751435124809,3,0.0012,0.0013408,40.72,BTC-25JUL25-130000-C,106604.71,buy,0.8,0.8,,,,,,,1751435124.809
2711,374036524,1751437084312,0,0.0014,0.00135595,41.47,BTC-25JUL25-130000-C,106819.11,buy,1.0,1.0,,,,,,,1751437084.312
2712,374038175,1751438855042,1,0.0014,0.00139786,41.27,BTC-25JUL25-130000-C,106958.23,buy,20.0,20.0,,,,,,,1751438855.042
2714,374045435,1751443458369,1,0.0015,0.00151836,41.01,BTC-25JUL25-130000-C,107433.25,buy,0.9,0.9,,,,,,,1751443458.369
2713,374045434,1751443458369,0,0.0015,0.00151836,41.01,BTC-25JUL25-130000-C,107433.25,buy,0.1,0.1,,,,,,,1751443458.369
2716,374053245,1751446856903,1,0.0015,0.00148201,40.4,BTC-25JUL25-130000-C,107802.22,buy,2.0,2.0,,,,,,,1751446856.903
2715,374053244,1751446856903,1,0.0015,0.00148201,40.4,BTC-25JUL25-130000-C,107802.22,buy,3.1,3.1,,,,,,,1751446856.903
2717,374056395,1751447814488,2,0.0014,0.00147049,40.15,BTC-25JUL25-130000-C,107634.77,sell,0.1,0.1,,,,,,,1751447814.488
2718,374057219,1751448414561,3,0.0014,0.00149584,40.07,BTC-25JUL25-130000-C,107700.09,sell,0.1,0.1,,,,,,,1751448414.561
2719,374058919,1751449702819,3,0.0014,0.0015151,40.07,BTC-25JUL25-130000-C,107710.91,sell,0.1,0.1,,,,,,,1751449702.819
2721,374062524,1751455511917,1,0.0016,0.00148671,40.98,BTC-25JUL25-130000-C,107785.54,buy,2.0,2.0,,,,,,,1751455511.917
2720,374062523,1751455511917,0,0.0016,0.00148671,40.98,BTC-25JUL25-130000-C,107785.54,buy,0.1,0.1,,,,,,,1751455511.917
2722,374062525,1751455511917,1,0.0016,0.00148671,40.98,BTC-25JUL25-130000-C,107785.54,buy,0.1,0.1,,,,,,,1751455511.917
2724,374077922,1751464840633,1,0.0016,0.00156486,40.95,BTC-25JUL25-130000-C,107885.64,buy,0.1,0.1,,,,,,,1751464840.633
2723,374077921,1751464840633,1,0.0016,0.00156486,40.95,BTC-25JUL25-130000-C,107885.64,buy,0.9,0.9,,,,,,,1751464840.633
2727,374078026,1751464897717,1,0.0017,0.00155037,41.51,BTC-25JUL25-130000-C,107833.43,buy,25.0,25.0,,,,,,,1751464897.717
2726,374078025,1751464897717,1,0.0017,0.00155037,41.51,BTC-25JUL25-130000-C,107833.43,buy,1.4,1.4,,,,,,,1751464897.717
2725,374078024,1751464897717,0,0.0017,0.00155037,41.51,BTC-25JUL25-130000-C,107833.43,buy,1.4,1.4,,,,,,,1751464897.717
2728,374078027,1751464897717,1,0.0017,0.00155037,41.51,BTC-25JUL25-130000-C,107833.43,buy,1.2,1.2,,,,,,,1751464897.717
2729,374078297,1751465002367,2,0.0015,0.00155146,40.56,BTC-25JUL25-130000-C,107837.62,buy,0.3,0.3,,,,,,,1751465002.367
2730,374080678,1751465791607,0,0.0017,0.00155337,41.51,BTC-25JUL25-130000-C,107811.28,buy,2.0,2.0,,,,,,,1751465791.607
2731,374092770,1751469006053,1,0.0017,0.00169907,40.57,BTC-25JUL25-130000-C,108369.07,buy,0.2,0.2,,,,,,,1751469006.053
2732,374095716,1751469597070,0,0.002,0.00186826,41.53,BTC-25JUL25-130000-C,108527.53,buy,12.0,12.0,,,,,,,1751469597.07
2733,374095717,1751469597070,1,0.002,0.00186826,41.53,BTC-25JUL25-130000-C,108527.53,buy,13.7,13.7,,,,,,,1751469597.07
2734,374114826,1751472525621,0,0.0021,0.00219581,40.59,BTC-25JUL25-130000-C,109291.13,buy,0.1,0.1,,,,,,,1751472525.621
2735,374114942,1751472526615,1,0.0021,0.00220524,40.5,BTC-25JUL25-130000-C,109325.1,buy,0.1,0.1,,,,,,,1751472526.615
2736,374115562,1751472540456,0,0.0022,0.00226713,40.55,BTC-25JUL25-130000-C,109507.43,buy,0.1,0.1,,,,,,,1751472540.456
2737,374115563,1751472540457,1,0.0022,0.00226713,40.55,BTC-25JUL25-130000-C,109507.43,buy,1.8,1.8,,,,,,,1751472540.457
2738,374115595,1751472540467,1,0.0022,0.00226713,40.55,BTC-25JUL25-130000-C,109507.43,buy,0.1,0.1,,,,,,,1751472540.467
2739,374121399,1751472861343,0,0.0025,0.00237452,41.83,BTC-25JUL25-130000-C,109403.34,buy,0.8,0.8,,,,,,,1751472861.343
2740,374121400,1751472861382,1,0.0025,0.00237452,41.83,BTC-25JUL25-130000-C,109403.34,buy,0.2,0.2,,,,,,,1751472861.382
2741,374121480,1751472869468,1,0.0025,0.00238159,41.82,BTC-25JUL25-130000-C,109418.69,buy,0.2,0.2,,,,,,,1751472869.468
2742,374121544,1751472874498,1,0.0025,0.0024002,41.77,BTC-25JUL25-130000-C,109432.51,buy,0.5,0.5,,,,,,,1751472874.498
2743,374121598,1751472874650,1,0.0025,0.0024002,41.77,BTC-25JUL25-130000-C,109432.51,buy,0.3,0.3,,,,,,,1751472874.65
2744,374142216,1751476243273,1,0.0025,0.00260838,41.83,BTC-25JUL25-130000-C,109438.95,sell,2.2,2.2,,,,,,,1751476243.273
2745,374142217,1751476243276,1,0.0025,0.00260838,41.83,BTC-25JUL25-130000-C,109438.95,buy,2.8,2.8,,,,,,,1751476243.276
2746,374142570,1751476367853,1,0.0025,0.00259986,41.82,BTC-25JUL25-130000-C,109448.98,buy,0.2,0.2,,,,,,,1751476367.853
2749,374143147,1751476754734,1,0.0025,0.00266618,41.62,BTC-25JUL25-130000-C,109568.7,sell,1.5,1.5,,,,,,,1751476754.734
2748,374143146,1751476754734,1,0.0025,0.00266618,41.62,BTC-25JUL25-130000-C,109568.7,sell,1.5,1.5,,,,,,,1751476754.734
2750,374143148,1751476754734,1,0.0025,0.00266618,41.62,BTC-25JUL25-130000-C,109568.7,sell,1.0,1.0,,,,,,,1751476754.734
2751,374143149,1751476754734,1,0.0025,0.00266618,41.62,BTC-25JUL25-130000-C,109568.7,sell,15.0,15.0,,,,,,,1751476754.734
2747,374143145,1751476754734,1,0.0025,0.00266618,41.62,BTC-25JUL25-130000-C,109568.7,sell,12.0,12.0,,,,,,,1751476754.734
2752,374143150,1751476754734,1,0.0025,0.00266618,41.62,BTC-25JUL25-130000-C,109568.7,sell,5.8,5.8,,,,,,,1751476754.734
2753,374143151,1751476754738,1,0.0025,0.00266618,41.62,BTC-25JUL25-130000-C,109568.7,buy,10.0,10.0,,,,,,,1751476754.738
2754,374143152,1751476754746,1,0.0025,0.00266618,41.62,BTC-25JUL25-130000-C,109568.7,buy,5.0,5.0,,,,,,,1751476754.746
2755,374143153,1751476754757,1,0.0025,0.00266618,41.62,BTC-25JUL25-130000-C,109568.7,buy,15.0,15.0,,,,,,,1751476754.757
2756,374143154,1751476754776,1,0.0025,0.00266618,41.62,BTC-25JUL25-130000-C,109568.7,buy,0.1,0.1,,,,,,,1751476754.776
2757,374143161,1751476755070,1,0.0025,0.00266618,41.62,BTC-25JUL25-130000-C,109568.7,buy,0.4,0.4,,,,,,,1751476755.07
2758,374143163,1751476755159,1,0.0025,0.00266618,41.62,BTC-25JUL25-130000-C,109568.7,buy,0.6,0.6,,,,,,,1751476755.159
2759,374143337,1751476865332,1,0.0025,0.00264431,41.5,BTC-25JUL25-130000-C,109631.56,buy,25.0,25.0,,,,,,,1751476865.332
2760,374143339,1751476871515,1,0.0025,0.00265289,41.47,BTC-25JUL25-130000-C,109642.5,buy,1.8,1.8,,,,,,,1751476871.515
2761,374143340,1751476873487,1,0.0025,0.00265267,41.48,BTC-25JUL25-130000-C,109640.64,buy,5.3,5.3,,,,,,,1751476873.487
2762,374152543,1751480323338,2,0.0022,0.00244755,41.17,BTC-25JUL25-130000-C,109261.24,sell,0.1,0.1,,,,,,,1751480323.338
2763,374153127,1751480863051,3,0.0022,0.00242405,40.96,BTC-25JUL25-130000-C,109383.48,sell,0.1,0.1,,,,,,,1751480863.051
2764,374157357,1751483854487,2,0.0021,0.00231065,40.42,BTC-25JUL25-130000-C,109491.41,sell,0.1,0.1,,,,,,,1751483854.487
2765,374157817,1751484454505,0,0.0022,0.00235603,40.62,BTC-25JUL25-130000-C,109602.02,sell,0.1,0.1,,,,,,,1751484454.505
2766,374162463,1751487196024,0,0.0024,0.00245181,41.41,BTC-25JUL25-130000-C,109558.89,buy,0.2,0.2,,,,,,,1751487196.024
2767,374168382,1751491043584,1,0.0024,0.00257015,41.83,BTC-25JUL25-130000-C,109329.04,sell,0.1,0.1,,,,,,,1751491043.584
2768,374169113,1751491643008,2,0.0023,0.00246882,41.54,BTC-25JUL25-130000-C,109327.82,sell,0.1,0.1,,,,,,,1751491643.008
2769,374172258,1751494637661,2,0.0022,0.00241663,41.23,BTC-25JUL25-130000-C,109292.96,sell,0.1,0.1,,,,,,,1751494637.661
2770,374172527,1751495237158,0,0.0023,0.00245446,41.51,BTC-25JUL25-130000-C,109331.06,sell,0.1,0.1,,,,,,,1751495237.158
2771,374175336,1751497937908,2,0.0022,0.00234393,41.56,BTC-25JUL25-130000-C,109154.04,buy,0.2,0.2,,,,,,,1751497937.908
2772,374178253,1751500862853,2,0.002,0.002144,41.21,BTC-25JUL25-130000-C,108941.65,sell,0.5,0.5,,,,,,,1751500862.853
2773,374178612,1751501552354,2,0.0019,0.00210177,40.76,BTC-25JUL25-130000-C,108977.01,sell,0.1,0.1,,,,,,,1751501552.354
2774,374178807,1751501911768,3,0.0019,0.00208779,40.75,BTC-25JUL25-130000-C,108976.29,sell,0.1,0.1,,,,,,,1751501911.768
2775,374179535,1751502451214,3,0.0019,0.00202775,41.05,BTC-25JUL25-130000-C,108816.78,sell,0.1,0.1,,,,,,,1751502451.214
2776,374181459,1751504874412,0,0.002,0.00204299,41.23,BTC-25JUL25-130000-C,108930.4,buy,0.2,0.2,,,,,,,1751504874.412
2777,374181903,1751505414436,1,0.002,0.00205329,41.14,BTC-25JUL25-130000-C,108987.85,buy,0.1,0.1,,,,,,,1751505414.436
2778,374184084,1751508133716,0,0.0021,0.00201134,41.67,BTC-25JUL25-130000-C,108886.4,buy,0.3,0.3,,,,,,,1751508133.716
2779,374192923,1751512395590,2,0.002,0.00203141,41.71,BTC-25JUL25-130000-C,108713.28,buy,0.3,0.3,,,,,,,1751512395.59
2780,374196908,1751515929944,3,0.002,0.00210022,41.54,BTC-25JUL25-130000-C,108815.5,sell,0.1,0.1,,,,,,,1751515929.944
2781,374197009,1751516230215,3,0.002,0.00210994,41.46,BTC-25JUL25-130000-C,108864.62,sell,0.1,0.1,,,,,,,1751516230.215
2782,374197399,1751516830271,3,0.002,0.00214127,41.17,BTC-25JUL25-130000-C,109017.99,sell,0.1,0.1,,,,,,,1751516830.271
2783,374199538,1751519565194,0,0.0021,0.0022925,41.45,BTC-25JUL25-130000-C,109129.01,sell,0.1,0.1,,,,,,,1751519565.194
2784,374200300,1751519865470,1,0.0021,0.00233257,41.26,BTC-25JUL25-130000-C,109235.91,sell,0.1,0.1,,,,,,,1751519865.47
2785,374200438,1751520129416,0,0.0022,0.00228541,41.79,BTC-25JUL25-130000-C,109152.15,buy,0.1,0.1,,,,,,,1751520129.416
2786,374202991,1751522771171,0,0.0023,0.00233258,41.8,BTC-25JUL25-130000-C,109344.73,buy,0.2,0.2,,,,,,,1751522771.171
2787,374207752,1751525521805,0,0.0025,0.00242763,42.05,BTC-25JUL25-130000-C,109571.89,buy,24.8,24.8,,,,,,,1751525521.805
2788,374209468,1751526597658,1,0.0025,0.00244321,42.54,BTC-25JUL25-130000-C,109354.83,buy,0.2,0.2,,,,,,,1751526597.658
2789,374215302,1751530662447,1,0.0025,0.00258719,42.26,BTC-25JUL25-130000-C,109506.61,sell,0.1,0.1,,,,,,,1751530662.447
2790,374217348,1751531262454,1,0.0025,0.00256363,42.19,BTC-25JUL25-130000-C,109554.65,sell,0.1,0.1,,,,,,,1751531262.454
2791,374218895,1751531950060,1,0.0025,0.00254261,42.2,BTC-25JUL25-130000-C,109554.61,sell,0.1,0.1,,,,,,,1751531950.06
2793,374228296,1751534857382,1,0.0026,0.00262921,41.74,BTC-25JUL25-130000-C,109994.26,buy,0.2,0.2,,,,,,,1751534857.382
2792,374228295,1751534857382,0,0.0026,0.00262921,41.74,BTC-25JUL25-130000-C,109994.26,buy,5.0,5.0,,,,,,,1751534857.382
2794,374228514,1751534888795,0,0.0027,0.00263914,42.06,BTC-25JUL25-130000-C,110002.86,buy,0.1,0.1,,,,,,,1751534888.795
2795,374228562,1751534895899,0,0.0028,0.00264921,42.39,BTC-25JUL25-130000-C,110001.97,buy,0.1,0.1,,,,,,,1751534895.899
2797,374232002,1751535691255,1,0.003,0.00279221,43.0,BTC-25JUL25-130000-C,110024.85,buy,3.8,3.8,,,,,,,1751535691.255
2796,374232001,1751535691255,0,0.003,0.00279221,43.0,BTC-25JUL25-130000-C,110024.85,buy,0.2,0.2,,,,,,,1751535691.255
2798,374233983,1751535862824,1,0.003,0.00290034,42.61,BTC-25JUL25-130000-C,110224.09,buy,0.2,0.2,,,,,,,1751535862.824
2799,374267969,1751546210540,2,0.0028,0.00269971,43.7,BTC-25JUL25-130000-C,109325.55,sell,1.0,1.0,,,,,,,1751546210.54
2800,374269455,1751546349029,2,0.0025,0.00258888,43.07,BTC-25JUL25-130000-C,109113.56,sell,0.9,0.9,,,,,,,1751546349.029
2801,374269456,1751546349036,3,0.0025,0.00258888,43.07,BTC-25JUL25-130000-C,109113.56,buy,0.1,0.1,,,,,,,1751546349.036
2802,374272969,1751547309002,2,0.0024,0.00250774,42.88,BTC-25JUL25-130000-C,109060.96,buy,0.1,0.1,,,,,,,1751547309.002
2803,374273074,1751547357283,3,0.0024,0.00254048,42.75,BTC-25JUL25-130000-C,109125.97,buy,0.1,0.1,,,,,,,1751547357.283
2804,374273641,1751547644129,0,0.0027,0.00255044,43.72,BTC-25JUL25-130000-C,109187.06,sell,0.1,0.1,,,,,,,1751547644.129
2805,374275323,1751548602407,2,0.0022,0.00251734,41.53,BTC-25JUL25-130000-C,109416.16,sell,0.1,0.1,,,,,,,1751548602.407
2806,374275351,1751548634706,0,0.0024,0.00250644,42.27,BTC-25JUL25-130000-C,109404.35,buy,0.1,0.1,,,,,,,1751548634.706
2807,374284016,1751550604808,0,0.003,0.00290337,42.48,BTC-25JUL25-130000-C,110372.58,buy,15.0,15.0,,,,,,,1751550604.808
2808,374285564,1751550701232,1,0.003,0.00284415,42.62,BTC-25JUL25-130000-C,110294.66,buy,15.0,15.0,,,,,,,1751550701.232
2809,374293736,1751552102811,2,0.0029,0.00278293,42.84,BTC-25JUL25-130000-C,110019.59,sell,5.0,5.0,,,,,,,1751552102.811
2810,374295009,1751552197119,0,0.003,0.00281255,43.11,BTC-25JUL25-130000-C,110059.1,buy,0.4,0.4,,,,,,,1751552197.119
2811,374296757,1751552902904,1,0.003,0.0027945,43.1,BTC-25JUL25-130000-C,110050.6,buy,0.3,0.3,,,,,,,1751552902.904
2812,374303440,1751555851361,2,0.0024,0.00256387,42.13,BTC-25JUL25-130000-C,109522.68,sell,0.1,0.1,,,,,,,1751555851.361
2813,374304547,1751556451295,3,0.0024,0.00258447,41.97,BTC-25JUL25-130000-C,109624.36,sell,0.1,0.1,,,,,,,1751556451.295
2814,374305868,1751556902667,3,0.0024,0.00246578,42.6,BTC-25JUL25-130000-C,109285.87,sell,1.7,1.7,,,,,,,1751556902.667
2815,374309302,1751559143975,2,0.002,0.00221193,41.04,BTC-25JUL25-130000-C,109322.98,sell,0.1,0.1,,,,,,,1751559143.975
2816,374309715,1751559503704,3,0.002,0.00212455,41.3,BTC-25JUL25-130000-C,109189.93,sell,0.1,0.1,,,,,,,1751559503.704
2817,374310640,1751560043743,3,0.002,0.00216131,41.15,BTC-25JUL25-130000-C,109248.22,sell,0.1,0.1,,,,,,,1751560043.743
2818,374314476,1751562713107,3,0.002,0.00214171,40.73,BTC-25JUL25-130000-C,109486.87,sell,0.1,0.1,,,,,,,1751562713.107
2819,374314963,1751563012441,3,0.002,0.002222,40.38,BTC-25JUL25-130000-C,109675.18,sell,0.1,0.1,,,,,,,1751563012.441
2820,374315112,1751563344674,0,0.0021,0.00212125,41.02,BTC-25JUL25-130000-C,109550.99,buy,0.1,0.1,,,,,,,1751563344.674
2821,374316242,1751565735750,0,0.0022,0.0021912,41.34,BTC-25JUL25-130000-C,109612.23,buy,0.3,0.3,,,,,,,1751565735.75
2822,374319730,1751569482167,0,0.0024,0.00244287,41.81,BTC-25JUL25-130000-C,109767.88,buy,0.2,0.2,,,,,,,1751569482.167
2823,374322985,1751572974687,1,0.0024,0.0024628,41.66,BTC-25JUL25-130000-C,109878.46,buy,0.2,0.2,,,,,,,1751572974.687
2824,374323880,1751574681856,0,0.0025,0.00241924,41.91,BTC-25JUL25-130000-C,109922.21,buy,1.0,1.0,,,,,,,1751574681.856
2825,374323881,1751574685339,1,0.0025,0.00241944,41.91,BTC-25JUL25-130000-C,109921.92,sell,0.7,0.7,,,,,,,1751574685.339
2826,374323882,1751574686391,1,0.0025,0.00241969,41.91,BTC-25JUL25-130000-C,109921.92,sell,0.3,0.3,,,,,,,1751574686.391
2827,374323883,1751574690435,1,0.0025,0.00241914,41.91,BTC-25JUL25-130000-C,109924.79,sell,1.0,1.0,,,,,,,1751574690.435
2828,374323964,1751574795450,0,0.0026,0.00241477,42.29,BTC-25JUL25-130000-C,109909.97,buy,1.0,1.0,,,,,,,1751574795.45
2829,374323965,1751574795450,1,0.0026,0.00241477,42.29,BTC-25JUL25-130000-C,109909.97,buy,3.0,3.0,,,,,,,1751574795.45
2830,374324059,1751575001505,2,0.0025,0.00242813,41.95,BTC-25JUL25-130000-C,109904.69,sell,1.7,1.7,,,,,,,1751575001.505
2831,374324225,1751575204641,3,0.0025,0.00242939,41.9,BTC-25JUL25-130000-C,109932.41,buy,2.3,2.3,,,,,,,1751575204.641
2832,374324226,1751575204647,3,0.0025,0.00242939,41.9,BTC-25JUL25-130000-C,109932.41,sell,4.6,4.6,,,,,,,1751575204.647
2833,374324228,1751575209347,3,0.0025,0.00243319,41.9,BTC-25JUL25-130000-C,109931.82,sell,0.1,0.1,,,,,,,1751575209.347
2834,374324230,1751575216424,0,0.0026,0.00243271,42.25,BTC-25JUL25-130000-C,109930.93,buy,0.4,0.4,,,,,,,1751575216.424
2835,374324246,1751575270386,1,0.0026,0.00244388,42.21,BTC-25JUL25-130000-C,109949.29,buy,1.1,1.1,,,,,,,1751575270.386
2840,374324273,1751575325318,1,0.0026,0.00244275,42.22,BTC-25JUL25-130000-C,109953.48,buy,7.4,7.4,,,,,,,1751575325.318
2837,374324270,1751575325318,1,0.0026,0.00244275,42.22,BTC-25JUL25-130000-C,109953.48,buy,1.6,1.6,,,,,,,1751575325.318
2839,374324272,1751575325318,1,0.0026,0.00244275,42.22,BTC-25JUL25-130000-C,109953.48,buy,1.5,1.5,,,,,,,1751575325.318
2836,374324269,1751575325318,1,0.0026,0.00244275,42.22,BTC-25JUL25-130000-C,109953.48,buy,7.5,7.5,,,,,,,1751575325.318
2838,374324271,1751575325318,1,0.0026,0.00244275,42.22,BTC-25JUL25-130000-C,109953.48,buy,1.2,1.2,,,,,,,1751575325.318
2841,374324274,1751575325328,1,0.0026,0.00244275,42.22,BTC-25JUL25-130000-C,109953.48,sell,2.4,2.4,,,,,,,1751575325.328
2844,374324315,1751575342473,1,0.0027,0.0024454,42.56,BTC-25JUL25-130000-C,109950.91,buy,23.6,23.6,,,,,,,1751575342.473
2842,374324313,1751575342473,0,0.0027,0.0024454,42.56,BTC-25JUL25-130000-C,109950.91,buy,1.4,1.4,,,,,,,1751575342.473
2843,374324314,1751575342473,1,0.0027,0.0024454,42.56,BTC-25JUL25-130000-C,109950.91,buy,15.0,15.0,,,,,,,1751575342.473
2846,374324321,1751575342590,1,0.0027,0.0024454,42.56,BTC-25JUL25-130000-C,109950.91,buy,11.5,11.5,,,,,,,1751575342.59
2845,374324320,1751575342590,1,0.0027,0.0024454,42.56,BTC-25JUL25-130000-C,109950.91,buy,1.4,1.4,,,,,,,1751575342.59
2847,374324322,1751575342590,1,0.0027,0.0024454,42.56,BTC-25JUL25-130000-C,109950.91,buy,2.1,2.1,,,,,,,1751575342.59
2848,374324327,1751575354485,0,0.0028,0.00244784,42.89,BTC-25JUL25-130000-C,109951.13,buy,9.4,9.4,,,,,,,1751575354.485
2850,374324391,1751575505362,1,0.0028,0.00248652,42.89,BTC-25JUL25-130000-C,109949.01,buy,4.0,4.0,,,,,,,1751575505.362
2849,374324390,1751575505362,1,0.0028,0.00248652,42.89,BTC-25JUL25-130000-C,109949.01,buy,2.6,2.6,,,,,,,1751575505.362
2851,374324392,1751575505362,1,0.0028,0.00248652,42.89,BTC-25JUL25-130000-C,109949.01,buy,15.0,15.0,,,,,,,1751575505.362
2852,374324401,1751575505659,1,0.0028,0.00248652,42.89,BTC-25JUL25-130000-C,109949.01,sell,0.3,0.3,,,,,,,1751575505.659
2853,374324405,1751575518512,0,0.0029,0.00250692,43.22,BTC-25JUL25-130000-C,109949.02,buy,13.1,13.1,,,,,,,1751575518.512
2854,374331336,1751581249636,2,0.0028,0.00271032,43.55,BTC-25JUL25-130000-C,109748.99,sell,0.1,0.1,,,,,,,1751581249.636
2855,374331339,1751581259669,3,0.0028,0.00271375,43.55,BTC-25JUL25-130000-C,109741.88,sell,0.1,0.1,,,,,,,1751581259.669
2856,374331344,1751581281724,3,0.0028,0.00270798,43.57,BTC-25JUL25-130000-C,109730.35,sell,0.1,0.1,,,,,,,1751581281.724
2857,374337557,1751588051652,2,0.0023,0.00246805,42.1,BTC-25JUL25-130000-C,109647.4,sell,0.1,0.1,,,,,,,1751588051.652
2858,374337744,1751588232907,3,0.0023,0.00244354,42.17,BTC-25JUL25-130000-C,109611.19,sell,0.1,0.1,,,,,,,1751588232.907
2859,374339262,1751588831668,3,0.0023,0.00244233,42.21,BTC-25JUL25-130000-C,109582.78,sell,0.1,0.1,,,,,,,1751588831.668
2860,374344491,1751591514049,3,0.0023,0.00245177,42.23,BTC-25JUL25-130000-C,109607.14,sell,0.1,0.1,,,,,,,1751591514.049
2861,374345048,1751591814060,3,0.0023,0.00245987,42.15,BTC-25JUL25-130000-C,109656.21,sell,0.1,0.1,,,,,,,1751591814.06
2862,374345054,1751591834033,0,0.0024,0.00245953,42.51,BTC-25JUL25-130000-C,109657.52,buy,0.1,0.1,,,,,,,1751591834.033
2863,374355352,1751596001836,2,0.0023,0.00238211,42.7,BTC-25JUL25-130000-C,109391.14,sell,0.1,0.1,,,,,,,1751596001.836
2864,374355456,1751596302253,3,0.0023,0.00237223,42.73,BTC-25JUL25-130000-C,109388.67,sell,0.1,0.1,,,,,,,1751596302.253
2865,374357320,1751596901662,3,0.0023,0.00234773,42.95,BTC-25JUL25-130000-C,109257.97,sell,0.1,0.1,,,,,,,1751596901.662
2866,374366367,1751599610851,3,0.0023,0.00238866,42.73,BTC-25JUL25-130000-C,109375.88,sell,0.1,0.1,,,,,,,1751599610.851
2867,374366974,1751600210874,3,0.0023,0.00236009,42.81,BTC-25JUL25-130000-C,109348.9,sell,0.1,0.1,,,,,,,1751600210.874
2868,374370084,1751601583034,3,0.0023,0.0022959,42.93,BTC-25JUL25-130000-C,109283.39,sell,1.0,1.0,,,,,,,1751601583.034
2869,374370426,1751601767479,0,0.0024,0.00228357,43.3,BTC-25JUL25-130000-C,109284.24,buy,1.5,1.5,,,,,,,1751601767.479
2870,374370457,1751601958597,2,0.0022,0.00227396,42.53,BTC-25JUL25-130000-C,109286.99,buy,0.2,0.2,,,,,,,1751601958.597
2871,374375536,1751606365563,2,0.002,0.00219288,42.06,BTC-25JUL25-130000-C,109158.02,sell,0.1,0.1,,,,,,,1751606365.563
2872,374376103,1751606905425,3,0.002,0.00216753,42.24,BTC-25JUL25-130000-C,109043.87,sell,0.1,0.1,,,,,,,1751606905.425
2873,374377635,1751607460473,0,0.0022,0.00223465,42.73,BTC-25JUL25-130000-C,109229.83,sell,100.0,100.0,3.0,BLOCK-208628,,,7788.0,,1751607460.473
2874,374377763,1751607563754,1,0.0022,0.00223238,42.75,BTC-25JUL25-130000-C,109222.55,sell,100.0,100.0,3.0,BLOCK-208630,,,7789.0,,1751607563.754
2875,374383530,1751610020084,1,0.0022,0.00222704,43.23,BTC-25JUL25-130000-C,108920.13,sell,0.1,0.1,,,,,,,1751610020.084
2876,374384685,1751610620144,1,0.0022,0.00221343,43.2,BTC-25JUL25-130000-C,108952.57,sell,0.1,0.1,,,,,,,1751610620.144
2877,374384868,1751610712730,1,0.0022,0.00223662,43.09,BTC-25JUL25-130000-C,109008.8,sell,0.8,0.8,,,,,,,1751610712.73
2878,374389567,1751613496412,2,0.0019,0.00196783,42.07,BTC-25JUL25-130000-C,108905.96,buy,0.1,0.1,,,,,,,1751613496.412
2879,374391033,1751614048845,2,0.0018,0.00197328,41.72,BTC-25JUL25-130000-C,108851.28,sell,0.1,0.1,,,,,,,1751614048.845
2880,374397499,1751616881843,2,0.0017,0.0018449,41.77,BTC-25JUL25-130000-C,108624.84,sell,1.6,1.6,,,,,,,1751616881.843
2881,374397500,1751616881845,3,0.0017,0.0018449,41.77,BTC-25JUL25-130000-C,108624.84,buy,0.7,0.7,,,,,,,1751616881.845
2882,374397501,1751616881848,3,0.0017,0.0018449,41.77,BTC-25JUL25-130000-C,108624.84,buy,0.7,0.7,,,,,,,1751616881.848
2883,374397557,1751616914250,0,0.0018,0.00183846,42.23,BTC-25JUL25-130000-C,108613.76,buy,0.2,0.2,,,,,,,1751616914.25
2884,374398392,1751616985770,2,0.0017,0.00185518,41.69,BTC-25JUL25-130000-C,108671.06,buy,3.0,3.0,,,,,,,1751616985.77
2885,374398588,1751617116720,0,0.002,0.00185726,42.98,BTC-25JUL25-130000-C,108686.16,buy,2.0,2.0,,,,,,,1751617116.72
2886,374403213,1751620031181,2,0.0017,0.0018069,41.42,BTC-25JUL25-130000-C,108882.15,buy,0.2,0.2,,,,,,,1751620031.181
2887,374407303,1751624248295,2,0.0016,0.0016685,40.76,BTC-25JUL25-130000-C,109029.28,sell,0.1,0.1,,,,,,,1751624248.295
2888,374407656,1751624848017,2,0.0015,0.00164394,40.36,BTC-25JUL25-130000-C,108983.14,sell,0.1,0.1,,,,,,,1751624848.017
2890,374409169,1751627186162,0,0.0018,0.00161799,41.68,BTC-25JUL25-130000-C,109045.08,buy,18.0,18.0,,,,,,,1751627186.162
2889,374409168,1751627186162,0,0.0017,0.00161799,41.23,BTC-25JUL25-130000-C,109045.08,buy,2.0,2.0,,,,,,,1751627186.162
2891,374411477,1751630520636,2,0.0014,0.00155108,39.99,BTC-25JUL25-130000-C,108959.12,sell,0.1,0.1,,,,,,,1751630520.636
2892,374412307,1751631485672,3,0.0014,0.00152867,40.08,BTC-25JUL25-130000-C,108911.37,sell,0.1,0.1,,,,,,,1751631485.672
2893,374412701,1751632085105,3,0.0014,0.00152795,40.17,BTC-25JUL25-130000-C,108858.29,sell,0.1,0.1,,,,,,,1751632085.105
2894,374462972,1751664103662,2,0.0013,0.00140631,41.87,BTC-25JUL25-130000-C,107764.33,sell,11.7,11.7,,,,,,,1751664103.662
2895,374462973,1751664103662,3,0.0013,0.00140631,41.87,BTC-25JUL25-130000-C,107764.33,sell,7.9,7.9,,,,,,,1751664103.662
2896,374462974,1751664103665,3,0.0013,0.00140631,41.87,BTC-25JUL25-130000-C,107764.33,buy,5.4,5.4,,,,,,,1751664103.665
2897,374464196,1751666148286,3,0.0013,0.00126566,41.57,BTC-25JUL25-130000-C,107948.72,buy,15.0,15.0,,,,,,,1751666148.286
2898,374466200,1751667639204,3,0.0013,0.0012733,41.28,BTC-25JUL25-130000-C,108131.95,buy,10.0,10.0,,,,,,,1751667639.204
2899,374490026,1751716907539,2,0.0012,0.0012647,41.44,BTC-25JUL25-130000-C,108102.27,sell,11.0,11.0,,,,,,,1751716907.539
2900,374490027,1751716907539,3,0.0012,0.0012647,41.44,BTC-25JUL25-130000-C,108102.27,sell,1.0,1.0,,,,,,,1751716907.539
2901,374492526,1751722992366,2,0.0011,0.00112709,40.76,BTC-25JUL25-130000-C,108179.33,sell,0.1,0.1,,,,,,,1751722992.366
2902,374499152,1751746126072,3,0.0011,0.00105916,41.24,BTC-25JUL25-130000-C,108084.1,sell,0.2,0.2,,,,,,,1751746126.072
2904,374510228,1751788298926,3,0.0011,0.00100953,41.74,BTC-25JUL25-130000-C,108096.33,buy,18.7,18.7,,,,,,,1751788298.926
2903,374510227,1751788298926,3,0.0011,0.00100953,41.74,BTC-25JUL25-130000-C,108096.33,buy,0.3,0.3,,,,,,,1751788298.926
2905,374514962,1751798673795,3,0.0011,0.00100946,41.91,BTC-25JUL25-130000-C,108061.55,buy,0.1,0.1,,,,,,,1751798673.795
2907,374515565,1751801320889,3,0.0011,0.00100743,42.02,BTC-25JUL25-130000-C,108017.07,buy,0.5,0.5,,,,,,,1751801320.889
2906,374515564,1751801320889,3,0.0011,0.00100743,42.02,BTC-25JUL25-130000-C,108017.07,buy,0.2,0.2,,,,,,,1751801320.889
2908,374515566,1751801320895,3,0.0011,0.0010074,42.02,BTC-25JUL25-130000-C,108017.09,sell,10.3,10.3,,,,,,,1751801320.895
2909,374515959,1751803753291,2,0.001,0.00101817,41.29,BTC-25JUL25-130000-C,108089.51,sell,0.1,0.1,,,,,,,1751803753.291
2910,374515961,1751803768275,2,0.0009,0.00101621,40.59,BTC-25JUL25-130000-C,108089.38,sell,1.0,1.0,,,,,,,1751803768.275
2912,374515963,1751803784292,3,0.0008,0.00101174,39.84,BTC-25JUL25-130000-C,108089.21,sell,1.0,1.0,,,,,,,1751803784.292
2911,374515962,1751803784292,2,0.0008,0.00101174,39.84,BTC-25JUL25-130000-C,108089.21,sell,1.0,1.0,,,,,,,1751803784.292
2913,374515964,1751803784299,3,0.0008,0.00101174,39.84,BTC-25JUL25-130000-C,108089.21,buy,26.9,26.9,,,,,,,1751803784.299
2914,374554051,1751837928232,0,0.0013,0.00112345,41.37,BTC-25JUL25-130000-C,109269.44,sell,0.1,0.1,,,,,,,1751837928.232
2915,374571447,1751853958521,2,0.001,0.001231,39.69,BTC-25JUL25-130000-C,109270.83,sell,0.1,0.1,,,,,,,1751853958.521
2916,374576603,1751858751441,0,0.0016,0.0013602,42.7,BTC-25JUL25-130000-C,109505.23,buy,0.1,0.1,,,,,,,1751858751.441
2917,374576616,1751858755136,1,0.0016,0.00136135,42.7,BTC-25JUL25-130000-C,109506.04,buy,1.0,1.0,,,,,,,1751858755.136
2918,374578799,1751861013653,2,0.0013,0.00139231,41.25,BTC-25JUL25-130000-C,109462.2,buy,0.3,0.3,,,,,,,1751861013.653
2919,374580661,1751864706509,3,0.0013,0.00139598,41.79,BTC-25JUL25-130000-C,109189.36,buy,0.3,0.3,,,,,,,1751864706.509
2920,374590351,1751879185697,0,0.0015,0.001365,43.59,BTC-25JUL25-130000-C,108895.06,buy,3.0,3.0,,,,,,,1751879185.697
2921,374590352,1751879187178,1,0.0015,0.0013652,43.59,BTC-25JUL25-130000-C,108895.06,buy,3.0,3.0,,,,,,,1751879187.178
2922,374590353,1751879189108,1,0.0015,0.00136527,43.59,BTC-25JUL25-130000-C,108895.06,buy,3.0,3.0,,,,,,,1751879189.108
2923,374590355,1751879207404,2,0.0014,0.00136265,43.07,BTC-25JUL25-130000-C,108885.42,buy,0.3,0.3,,,,,,,1751879207.404
2924,374591048,1751880268556,2,0.0013,0.00139274,42.55,BTC-25JUL25-130000-C,108863.16,sell,0.1,0.1,,,,,,,1751880268.556
2925,374591061,1751880294241,3,0.0013,0.00139074,42.56,BTC-25JUL25-130000-C,108851.18,sell,0.1,0.1,,,,,,,1751880294.241
2926,374615738,1751903836654,2,0.001,0.00110223,42.12,BTC-25JUL25-130000-C,108299.63,sell,4.9,4.9,,,,,,,1751903836.654
2927,374615739,1751903836657,3,0.001,0.00110223,42.12,BTC-25JUL25-130000-C,108299.63,buy,15.0,15.0,,,,,,,1751903836.657
2928,374615740,1751903836660,3,0.001,0.00110223,42.12,BTC-25JUL25-130000-C,108299.63,buy,9.8,9.8,,,,,,,1751903836.66
2929,374615741,1751903836663,3,0.001,0.00110223,42.12,BTC-25JUL25-130000-C,108299.63,buy,5.0,5.0,,,,,,,1751903836.663
2930,374615742,1751903836672,3,0.001,0.00110223,42.12,BTC-25JUL25-130000-C,108299.63,buy,0.1,0.1,,,,,,,1751903836.672
2931,374615744,1751903837369,3,0.001,0.00110223,42.12,BTC-25JUL25-130000-C,108299.63,buy,15.0,15.0,,,,,,,1751903837.369
2932,374615747,1751903838782,3,0.001,0.00110187,42.12,BTC-25JUL25-130000-C,108300.51,buy,15.0,15.0,,,,,,,1751903838.782
2933,374615748,1751903838860,3,0.001,0.00110187,42.12,BTC-25JUL25-130000-C,108300.51,buy,15.0,15.0,,,,,,,1751903838.86
2934,374615749,1751903838908,3,0.001,0.00110187,42.12,BTC-25JUL25-130000-C,108300.51,buy,15.0,15.0,,,,,,,1751903838.908
2935,374615750,1751903839372,3,0.001,0.00110187,42.12,BTC-25JUL25-130000-C,108300.51,buy,5.2,5.2,,,,,,,1751903839.372
2936,374618865,1751905806195,3,0.001,0.00103352,42.37,BTC-25JUL25-130000-C,108183.17,buy,65.3,65.3,,,,,,,1751905806.195
2937,374622498,1751907786639,2,0.0009,0.0009737,42.17,BTC-25JUL25-130000-C,107881.94,sell,5.0,5.0,,,,,,,1751907786.639
2938,374624225,1751908496328,2,0.0008,0.00081812,41.14,BTC-25JUL25-130000-C,108029.58,buy,9.0,9.0,,,,,,,1751908496.328
2939,374627689,1751910950517,3,0.0008,0.00078993,41.36,BTC-25JUL25-130000-C,107923.65,sell,0.3,0.3,,,,,,,1751910950.517
2940,374627690,1751910950522,3,0.0008,0.00078993,41.36,BTC-25JUL25-130000-C,107923.65,buy,64.7,64.7,,,,,,,1751910950.522
2941,374644909,1751926713877,0,0.001,0.00089763,42.84,BTC-25JUL25-130000-C,108098.24,buy,1.0,1.0,,,,,,,1751926713.877
2942,374674156,1751962599124,1,0.001,0.00093765,42.75,BTC-25JUL25-130000-C,108456.9,sell,0.1,0.1,,,,,,,1751962599.124
2943,374677394,1751969488907,2,0.0009,0.00101158,42.02,BTC-25JUL25-130000-C,108490.93,sell,0.7,0.7,,,,,,,1751969488.907
2944,374677395,1751969488914,3,0.0009,0.00101158,42.02,BTC-25JUL25-130000-C,108490.93,buy,0.3,0.3,,,,,,,1751969488.914
2945,374700434,1751987117337,3,0.0009,0.00100759,42.21,BTC-25JUL25-130000-C,108471.72,sell,1.0,1.0,,,,,,,1751987117.337
2946,374700440,1751987140309,3,0.0009,0.00100723,42.21,BTC-25JUL25-130000-C,108477.05,sell,0.5,0.5,,,,,,,1751987140.309
2947,374700502,1751987150535,3,0.0009,0.00101177,42.13,BTC-25JUL25-130000-C,108518.01,sell,0.4,0.4,,,,,,,1751987150.535
2948,374700503,1751987150542,3,0.0009,0.00101177,42.13,BTC-25JUL25-130000-C,108518.01,buy,0.1,0.1,,,,,,,1751987150.542
2949,374742062,1752037365552,3,0.0009,0.00080888,42.77,BTC-25JUL25-130000-C,108596.57,sell,0.1,0.1,,,,,,,1752037365.552
2950,374748411,1752047368144,2,0.0008,0.00084135,41.9,BTC-25JUL25-130000-C,108753.18,buy,13.5,13.5,,,,,,,1752047368.144
2951,374753696,1752057598410,0,0.001,0.00096249,43.3,BTC-25JUL25-130000-C,108867.4,buy,0.1,0.1,,,,,,,1752057598.41
2952,374753697,1752057598410,1,0.001,0.00096249,43.3,BTC-25JUL25-130000-C,108867.4,buy,0.1,0.1,,,,,,,1752057598.41
2953,374756144,1752061520336,0,0.0012,0.00104875,44.28,BTC-25JUL25-130000-C,109082.81,buy,0.1,0.1,,,,,,,1752061520.336
2954,374758356,1752063033198,2,0.0011,0.00109995,43.2,BTC-25JUL25-130000-C,109319.73,buy,1.0,1.0,,,,,,,1752063033.198
2955,374758653,1752063052025,3,0.0011,0.00109939,43.17,BTC-25JUL25-130000-C,109337.87,buy,3.0,3.0,,,,,,,1752063052.025
2956,374758685,1752063070944,3,0.0011,0.00109523,43.17,BTC-25JUL25-130000-C,109345.95,buy,1.0,1.0,,,,,,,1752063070.944
2957,374758686,1752063076071,3,0.0011,0.00109535,43.17,BTC-25JUL25-130000-C,109352.42,buy,1.0,1.0,,,,,,,1752063076.071
2958,374758688,1752063081465,3,0.0011,0.00109322,43.17,BTC-25JUL25-130000-C,109348.26,buy,3.0,3.0,,,,,,,1752063081.465
2959,374758735,1752063093731,3,0.0011,0.00109176,43.17,BTC-25JUL25-130000-C,109351.39,buy,1.0,1.0,,,,,,,1752063093.731
2960,374796892,1752089089314,2,0.001,0.00098078,41.22,BTC-25JUL25-130000-C,110220.56,buy,10.0,10.0,,,,,,,1752089089.314
2961,374801270,1752089834609,0,0.0012,0.00108053,42.1,BTC-25JUL25-130000-C,110471.06,sell,1.0,1.0,,,,,,,1752089834.609
2962,374802206,1752089838418,1,0.0012,0.00111018,41.64,BTC-25JUL25-130000-C,110737.18,sell,1.0,1.0,,,,,,,1752089838.418
2963,374811252,1752090350521,0,0.0014,0.00139787,41.32,BTC-25JUL25-130000-C,111446.98,buy,0.1,0.1,,,,,,,1752090350.521
2964,374813377,1752090560402,0,0.0015,0.00148283,41.38,BTC-25JUL25-130000-C,111651.78,buy,2.0,2.0,,,,,,,1752090560.402
2965,374813658,1752090599131,1,0.0015,0.00145782,41.52,BTC-25JUL25-130000-C,111589.4,buy,8.0,8.0,,,,,,,1752090599.131
2966,374814158,1752090675219,0,0.0019,0.00159406,43.33,BTC-25JUL25-130000-C,111649.87,buy,1.3,1.3,,,,,,,1752090675.219
2967,374814159,1752090675219,1,0.0019,0.00159406,43.33,BTC-25JUL25-130000-C,111649.87,buy,0.5,0.5,,,,,,,1752090675.219
2968,374818178,1752091042377,1,0.0019,0.00181125,43.04,BTC-25JUL25-130000-C,111762.55,sell,0.1,0.1,,,,,,,1752091042.377
2970,374823469,1752091713836,3,0.0015,0.0016825,42.04,BTC-25JUL25-130000-C,111368.56,sell,1.8,1.8,,,,,,,1752091713.836
2969,374823468,1752091713836,2,0.0015,0.0016825,42.04,BTC-25JUL25-130000-C,111368.56,sell,2.0,2.0,,,,,,,1752091713.836
2971,374825353,1752092002968,2,0.0012,0.0014598,40.58,BTC-25JUL25-130000-C,111241.61,sell,0.3,0.3,,,,,,,1752092002.968
2972,374847676,1752100025319,0,0.0015,0.0013552,42.4,BTC-25JUL25-130000-C,111181.09,buy,0.1,0.1,,,,,,,1752100025.319
2973,374853641,1752101218544,2,0.0012,0.00136115,40.3,BTC-25JUL25-130000-C,111405.61,sell,5.0,5.0,,,,,,,1752101218.544
2975,374873028,1752113550013,0,0.0017,0.00138528,43.11,BTC-25JUL25-130000-C,111437.13,buy,0.7,0.7,,,,,,,1752113550.013
2974,374873027,1752113550013,0,0.0016,0.00138528,42.61,BTC-25JUL25-130000-C,111437.13,buy,0.3,0.3,,,,,,,1752113550.013
2976,374879203,1752120788654,2,0.0013,0.00131043,42.09,BTC-25JUL25-130000-C,111011.76,sell,0.1,0.1,,,,,,,1752120788.654
2977,374887276,1752128847221,0,0.0014,0.00133361,42.16,BTC-25JUL25-130000-C,111336.17,buy,15.0,15.0,,,,,,,1752128847.221
2978,374895112,1752135407549,0,0.0015,0.0014376,42.75,BTC-25JUL25-130000-C,111293.56,buy,100.0,100.0,,,,,,,1752135407.549
2979,374897411,1752137877471,2,0.0014,0.00143619,42.34,BTC-25JUL25-130000-C,111283.15,sell,5.0,5.0,,,,,,,1752137877.471
2980,374897477,1752137971668,0,0.0015,0.00143691,42.89,BTC-25JUL25-130000-C,111282.41,buy,0.1,0.1,,,,,,,1752137971.668
2981,374899553,1752141864805,2,0.0014,0.0013826,42.82,BTC-25JUL25-130000-C,111055.49,buy,3.0,3.0,,,,,,,1752141864.805
2982,374899908,1752142468198,3,0.0014,0.00134674,42.9,BTC-25JUL25-130000-C,111040.28,buy,7.0,7.0,,,,,,,1752142468.198
2983,374904521,1752147300600,2,0.0013,0.00139221,42.25,BTC-25JUL25-130000-C,111146.04,sell,20.0,20.0,,,,,,,1752147300.6
2984,374933792,1752164041603,3,0.0013,0.00127249,41.76,BTC-25JUL25-130000-C,111550.06,buy,20.0,20.0,,,,,,,1752164041.603
2985,374933824,1752164057696,3,0.0013,0.00127698,41.75,BTC-25JUL25-130000-C,111550.27,sell,2.0,2.0,,,,,,,1752164057.696
2986,374933825,1752164057696,2,0.0012,0.00127698,41.16,BTC-25JUL25-130000-C,111550.27,sell,6.0,6.0,,,,,,,1752164057.696
2987,374933826,1752164057696,3,0.0012,0.00127698,41.16,BTC-25JUL25-130000-C,111550.27,sell,11.7,11.7,,,,,,,1752164057.696
2988,374933827,1752164057702,3,0.0012,0.00127698,41.16,BTC-25JUL25-130000-C,111550.27,buy,1.4,1.4,,,,,,,1752164057.702
2989,374933828,1752164057703,3,0.0012,0.00127698,41.16,BTC-25JUL25-130000-C,111550.27,buy,0.1,0.1,,,,,,,1752164057.703
2990,374933829,1752164057711,3,0.0012,0.00127698,41.16,BTC-25JUL25-130000-C,111550.27,buy,4.8,4.8,,,,,,,1752164057.711
2991,374933830,1752164057723,3,0.0012,0.00127698,41.16,BTC-25JUL25-130000-C,111550.27,buy,20.3,20.3,,,,,,,1752164057.723
2992,374935708,1752164462432,3,0.0012,0.00123647,40.52,BTC-25JUL25-130000-C,111864.2,buy,7.7,7.7,,,,,,,1752164462.432
2993,374935735,1752164466727,3,0.0012,0.00124734,40.46,BTC-25JUL25-130000-C,111881.7,buy,25.0,25.0,,,,,,,1752164466.727
2994,374935738,1752164469011,3,0.0012,0.0012488,40.46,BTC-25JUL25-130000-C,111884.07,buy,5.0,5.0,,,,,,,1752164469.011
2995,374935809,1752164472830,3,0.0012,0.00124886,40.45,BTC-25JUL25-130000-C,111888.16,buy,16.0,16.0,,,,,,,1752164472.83
2996,374939677,1752164841827,0,0.0015,0.00148742,40.84,BTC-25JUL25-130000-C,112530.51,buy,5.0,5.0,,,,,,,1752164841.827
2997,374939678,1752164842602,1,0.0015,0.00148439,40.84,BTC-25JUL25-130000-C,112531.73,buy,5.0,5.0,,,,,,,1752164842.602
2998,374939794,1752164874155,0,0.0017,0.00149374,41.82,BTC-25JUL25-130000-C,112542.71,buy,0.1,0.1,,,,,,,1752164874.155
2999,374948120,1752166436559,0,0.0019,0.00179337,42.73,BTC-25JUL25-130000-C,112589.35,buy,0.1,0.1,,,,,,,1752166436.559
3000,374948121,1752166436559,1,0.0019,0.00179337,42.73,BTC-25JUL25-130000-C,112589.35,buy,1.0,1.0,,,,,,,1752166436.559
3001,374948150,1752166441580,1,0.0019,0.00180347,42.68,BTC-25JUL25-130000-C,112611.18,buy,1.0,1.0,,,,,,,1752166441.58
3002,374948156,1752166445990,1,0.0019,0.00181557,42.64,BTC-25JUL25-130000-C,112630.15,buy,1.0,1.0,,,,,,,1752166445.99
3003,374948160,1752166448457,1,0.0019,0.0018174,42.64,BTC-25JUL25-130000-C,112628.17,buy,1.0,1.0,,,,,,,1752166448.457
3004,374951470,1752167136213,1,0.0019,0.00189725,42.14,BTC-25JUL25-130000-C,112907.99,buy,0.1,0.1,,,,,,,1752167136.213
3005,374956252,1752167406337,0,0.0021,0.00206528,42.21,BTC-25JUL25-130000-C,113292.03,buy,0.2,0.2,,,,,,,1752167406.337
3006,374975524,1752171619887,2,0.002,0.00199412,41.13,BTC-25JUL25-130000-C,113581.5,buy,0.1,0.1,,,,,,,1752171619.887
3007,374975525,1752171620571,2,0.0016,0.00199412,39.31,BTC-25JUL25-130000-C,113581.5,sell,1000.0,1000.0,1.0,BLOCK-209648,,,,,1752171620.571
3008,374975533,1752171632349,0,0.0021,0.00199868,41.53,BTC-25JUL25-130000-C,113589.48,buy,1.0,1.0,,,,,,,1752171632.349
3009,374975534,1752171632349,1,0.0021,0.00199868,41.53,BTC-25JUL25-130000-C,113589.48,buy,0.9,0.9,,,,,,,1752171632.349
3010,374986295,1752175985940,2,0.0017,0.00173526,40.65,BTC-25JUL25-130000-C,113270.04,sell,1.0,1.0,,,,,,,1752175985.94
3011,374986306,1752175999401,3,0.0017,0.00174195,40.62,BTC-25JUL25-130000-C,113279.87,sell,1.0,1.0,,,,,,,1752175999.401
3012,374990405,1752177596353,0,0.0018,0.00166306,40.88,BTC-25JUL25-130000-C,113406.87,buy,0.1,0.1,,,374990403,BTC-CS-25JUL25-120000_130000,,,1752177596.353
3013,375014696,1752182391635,0,0.0031,0.00318015,38.07,BTC-25JUL25-130000-C,116626.06,buy,6.5,6.5,,,,,,,1752182391.635
3014,375014698,1752182391639,1,0.0031,0.00318015,38.07,BTC-25JUL25-130000-C,116626.06,sell,1.5,1.5,,,,,,,1752182391.639
3015,375014699,1752182391641,1,0.0031,0.00318015,38.07,BTC-25JUL25-130000-C,116626.06,sell,8.0,8.0,,,,,,,1752182391.641
3016,375015123,1752182396014,2,0.003,0.0030429,38.19,BTC-25JUL25-130000-C,116449.19,buy,6.5,6.5,,,,,,,1752182396.014
3017,375015561,1752182402323,3,0.003,0.00290702,38.59,BTC-25JUL25-130000-C,116307.51,buy,3.8,3.8,,,,,,,1752182402.323
3018,375015567,1752182402333,3,0.003,0.00290702,38.59,BTC-25JUL25-130000-C,116307.51,buy,2.8,2.8,,,,,,,1752182402.333
3019,375020925,1752182550414,2,0.0027,0.00243993,39.25,BTC-25JUL25-130000-C,115725.55,buy,0.1,0.1,,,,,,,1752182550.414
3020,375031170,1752182876924,0,0.0028,0.00257059,39.54,BTC-25JUL25-130000-C,115869.46,sell,0.1,0.1,,,,,,,1752182876.924
3021,375042597,1752183584269,0,0.003,0.00312135,39.22,BTC-25JUL25-130000-C,116315.23,buy,0.1,0.1,,,,,,,1752183584.269
3022,375045211,1752183728278,1,0.003,0.0030328,39.2,BTC-25JUL25-130000-C,116329.5,sell,0.1,0.1,,,,,,,1752183728.278
3023,375051316,1752184153443,0,0.0033,0.00314186,39.94,BTC-25JUL25-130000-C,116396.87,buy,0.1,0.1,,,,,,,1752184153.443
3024,375058617,1752185065536,1,0.0033,0.00309537,40.5,BTC-25JUL25-130000-C,116193.03,buy,0.1,0.1,,,,,,,1752185065.536
3025,375058618,1752185065536,0,0.0034,0.00309537,40.8,BTC-25JUL25-130000-C,116193.03,buy,0.4,0.4,,,,,,,1752185065.536
3026,375062100,1752185516008,2,0.0032,0.00324256,40.02,BTC-25JUL25-130000-C,116213.0,sell,1.0,1.0,,,,,,,1752185516.008
3027,375063657,1752185618913,3,0.0032,0.00315481,40.24,BTC-25JUL25-130000-C,116087.53,buy,0.1,0.1,,,,,,,1752185618.913
3028,375063658,1752185618916,3,0.0032,0.00315481,40.24,BTC-25JUL25-130000-C,116087.53,sell,9.9,9.9,,,,,,,1752185618.916
3029,375070989,1752187765802,2,0.0028,0.00277059,38.96,BTC-25JUL25-130000-C,116118.87,buy,0.1,0.1,,,,,,,1752187765.802
3030,375071031,1752187778805,3,0.0028,0.002764,38.98,BTC-25JUL25-130000-C,116109.93,sell,9.9,9.9,,,,,,,1752187778.805
3031,375071119,1752187827668,2,0.0022,0.0027601,36.88,BTC-25JUL25-130000-C,116104.43,sell,1000.0,1000.0,7.0,BLOCK-209739,,,,,1752187827.668
3032,375075932,1752189844412,0,0.0026,0.00252558,38.99,BTC-25JUL25-130000-C,115826.95,sell,1.0,1.0,,,375075930,BTC-RR-25JUL25-108000_130000,,,1752189844.412
3033,375076008,1752189887058,1,0.0026,0.00254301,38.93,BTC-25JUL25-130000-C,115850.74,buy,0.1,0.1,,,,,,,1752189887.058
3034,375076009,1752189887065,1,0.0026,0.00254301,38.93,BTC-25JUL25-130000-C,115850.74,sell,0.2,0.2,,,,,,,1752189887.065
3035,375076010,1752189890988,1,0.0026,0.00254373,38.92,BTC-25JUL25-130000-C,115854.31,sell,0.7,0.7,,,,,,,1752189890.988
3036,375080310,1752192060273,2,0.0023,0.00244779,37.44,BTC-25JUL25-130000-C,116032.06,sell,0.3,0.3,,,,,,,1752192060.273
3037,375085658,1752193659443,2,0.002,0.00196163,37.96,BTC-25JUL25-130000-C,115273.63,buy,0.1,0.1,,,,,,,1752193659.443
3038,375086469,1752194040913,0,0.0021,0.00208787,37.84,BTC-25JUL25-130000-C,115509.86,buy,0.1,0.1,,,,,,,1752194040.913
3039,375094521,1752197825368,0,0.0023,0.00222676,37.73,BTC-25JUL25-130000-C,115916.61,buy,0.1,0.1,,,,,,,1752197825.368
3040,375096429,1752198564034,0,0.0024,0.00236608,37.79,BTC-25JUL25-130000-C,116060.44,buy,0.1,0.1,,,,,,,1752198564.034
3041,375097298,1752198902328,2,0.0023,0.00227985,37.76,BTC-25JUL25-130000-C,115905.26,buy,0.1,0.1,,,,,,,1752198902.328
3042,375106062,1752201002082,0,0.0025,0.00246069,37.62,BTC-25JUL25-130000-C,116294.67,buy,0.1,0.1,,,,,,,1752201002.082
3043,375113245,1752203176791,0,0.0027,0.00265965,37.81,BTC-25JUL25-130000-C,116561.98,buy,0.1,0.1,,,,,,,1752203176.791
3044,375113968,1752203528721,1,0.0027,0.00263221,37.93,BTC-25JUL25-130000-C,116513.49,buy,0.1,0.1,,,,,,,1752203528.721
3045,375114808,1752204109486,1,0.0027,0.00270395,37.74,BTC-25JUL25-130000-C,116612.93,buy,0.1,0.1,,,,,,,1752204109.486
3046,375119111,1752205868763,0,0.0028,0.00281229,37.78,BTC-25JUL25-130000-C,116727.98,buy,0.1,0.1,,,,,,,1752205868.763
3047,375119813,1752206168800,0,0.0029,0.00293821,37.55,BTC-25JUL25-130000-C,116947.12,buy,0.1,0.1,,,,,,,1752206168.8
3048,375120434,1752206468833,1,0.0029,0.00282453,37.93,BTC-25JUL25-130000-C,116793.65,buy,0.1,0.1,,,,,,,1752206468.833
3049,375120890,1752206768860,1,0.0029,0.00279222,38.13,BTC-25JUL25-130000-C,116700.61,buy,0.1,0.1,,,,,,,1752206768.86
3050,375121193,1752207068881,1,0.0029,0.00278086,38.24,BTC-25JUL25-130000-C,116660.93,buy,0.1,0.1,,,,,,,1752207068.881
3051,375124941,1752209346356,2,0.0028,0.00286855,37.49,BTC-25JUL25-130000-C,116851.44,buy,0.1,0.1,,,,,,,1752209346.356
3052,375127399,1752210494258,0,0.003,0.00304006,37.32,BTC-25JUL25-130000-C,117168.39,buy,0.1,0.1,,,,,,,1752210494.258
3053,375127424,1752210496831,1,0.003,0.00304413,37.29,BTC-25JUL25-130000-C,117182.84,sell,2.0,2.0,,,,,,,1752210496.831
3054,375127653,1752210518130,0,0.0031,0.00308084,37.47,BTC-25JUL25-130000-C,117243.41,buy,9.0,9.0,,,,,,T,1752210518.13
3055,375129377,1752210786500,1,0.0031,0.00302915,37.41,BTC-25JUL25-130000-C,117289.57,buy,0.2,0.2,,,,,,,1752210786.5
3056,375129421,1752210796625,1,0.0031,0.00299982,37.5,BTC-25JUL25-130000-C,117252.31,buy,0.1,0.1,,,,,,,1752210796.625
3057,375138079,1752211620905,0,0.0032,0.00322717,37.25,BTC-25JUL25-130000-C,117400.81,buy,0.1,0.1,,,,,,,1752211620.905
3058,375142664,1752211920992,0,0.0033,0.00318508,37.27,BTC-25JUL25-130000-C,117536.28,buy,0.1,0.1,,,,,,,1752211920.992
3059,375147966,1752212260298,0,0.0036,0.00347549,37.48,BTC-25JUL25-130000-C,117801.86,buy,0.1,0.1,,,,,,,1752212260.298
3060,375149780,1752212560444,2,0.0035,0.00349574,37.2,BTC-25JUL25-130000-C,117822.88,buy,0.1,0.1,,,,,,,1752212560.444
3061,375149829,1752212583891,3,0.0035,0.00352598,37.09,BTC-25JUL25-130000-C,117852.73,sell,0.3,0.3,,,,,,,1752212583.891
3063,375150874,1752212666880,1,0.0038,0.00357674,37.7,BTC-25JUL25-130000-C,117946.84,buy,8.0,8.0,,,,,,,1752212666.88
3062,375150873,1752212666880,0,0.0038,0.00357674,37.7,BTC-25JUL25-130000-C,117946.84,buy,2.0,2.0,,,,,,,1752212666.88
3066,375150880,1752212668877,1,0.0038,0.00358454,37.69,BTC-25JUL25-130000-C,117951.31,buy,1.0,1.0,,,,,,,1752212668.877
3067,375150881,1752212668877,1,0.0038,0.00358454,37.69,BTC-25JUL25-130000-C,117951.31,buy,0.3,0.3,,,,,,,1752212668.877
3064,375150878,1752212668877,1,0.0038,0.00358454,37.69,BTC-25JUL25-130000-C,117951.31,buy,6.3,6.3,,,,,,,1752212668.877
3065,375150879,1752212668877,1,0.0038,0.00358454,37.69,BTC-25JUL25-130000-C,117951.31,buy,1.4,1.4,,,,,,,1752212668.877
3068,375150882,1752212668880,1,0.0038,0.00358454,37.69,BTC-25JUL25-130000-C,117951.31,sell,0.4,0.4,,,,,,,1752212668.88
3069,375150883,1752212669123,1,0.0038,0.00358454,37.69,BTC-25JUL25-130000-C,117951.31,sell,0.1,0.1,,,,,,,1752212669.123
3070,375150884,1752212669148,1,0.0038,0.00358454,37.69,BTC-25JUL25-130000-C,117951.31,sell,0.5,0.5,,,,,,,1752212669.148
3071,375157262,1752212905124,0,0.004,0.00405492,37.08,BTC-25JUL25-130000-C,118408.96,buy,0.1,0.1,,,,,,,1752212905.124
3072,375157263,1752212905137,1,0.004,0.00405492,37.08,BTC-25JUL25-130000-C,118408.96,buy,0.1,0.1,,,,,,,1752212905.137
3073,375157281,1752212910994,1,0.004,0.00409785,37.01,BTC-25JUL25-130000-C,118428.57,buy,0.1,0.1,,,,,,,1752212910.994
3074,375157954,1752212945868,0,0.0041,0.00397089,37.67,BTC-25JUL25-130000-C,118282.04,buy,0.9,0.9,,,,,,,1752212945.868
3075,375159246,1752213022400,2,0.004,0.00392258,37.66,BTC-25JUL25-130000-C,118165.24,buy,0.1,0.1,,,,,,,1752213022.4
3076,375161149,1752213121854,0,0.0041,0.00405257,37.53,BTC-25JUL25-130000-C,118332.59,buy,0.1,0.1,,,,,,,1752213121.854
3077,375163859,1752213323871,0,0.0042,0.00401235,38.19,BTC-25JUL25-130000-C,118188.45,buy,0.1,0.1,,,,,,,1752213323.871
3078,375174643,1752214048113,0,0.0043,0.00425267,38.11,BTC-25JUL25-130000-C,118327.04,buy,0.1,0.1,,,,,,,1752214048.113
3079,375176917,1752214353519,2,0.0039,0.0039159,37.83,BTC-25JUL25-130000-C,118032.84,sell,0.3,0.3,,,,,,,1752214353.519
3081,375177387,1752214395176,3,0.0039,0.00403342,37.66,BTC-25JUL25-130000-C,118092.03,sell,4.6,4.6,,,,,,,1752214395.176
3082,375177388,1752214395176,3,0.0039,0.00403342,37.66,BTC-25JUL25-130000-C,118092.03,sell,1.4,1.4,,,,,,,1752214395.176
3080,375177386,1752214395176,3,0.0039,0.00403342,37.66,BTC-25JUL25-130000-C,118092.03,sell,1.0,1.0,,,,,,,1752214395.176
3083,375178176,1752214448655,0,0.0041,0.00397645,38.35,BTC-25JUL25-130000-C,118015.05,buy,0.1,0.1,,,,,,,1752214448.655
3084,375179439,1752214581171,2,0.0038,0.00396226,37.6,BTC-25JUL25-130000-C,118029.95,sell,0.2,0.2,,,,,,,1752214581.171
3085,375179440,1752214582616,3,0.0038,0.00396566,37.59,BTC-25JUL25-130000-C,118029.15,sell,0.2,0.2,,,,,,,1752214582.616
3086,375179441,1752214584093,3,0.0038,0.00396666,37.59,BTC-25JUL25-130000-C,118029.43,sell,0.2,0.2,,,,,,,1752214584.093
3088,375179450,1752214585524,2,0.0037,0.00396504,37.32,BTC-25JUL25-130000-C,118027.32,sell,1.1,1.1,,,,,,,1752214585.524
3087,375179449,1752214585524,3,0.0038,0.00396504,37.59,BTC-25JUL25-130000-C,118027.32,sell,0.3,0.3,,,,,,,1752214585.524
3089,375179462,1752214586984,3,0.0037,0.0039634,37.33,BTC-25JUL25-130000-C,118024.09,sell,0.2,0.2,,,,,,,1752214586.984
3090,375179465,1752214588422,3,0.0037,0.00396193,37.32,BTC-25JUL25-130000-C,118029.55,sell,0.2,0.2,,,,,,,1752214588.422
3091,375179466,1752214589864,3,0.0037,0.00396592,37.29,BTC-25JUL25-130000-C,118035.61,sell,0.2,0.2,,,,,,,1752214589.864
3092,375179467,1752214591303,3,0.0037,0.00397532,37.29,BTC-25JUL25-130000-C,118037.79,sell,0.2,0.2,,,,,,,1752214591.303
3093,375179486,1752214592740,3,0.0037,0.00397304,37.33,BTC-25JUL25-130000-C,118024.26,sell,0.4,0.4,,,,,,,1752214592.74
3094,375180283,1752214797042,0,0.0038,0.00406045,37.31,BTC-25JUL25-130000-C,118154.52,sell,0.3,0.3,,,,,,,1752214797.042
3095,375180284,1752214797119,0,0.0041,0.00406045,38.11,BTC-25JUL25-130000-C,118154.52,buy,0.1,0.1,,,,,,,1752214797.119
3096,375180285,1752214798562,2,0.0038,0.00405588,37.32,BTC-25JUL25-130000-C,118153.51,sell,0.3,0.3,,,,,,,1752214798.562
3097,375180313,1752214799993,3,0.0038,0.00406124,37.26,BTC-25JUL25-130000-C,118174.83,sell,0.1,0.1,,,,,,,1752214799.993
3098,375180322,1752214801468,3,0.0038,0.00406179,37.23,BTC-25JUL25-130000-C,118187.33,sell,0.1,0.1,,,,,,,1752214801.468
3099,375180323,1752214803146,0,0.0039,0.0040878,37.49,BTC-25JUL25-130000-C,118189.86,sell,0.2,0.2,,,,,,,1752214803.146
3100,375180324,1752214804650,1,0.0039,0.00409032,37.49,BTC-25JUL25-130000-C,118189.39,sell,0.1,0.1,,,,,,,1752214804.65
3101,375180325,1752214806109,2,0.0038,0.0040896,37.22,BTC-25JUL25-130000-C,118190.04,sell,0.1,0.1,,,,,,,1752214806.109
3102,375180326,1752214806990,3,0.0038,0.00409073,37.22,BTC-25JUL25-130000-C,118190.95,sell,6.0,6.0,,,,,,,1752214806.99
3103,375180327,1752214807560,3,0.0038,0.00409073,37.22,BTC-25JUL25-130000-C,118190.95,sell,0.1,0.1,,,,,,,1752214807.56
3104,375180329,1752214808993,3,0.0038,0.00409119,37.22,BTC-25JUL25-130000-C,118191.4,sell,0.1,0.1,,,,,,,1752214808.993
3105,375180331,1752214810450,3,0.0038,0.00409045,37.22,BTC-25JUL25-130000-C,118191.18,sell,0.1,0.1,,,,,,,1752214810.45
3106,375180335,1752214811885,3,0.0038,0.00409152,37.22,BTC-25JUL25-130000-C,118191.0,sell,0.1,0.1,,,,,,,1752214811.885
3107,375180336,1752214813316,3,0.0038,0.00409141,37.22,BTC-25JUL25-130000-C,118192.74,sell,0.2,0.2,,,,,,,1752214813.316
3108,375180337,1752214814785,3,0.0038,0.00409111,37.21,BTC-25JUL25-130000-C,118191.66,sell,0.1,0.1,,,,,,,1752214814.785
3109,375180338,1752214816222,3,0.0038,0.00409145,37.22,BTC-25JUL25-130000-C,118193.51,sell,0.1,0.1,,,,,,,1752214816.222
3110,375180339,1752214817655,3,0.0038,0.00409181,37.21,BTC-25JUL25-130000-C,118192.12,sell,0.3,0.3,,,,,,,1752214817.655
3111,375180340,1752214819125,3,0.0038,0.00409123,37.21,BTC-25JUL25-130000-C,118194.09,sell,0.1,0.1,,,,,,,1752214819.125
3112,375180348,1752214820566,3,0.0038,0.00409176,37.21,BTC-25JUL25-130000-C,118195.38,sell,0.1,0.1,,,,,,,1752214820.566
3113,375180349,1752214822001,3,0.0038,0.00409391,37.21,BTC-25JUL25-130000-C,118195.13,sell,0.1,0.1,,,,,,,1752214822.001
3114,375180357,1752214823434,3,0.0038,0.00409306,37.21,BTC-25JUL25-130000-C,118195.63,sell,0.4,0.4,,,,,,,1752214823.434
3115,375180359,1752214824870,3,0.0038,0.00409379,37.21,BTC-25JUL25-130000-C,118197.46,sell,0.4,0.4,,,,,,,1752214824.87
3116,375180364,1752214826302,3,0.0038,0.00409368,37.2,BTC-25JUL25-130000-C,118198.69,sell,0.2,0.2,,,,,,,1752214826.302
3117,375180382,1752214827744,3,0.0038,0.00409541,37.19,BTC-25JUL25-130000-C,118200.96,sell,0.1,0.1,,,,,,,1752214827.744
3118,375180384,1752214829181,3,0.0038,0.00409877,37.19,BTC-25JUL25-130000-C,118202.37,sell,0.2,0.2,,,,,,,1752214829.181
3119,375180385,1752214830639,3,0.0038,0.00410046,37.19,BTC-25JUL25-130000-C,118203.13,sell,0.1,0.1,,,,,,,1752214830.639
3120,375180388,1752214832088,3,0.0038,0.00410097,37.19,BTC-25JUL25-130000-C,118201.84,sell,0.3,0.3,,,,,,,1752214832.088
3121,375180411,1752214833532,3,0.0038,0.00409939,37.19,BTC-25JUL25-130000-C,118202.86,sell,0.1,0.1,,,,,,,1752214833.532
3122,375180521,1752214834985,3,0.0038,0.00410045,37.17,BTC-25JUL25-130000-C,118207.89,sell,0.1,0.1,,,,,,,1752214834.985
3123,375180526,1752214836423,3,0.0038,0.00410561,37.18,BTC-25JUL25-130000-C,118195.44,sell,0.1,0.1,,,,,,,1752214836.423
3124,375180531,1752214837854,3,0.0038,0.00409239,37.21,BTC-25JUL25-130000-C,118193.92,sell,0.1,0.1,,,,,,,1752214837.854
3125,375180532,1752214839285,3,0.0038,0.00409103,37.21,BTC-25JUL25-130000-C,118193.46,sell,0.1,0.1,,,,,,,1752214839.285
3126,375180536,1752214840729,3,0.0038,0.00409084,37.21,BTC-25JUL25-130000-C,118194.29,sell,0.1,0.1,,,,,,,1752214840.729
3127,375180562,1752214842187,3,0.0038,0.00409125,37.21,BTC-25JUL25-130000-C,118193.33,sell,0.1,0.1,,,,,,,1752214842.187
3128,375180564,1752214843728,3,0.0038,0.00409204,37.21,BTC-25JUL25-130000-C,118189.78,sell,0.1,0.1,,,,,,,1752214843.728
3129,375180566,1752214845176,3,0.0038,0.00408684,37.23,BTC-25JUL25-130000-C,118185.61,sell,0.1,0.1,,,,,,,1752214845.176
3130,375180567,1752214846612,3,0.0038,0.00408206,37.21,BTC-25JUL25-130000-C,118194.81,sell,0.1,0.1,,,,,,,1752214846.612
3131,375180568,1752214848045,3,0.0038,0.00409281,37.18,BTC-25JUL25-130000-C,118212.22,sell,0.1,0.1,,,,,,,1752214848.045
3132,375180569,1752214849503,3,0.0038,0.00410262,37.16,BTC-25JUL25-130000-C,118212.6,sell,0.1,0.1,,,,,,,1752214849.503
3133,375180584,1752214850944,3,0.0038,0.00410979,37.16,BTC-25JUL25-130000-C,118214.46,sell,0.1,0.1,,,,,,,1752214850.944
3134,375180588,1752214852373,3,0.0038,0.00411041,37.14,BTC-25JUL25-130000-C,118219.4,sell,0.3,0.3,,,,,,,1752214852.373
3135,375180589,1752214853819,3,0.0038,0.00411228,37.12,BTC-25JUL25-130000-C,118226.9,sell,0.2,0.2,,,,,,,1752214853.819
3136,375182514,1752215326366,0,0.004,0.00403802,37.86,BTC-25JUL25-130000-C,118156.34,sell,1.0,1.0,,,,,,,1752215326.366
3137,375182633,1752215365312,0,0.0041,0.00407125,37.98,BTC-25JUL25-130000-C,118205.61,buy,0.1,0.1,,,,,,,1752215365.312
3139,375184741,1752215797987,1,0.0045,0.00412577,39.19,BTC-25JUL25-130000-C,118128.43,buy,1.4,1.4,,,,,,,1752215797.987
3138,375184740,1752215797987,0,0.0045,0.00412577,39.19,BTC-25JUL25-130000-C,118128.43,buy,0.1,0.1,,,,,,,1752215797.987
3140,375185343,1752215944618,0,0.0046,0.00432042,39.57,BTC-25JUL25-130000-C,118082.65,buy,0.7,0.7,,,,,,,1752215944.618
3141,375185345,1752215949656,1,0.0046,0.00433628,39.57,BTC-25JUL25-130000-C,118084.28,buy,1.1,1.1,,,,,,,1752215949.656
3143,375185958,1752216179913,1,0.0049,0.00442498,40.47,BTC-25JUL25-130000-C,118006.16,buy,1.4,1.4,,,,,,,1752216179.913
3142,375185957,1752216179913,0,0.0049,0.00442498,40.47,BTC-25JUL25-130000-C,118006.16,buy,1.2,1.2,,,,,,,1752216179.913
3144,375185959,1752216179913,1,0.0049,0.00442498,40.47,BTC-25JUL25-130000-C,118006.16,buy,7.4,7.4,,,,,,,1752216179.913
3145,375186785,1752216323650,2,0.0046,0.00452069,39.72,BTC-25JUL25-130000-C,118021.6,sell,4.1,4.1,,,,,,,1752216323.65
3146,375190057,1752216892069,0,0.0047,0.00466321,40.67,BTC-25JUL25-130000-C,117762.77,sell,0.1,0.1,,,,,,,1752216892.069
3147,375190114,1752216931874,1,0.0047,0.00468751,40.64,BTC-25JUL25-130000-C,117777.74,sell,0.1,0.1,,,,,,,1752216931.874
3148,375190528,1752217040035,1,0.0047,0.00469506,40.76,BTC-25JUL25-130000-C,117693.23,sell,3.9,3.9,,,,,,,1752217040.035
3149,375193227,1752217779444,1,0.0047,0.0045908,41.25,BTC-25JUL25-130000-C,117508.08,buy,0.1,0.1,,,,,,,1752217779.444
3150,375194136,1752218047964,1,0.0047,0.0046291,41.23,BTC-25JUL25-130000-C,117549.51,buy,0.1,0.1,,,,,,,1752218047.964
3151,375194236,1752218108326,1,0.0047,0.00458146,41.35,BTC-25JUL25-130000-C,117512.02,buy,1.0,1.0,,,,,,,1752218108.326
3152,375194237,1752218108464,1,0.0047,0.00458146,41.35,BTC-25JUL25-130000-C,117512.02,buy,0.1,0.1,,,,,,,1752218108.464
3153,375194239,1752218109854,1,0.0047,0.00458325,41.34,BTC-25JUL25-130000-C,117516.05,buy,0.1,0.1,,,,,,,1752218109.854
3154,375194240,1752218111425,1,0.0047,0.00458771,41.33,BTC-25JUL25-130000-C,117528.12,buy,0.1,0.1,,,,,,,1752218111.425
3155,375194261,1752218128343,1,0.0047,0.00461373,41.27,BTC-25JUL25-130000-C,117537.19,buy,0.8,0.8,,,,,,,1752218128.343
3156,375194265,1752218128481,1,0.0047,0.00461373,41.27,BTC-25JUL25-130000-C,117537.19,buy,0.2,0.2,,,,,,,1752218128.481
3157,375194439,1752218184428,2,0.0045,0.00467716,40.59,BTC-25JUL25-130000-C,117597.92,sell,4.4,4.4,,,,,,,1752218184.428
3159,375194487,1752218200386,3,0.0044,0.0046568,40.37,BTC-25JUL25-130000-C,117583.5,sell,8.1,8.1,,,,,,,1752218200.386
3158,375194486,1752218200386,2,0.0044,0.0046568,40.37,BTC-25JUL25-130000-C,117583.5,sell,2.0,2.0,,,,,,,1752218200.386
3160,375194492,1752218202420,3,0.0044,0.00465715,40.36,BTC-25JUL25-130000-C,117591.99,buy,5.5,5.5,,,,,,,1752218202.42
3161,375195373,1752218608141,0,0.0045,0.0046148,40.31,BTC-25JUL25-130000-C,117699.18,buy,0.3,0.3,,,,,,,1752218608.141
3162,375195743,1752218737639,0,0.0047,0.00467845,40.57,BTC-25JUL25-130000-C,117787.95,buy,0.3,0.3,,,,,,,1752218737.639
3163,375195751,1752218739649,1,0.0047,0.00468093,40.55,BTC-25JUL25-130000-C,117797.86,buy,0.1,0.1,,,,,,,1752218739.649
3164,375195761,1752218739764,1,0.0047,0.00468093,40.55,BTC-25JUL25-130000-C,117797.86,buy,0.7,0.7,,,,,,,1752218739.764
3165,375195762,1752218741092,1,0.0047,0.00470061,40.5,BTC-25JUL25-130000-C,117817.65,buy,0.2,0.2,,,,,,,1752218741.092
3166,375195765,1752218745081,1,0.0047,0.00474378,40.45,BTC-25JUL25-130000-C,117836.02,buy,0.3,0.3,,,,,,,1752218745.081
3167,375195772,1752218748310,1,0.0047,0.00474759,40.44,BTC-25JUL25-130000-C,117840.64,buy,0.1,0.1,,,,,,,1752218748.31
3168,375195789,1752218757870,1,0.0047,0.00475292,40.42,BTC-25JUL25-130000-C,117847.42,buy,0.2,0.2,,,,,,,1752218757.87
3169,375195790,1752218757890,1,0.0047,0.00475292,40.42,BTC-25JUL25-130000-C,117847.42,buy,0.1,0.1,,,,,,,1752218757.89
3170,375195791,1752218757922,1,0.0047,0.00475292,40.42,BTC-25JUL25-130000-C,117847.42,buy,0.4,0.4,,,,,,,1752218757.922
3171,375195804,1752218760240,1,0.0047,0.00475618,40.42,BTC-25JUL25-130000-C,117849.65,buy,0.1,0.1,,,,,,,1752218760.24
3173,375195806,1752218760249,1,0.0047,0.00475618,40.42,BTC-25JUL25-130000-C,117849.65,buy,0.2,0.2,,,,,,,1752218760.249
3172,375195805,1752218760249,1,0.0047,0.00475618,40.42,BTC-25JUL25-130000-C,117849.65,buy,0.1,0.1,,,,,,,1752218760.249
3174,375198315,1752219244939,0,0.0048,0.00482584,40.49,BTC-25JUL25-130000-C,117935.7,buy,0.4,0.4,,,,,,,1752219244.939
3175,375198774,1752219327846,0,0.0049,0.00480937,40.83,BTC-25JUL25-130000-C,117889.78,buy,0.4,0.4,,,,,,,1752219327.846
3176,375199563,1752219445034,0,0.005,0.00495625,40.83,BTC-25JUL25-130000-C,117968.12,buy,0.1,0.1,,,,,,,1752219445.034
3177,375206219,1752220499636,1,0.005,0.00505462,41.28,BTC-25JUL25-130000-C,117783.3,sell,9.8,9.8,,,,,,,1752220499.636
3179,375206221,1752220499636,1,0.005,0.00505462,41.28,BTC-25JUL25-130000-C,117783.3,sell,4.1,4.1,,,,,,,1752220499.636
3180,375206222,1752220499636,1,0.005,0.00505462,41.28,BTC-25JUL25-130000-C,117783.3,sell,0.8,0.8,,,,,,,1752220499.636
3178,375206220,1752220499636,1,0.005,0.00505462,41.28,BTC-25JUL25-130000-C,117783.3,sell,0.1,0.1,,,,,,,1752220499.636
3181,375206223,1752220499638,1,0.005,0.00505462,41.28,BTC-25JUL25-130000-C,117783.3,buy,0.2,0.2,,,,,,,1752220499.638
3182,375206409,1752220528869,1,0.005,0.00504604,41.36,BTC-25JUL25-130000-C,117749.9,sell,1.0,1.0,,,,,,,1752220528.869
3183,375206607,1752220540624,1,0.005,0.00502636,41.41,BTC-25JUL25-130000-C,117727.53,buy,3.0,3.0,,,,,,,1752220540.624
3184,375207834,1752220655888,1,0.005,0.00501952,41.52,BTC-25JUL25-130000-C,117670.29,buy,1.0,1.0,,,,,,,1752220655.888
3185,375209870,1752220899933,1,0.005,0.00507065,41.58,BTC-25JUL25-130000-C,117665.07,sell,1.0,1.0,,,,,,,1752220899.933
3186,375210792,1752221000089,0,0.0055,0.00512444,42.69,BTC-25JUL25-130000-C,117700.28,buy,0.2,0.2,,,,,,,1752221000.089
3187,375210793,1752221000089,1,0.0055,0.00512444,42.69,BTC-25JUL25-130000-C,117700.28,buy,0.8,0.8,,,,,,,1752221000.089
3188,375212157,1752221330802,2,0.005,0.00522379,41.26,BTC-25JUL25-130000-C,117802.76,buy,8.0,8.0,,,,,,,1752221330.802
3189,375212167,1752221333862,3,0.005,0.00522228,41.27,BTC-25JUL25-130000-C,117799.41,buy,8.0,8.0,,,,,,,1752221333.862
3190,375212169,1752221336431,3,0.005,0.00521834,41.27,BTC-25JUL25-130000-C,117802.2,buy,1.0,1.0,,,,,,,1752221336.431
3193,375212509,1752221486336,3,0.0047,0.00503124,40.71,BTC-25JUL25-130000-C,117725.93,sell,4.4,4.4,,,,,,,1752221486.336
3192,375212508,1752221486336,3,0.0047,0.00503124,40.71,BTC-25JUL25-130000-C,117725.93,sell,0.1,0.1,,,,,,,1752221486.336
3194,375212510,1752221486336,3,0.0047,0.00503124,40.71,BTC-25JUL25-130000-C,117725.93,sell,1.1,1.1,,,,,,,1752221486.336
3191,375212507,1752221486336,2,0.0047,0.00503124,40.71,BTC-25JUL25-130000-C,117725.93,sell,3.7,3.7,,,,,,,1752221486.336
3195,375212511,1752221486342,3,0.0047,0.00503124,40.71,BTC-25JUL25-130000-C,117725.93,buy,0.7,0.7,,,,,,,1752221486.342
3196,375212543,1752221509227,3,0.0047,0.00503133,40.66,BTC-25JUL25-130000-C,117750.25,buy,0.3,0.3,,,,,,,1752221509.227
3197,375212544,1752221509233,3,0.0047,0.00503133,40.66,BTC-25JUL25-130000-C,117750.25,buy,0.3,0.3,,,,,,,1752221509.233
3198,375212611,1752221519272,3,0.0047,0.00506369,40.56,BTC-25JUL25-130000-C,117781.43,buy,0.3,0.3,,,,,,,1752221519.272
3199,375213258,1752221836417,3,0.0047,0.00485694,40.34,BTC-25JUL25-130000-C,117880.83,buy,0.1,0.1,,,,,,,1752221836.417
3200,375213259,1752221836436,3,0.0047,0.00485694,40.34,BTC-25JUL25-130000-C,117880.83,buy,1.1,1.1,,,,,,,1752221836.436
3201,375213323,1752221888600,3,0.0047,0.00486681,40.2,BTC-25JUL25-130000-C,117941.01,buy,0.1,0.1,,,,,,,1752221888.6
3202,375213324,1752221888603,3,0.0047,0.00486681,40.2,BTC-25JUL25-130000-C,117941.01,buy,1.1,1.1,,,,,,,1752221888.603
3203,375213844,1752222071874,3,0.0047,0.00474539,40.22,BTC-25JUL25-130000-C,117904.42,buy,6.7,6.7,,,,,,,1752222071.874
3205,375213994,1752222128639,3,0.0047,0.00473756,40.28,BTC-25JUL25-130000-C,117880.55,sell,2.4,2.4,,,,,,,1752222128.639
3204,375213993,1752222128639,3,0.0047,0.00473756,40.28,BTC-25JUL25-130000-C,117880.55,sell,4.3,4.3,,,,,,,1752222128.639
3206,375214086,1752222210392,3,0.0047,0.00476793,40.15,BTC-25JUL25-130000-C,117933.43,buy,0.1,0.1,,,,,,,1752222210.392
3207,375214087,1752222210437,3,0.0047,0.00476793,40.15,BTC-25JUL25-130000-C,117933.43,buy,1.1,1.1,,,,,,,1752222210.437
3208,375214088,1752222210801,3,0.0047,0.00476793,40.15,BTC-25JUL25-130000-C,117933.43,buy,2.6,2.6,,,,,,,1752222210.801
3209,375214312,1752222386163,3,0.0047,0.00473993,40.1,BTC-25JUL25-130000-C,118002.33,buy,0.7,0.7,,,,,,,1752222386.163
3210,375214315,1752222392275,3,0.0047,0.00473985,40.08,BTC-25JUL25-130000-C,118006.89,buy,0.3,0.3,,,,,,,1752222392.275
3211,375214338,1752222414814,3,0.0047,0.00473996,40.06,BTC-25JUL25-130000-C,118014.43,buy,0.6,0.6,,,,,,,1752222414.814
3212,375214511,1752222551075,2,0.0046,0.00472732,39.77,BTC-25JUL25-130000-C,118015.8,sell,0.5,0.5,,,,,,,1752222551.075
3213,375214534,1752222575043,0,0.0047,0.0047192,40.01,BTC-25JUL25-130000-C,118018.04,buy,6.9,6.9,,,,,,,1752222575.043
3214,375216096,1752223037356,0,0.0048,0.00490366,39.92,BTC-25JUL25-130000-C,118133.36,buy,0.1,0.1,,,,,,,1752223037.356
3215,375216098,1752223039691,1,0.0048,0.00490265,39.92,BTC-25JUL25-130000-C,118131.16,buy,0.1,0.1,,,,,,,1752223039.691
3216,375216690,1752223208175,2,0.0047,0.00475932,40.04,BTC-25JUL25-130000-C,117987.76,sell,3.1,3.1,,,,,,,1752223208.175
3218,375217030,1752223283911,3,0.0045,0.00463448,39.81,BTC-25JUL25-130000-C,117892.03,sell,10.0,10.0,,,,,,,1752223283.911
3217,375217029,1752223283911,2,0.0045,0.00463448,39.81,BTC-25JUL25-130000-C,117892.03,sell,2.0,2.0,,,,,,,1752223283.911
3219,375217075,1752223299192,3,0.0045,0.00462704,39.81,BTC-25JUL25-130000-C,117889.48,buy,1.1,1.1,,,,,,,1752223299.192
3220,375217160,1752223348907,0,0.0046,0.00467161,39.92,BTC-25JUL25-130000-C,117944.81,buy,0.3,0.3,,,,,,,1752223348.907
3221,375218985,1752224088666,0,0.0048,0.00474087,40.23,BTC-25JUL25-130000-C,118037.08,sell,0.3,0.3,,,,,,,1752224088.666
3222,375219135,1752224179714,2,0.0046,0.00471573,39.79,BTC-25JUL25-130000-C,118003.67,sell,3.2,3.2,,,,,,,1752224179.714
3223,375219326,1752224422082,0,0.0047,0.00475683,40.02,BTC-25JUL25-130000-C,118013.92,sell,0.3,0.3,,,,,,,1752224422.082
3224,375221117,1752225334662,0,0.0049,0.00490963,40.3,BTC-25JUL25-130000-C,118111.4,buy,0.1,0.1,,,,,,,1752225334.662
3225,375221319,1752225387636,0,0.005,0.00498256,40.39,BTC-25JUL25-130000-C,118160.72,buy,0.3,0.3,,,,,,,1752225387.636
3226,375222003,1752225665160,1,0.005,0.00507878,40.26,BTC-25JUL25-130000-C,118216.43,buy,0.1,0.1,,,,,,,1752225665.16
3227,375222010,1752225675525,1,0.005,0.00508345,40.25,BTC-25JUL25-130000-C,118219.49,sell,2.3,2.3,,,,,,,1752225675.525
3228,375222698,1752226006537,1,0.005,0.00515274,40.28,BTC-25JUL25-130000-C,118227.29,sell,4.0,4.0,,,,,,,1752226006.537
3229,375222827,1752226163092,1,0.005,0.00520039,40.23,BTC-25JUL25-130000-C,118249.93,sell,0.1,0.1,,,,,,,1752226163.092
3231,375222829,1752226163092,1,0.005,0.00520039,40.23,BTC-25JUL25-130000-C,118249.93,sell,0.6,0.6,,,,,,,1752226163.092
3230,375222828,1752226163092,1,0.005,0.00520039,40.23,BTC-25JUL25-130000-C,118249.93,sell,0.3,0.3,,,,,,,1752226163.092
3232,375224326,1752226570288,0,0.0055,0.00549101,40.74,BTC-25JUL25-130000-C,118501.38,buy,0.1,0.1,,,,,,,1752226570.288
3233,375224413,1752226572143,1,0.0055,0.0055316,40.51,BTC-25JUL25-130000-C,118580.44,sell,0.3,0.3,,,,,,,1752226572.143
3234,375224541,1752226581241,1,0.0055,0.00560053,40.5,BTC-25JUL25-130000-C,118587.35,sell,0.3,0.3,,,,,,,1752226581.241
3235,375226871,1752226984512,0,0.006,0.00561033,41.51,BTC-25JUL25-130000-C,118618.0,buy,0.1,0.1,,,,,,,1752226984.512
3236,375227531,1752227180800,1,0.006,0.00570789,41.35,BTC-25JUL25-130000-C,118674.97,buy,0.3,0.3,,,,,,,1752227180.8
3237,375228686,1752227606438,2,0.0055,0.00563573,40.58,BTC-25JUL25-130000-C,118555.82,sell,1.0,1.0,,,,,,,1752227606.438
3238,375229663,1752228034314,3,0.0055,0.00550133,40.87,BTC-25JUL25-130000-C,118448.46,sell,0.1,0.1,,,,,,,1752228034.314
3239,375232103,1752229055784,2,0.005,0.0051496,40.33,BTC-25JUL25-130000-C,118186.22,buy,0.1,0.1,,,,,,,1752229055.784
3240,375233494,1752229492792,3,0.005,0.0052109,40.09,BTC-25JUL25-130000-C,118270.22,buy,0.1,0.1,,,,,,,1752229492.792
3241,375236283,1752230993315,2,0.0043,0.00459127,38.74,BTC-25JUL25-130000-C,118159.66,sell,0.1,0.1,,,375236281,BTC-STRG-25JUL25-110000_130000,,,1752230993.315
3242,375241457,1752232611276,2,0.0038,0.00387341,38.71,BTC-25JUL25-130000-C,117719.68,sell,1.0,1.0,,,,,,,1752232611.276
3243,375242032,1752232758887,2,0.0037,0.00386107,38.48,BTC-25JUL25-130000-C,117715.12,sell,0.1,0.1,,,375242030,BTC-CS-25JUL25-121000_130000,,,1752232758.887
3244,375248153,1752234935296,0,0.004,0.00401031,38.67,BTC-25JUL25-130000-C,117954.87,buy,0.1,0.1,,,,,,,1752234935.296
3245,375248401,1752235088274,1,0.004,0.00397877,38.75,BTC-25JUL25-130000-C,117929.22,sell,0.1,0.1,,,,,,,1752235088.274
3246,375248419,1752235106484,1,0.004,0.00397658,38.76,BTC-25JUL25-130000-C,117924.17,sell,0.1,0.1,,,,,,,1752235106.484
3247,375250581,1752236031157,0,0.0043,0.00426141,38.74,BTC-25JUL25-130000-C,118246.02,buy,0.1,0.1,,,,,,,1752236031.157
3248,375251247,1752236282848,2,0.0042,0.00416375,38.78,BTC-25JUL25-130000-C,118152.58,sell,0.1,0.1,,,,,,,1752236282.848
3249,375253970,1752236918852,2,0.0039,0.00388645,38.97,BTC-25JUL25-130000-C,117788.26,sell,2.3,2.3,,,,,,,1752236918.852
3250,375254058,1752236993550,2,0.0037,0.00386657,38.46,BTC-25JUL25-130000-C,117769.62,sell,0.1,0.1,,,,,,,1752236993.55
3251,375256388,1752238205626,0,0.0038,0.00375107,38.76,BTC-25JUL25-130000-C,117765.86,buy,0.1,0.1,,,,,,,1752238205.626
3252,375270386,1752240862012,2,0.0034,0.00343202,38.71,BTC-25JUL25-130000-C,117308.29,sell,1.0,1.0,,,,,,,1752240862.012
3253,375275251,1752242302821,0,0.0039,0.00399639,38.15,BTC-25JUL25-130000-C,118138.27,buy,5.7,5.7,,,,,,,1752242302.821
3254,375287865,1752245588215,2,0.0033,0.00332945,38.22,BTC-25JUL25-130000-C,117445.15,buy,0.1,0.1,,,,,,,1752245588.215
3255,375306587,1752248923446,2,0.0031,0.00301508,38.25,BTC-25JUL25-130000-C,117192.85,buy,0.1,0.1,,,,,,,1752248923.446
3256,375307984,1752249072626,2,0.003,0.00311174,37.74,BTC-25JUL25-130000-C,117259.98,sell,2.0,2.0,,,,,,,1752249072.626
3257,375313252,1752249698983,2,0.0029,0.00288374,38.16,BTC-25JUL25-130000-C,116941.27,buy,0.1,0.1,,,,,,,1752249698.983
3258,375315061,1752250006671,2,0.0027,0.00272066,37.99,BTC-25JUL25-130000-C,116751.23,buy,0.1,0.1,,,,,,,1752250006.671
3259,375317263,1752250826003,0,0.0028,0.00277682,38.13,BTC-25JUL25-130000-C,116828.34,buy,0.1,0.1,,,,,,,1752250826.003
3260,375317465,1752250919741,0,0.0029,0.00287322,38.05,BTC-25JUL25-130000-C,116995.94,buy,0.5,0.5,,,,,,,1752250919.741
3261,375317751,1752251038371,0,0.0031,0.00296988,38.35,BTC-25JUL25-130000-C,117142.89,buy,0.5,0.5,,,,,,,1752251038.371
3262,375318455,1752251467037,0,0.0032,0.00310343,38.13,BTC-25JUL25-130000-C,117363.57,buy,0.4,0.4,,,,,,,1752251467.037
3263,375318971,1752251778056,2,0.0031,0.00304564,37.94,BTC-25JUL25-130000-C,117328.44,sell,0.1,0.1,,,,,,,1752251778.056
3264,375319122,1752251803458,3,0.0031,0.00302035,38.07,BTC-25JUL25-130000-C,117275.83,sell,0.1,0.1,,,,,,,1752251803.458
3265,375319126,1752251803471,3,0.0031,0.00302035,38.07,BTC-25JUL25-130000-C,117275.83,sell,0.1,0.1,,,,,,,1752251803.471
3266,375319140,1752251803589,3,0.0031,0.00302035,38.07,BTC-25JUL25-130000-C,117275.83,sell,0.2,0.2,,,,,,,1752251803.589
3267,375319231,1752251918846,3,0.0031,0.0030734,37.82,BTC-25JUL25-130000-C,117380.14,buy,0.1,0.1,,,,,,,1752251918.846
3268,375323107,1752253837428,0,0.0033,0.00333281,37.61,BTC-25JUL25-130000-C,117728.05,sell,2.3,2.3,,,,,,,1752253837.428
3269,375327551,1752255375026,2,0.0031,0.00310701,37.62,BTC-25JUL25-130000-C,117483.15,buy,0.1,0.1,,,,,,,1752255375.026
3270,375327868,1752255523532,2,0.0029,0.00297745,37.45,BTC-25JUL25-130000-C,117311.79,sell,1.0,1.0,,,,,,,1752255523.532
3271,375330390,1752257266024,0,0.003,0.00304848,37.04,BTC-25JUL25-130000-C,117623.05,buy,0.1,0.1,,,,,,,1752257266.024
3272,375330394,1752257294001,1,0.003,0.00307404,36.96,BTC-25JUL25-130000-C,117644.34,buy,0.4,0.4,,,,,,,1752257294.001
3273,375343025,1752263759706,0,0.0033,0.00322247,37.17,BTC-25JUL25-130000-C,118035.12,buy,2.5,2.5,,,,,,,1752263759.706
3274,375343135,1752263854302,1,0.0033,0.0032581,37.07,BTC-25JUL25-130000-C,118072.61,buy,2.5,2.5,,,,,,,1752263854.302
3276,375345316,1752264828786,1,0.0033,0.00328456,37.0,BTC-25JUL25-130000-C,118071.78,buy,0.1,0.1,,,,,,,1752264828.786
3275,375345315,1752264828786,1,0.0033,0.00328456,37.0,BTC-25JUL25-130000-C,118071.78,buy,92.7,92.7,,,,,,,1752264828.786
3277,375357766,1752273292855,2,0.0031,0.00323479,37.4,BTC-25JUL25-130000-C,117692.19,buy,0.2,0.2,,,,,,,1752273292.855
3278,375360676,1752276330671,2,0.0029,0.00309473,36.99,BTC-25JUL25-130000-C,117669.81,sell,0.1,0.1,,,,,,,1752276330.671
3279,375366997,1752285734580,0,0.003,0.00313899,37.3,BTC-25JUL25-130000-C,117724.56,buy,0.5,0.5,,,,,,,1752285734.58
3280,375368147,1752288990342,2,0.0028,0.00303346,36.88,BTC-25JUL25-130000-C,117647.96,sell,0.5,0.5,,,,,,,1752288990.342
3281,375369331,1752292190749,0,0.0029,0.00295918,37.06,BTC-25JUL25-130000-C,117740.44,buy,0.8,0.8,,,,,,,1752292190.749
3282,375370742,1752295622286,2,0.0026,0.00270111,36.05,BTC-25JUL25-130000-C,117751.04,sell,0.3,0.3,,,,,,,1752295622.286
3283,375370743,1752295622293,3,0.0026,0.00270111,36.05,BTC-25JUL25-130000-C,117751.04,buy,0.6,0.6,,,,,,,1752295622.293
3284,375370744,1752295626662,3,0.0026,0.00270117,36.05,BTC-25JUL25-130000-C,117750.83,buy,18.3,18.3,,,,,,,1752295626.662
3285,375376505,1752305292679,0,0.0031,0.0029705,37.24,BTC-25JUL25-130000-C,118003.31,buy,0.1,0.1,,,,,,,1752305292.679
3286,375376506,1752305292770,1,0.0031,0.00297362,37.24,BTC-25JUL25-130000-C,118003.27,sell,0.3,0.3,,,,,,,1752305292.77
3287,375376782,1752305395745,0,0.0032,0.0029832,37.57,BTC-25JUL25-130000-C,117991.32,buy,0.6,0.6,,,,,,,1752305395.745
3288,375381933,1752309827942,2,0.0029,0.00284592,37.09,BTC-25JUL25-130000-C,117836.66,buy,0.1,0.1,,,,,,,1752309827.942
3289,375384101,1752311772393,0,0.003,0.00311207,36.85,BTC-25JUL25-130000-C,118058.27,buy,0.1,0.1,,,,,,,1752311772.393
3290,375384628,1752312839106,0,0.0031,0.00302457,37.33,BTC-25JUL25-130000-C,117991.62,buy,0.1,0.1,,,,,,,1752312839.106
3291,375384638,1752312860657,1,0.0031,0.00302639,37.33,BTC-25JUL25-130000-C,117993.21,sell,0.1,0.1,,,,,,,1752312860.657
3292,375384752,1752312890313,0,0.0032,0.00302131,37.68,BTC-25JUL25-130000-C,117974.61,buy,1.0,1.0,,,,,,,1752312890.313
3293,375384753,1752312890313,1,0.0032,0.00302131,37.68,BTC-25JUL25-130000-C,117974.61,buy,0.2,0.2,,,,,,,1752312890.313
3294,375384754,1752312890320,1,0.0032,0.00302131,37.68,BTC-25JUL25-130000-C,117974.61,sell,0.1,0.1,,,,,,,1752312890.32
3295,375386432,1752314729443,2,0.0031,0.00307954,37.15,BTC-25JUL25-130000-C,118091.75,buy,1.0,1.0,,,,,,,1752314729.443
3296,375386485,1752314862825,3,0.0031,0.00309583,37.08,BTC-25JUL25-130000-C,118123.53,buy,0.1,0.1,,,,,,,1752314862.825
3297,375388505,1752318213667,0,0.0032,0.00318892,37.37,BTC-25JUL25-130000-C,118141.23,buy,0.1,0.1,,,,,,,1752318213.667
3298,375388557,1752318248169,0,0.0033,0.00315701,37.77,BTC-25JUL25-130000-C,118100.58,buy,0.8,0.8,,,,,,,1752318248.169
3299,375388559,1752318258347,1,0.0033,0.00315891,37.76,BTC-25JUL25-130000-C,118103.28,buy,0.2,0.2,,,,,,,1752318258.347
3300,375388560,1752318258353,1,0.0033,0.00315891,37.76,BTC-25JUL25-130000-C,118103.28,sell,0.3,0.3,,,,,,,1752318258.353
3301,375393257,1752323403182,2,0.0031,0.0030492,38.12,BTC-25JUL25-130000-C,117726.19,buy,0.1,0.1,,,,,,,1752323403.182
3302,375393330,1752323473160,3,0.0031,0.00307571,38.08,BTC-25JUL25-130000-C,117723.97,sell,1.2,1.2,,,,,,,1752323473.16
3303,375395440,1752324512739,2,0.003,0.00298854,38.44,BTC-25JUL25-130000-C,117475.94,sell,0.1,0.1,,,,,,,1752324512.739
3304,375398359,1752326399243,3,0.003,0.00301365,38.65,BTC-25JUL25-130000-C,117403.91,sell,0.1,0.1,,,,,,,1752326399.243
3305,375398372,1752326400050,3,0.003,0.00301172,38.66,BTC-25JUL25-130000-C,117403.94,sell,0.1,0.1,,,,,,,1752326400.05
3306,375398379,1752326401345,3,0.003,0.00300811,38.66,BTC-25JUL25-130000-C,117404.1,sell,0.1,0.1,,,,,,,1752326401.345
3307,375398380,1752326403413,3,0.003,0.00300437,38.68,BTC-25JUL25-130000-C,117395.14,sell,0.4,0.4,,,,,,,1752326403.413
3308,375398383,1752326405337,3,0.003,0.00299857,38.67,BTC-25JUL25-130000-C,117396.1,sell,0.2,0.2,,,,,,,1752326405.337
3309,375398384,1752326405470,3,0.003,0.00299773,38.68,BTC-25JUL25-130000-C,117396.23,sell,0.1,0.1,,,,,,,1752326405.47
3310,375398752,1752326841111,3,0.003,0.0030083,38.72,BTC-25JUL25-130000-C,117378.08,sell,0.2,0.2,,,,,,,1752326841.111
3311,375398758,1752326842638,3,0.003,0.00300832,38.72,BTC-25JUL25-130000-C,117378.08,sell,0.1,0.1,,,,,,,1752326842.638
3312,375398760,1752326845255,3,0.003,0.00300834,38.72,BTC-25JUL25-130000-C,117373.07,sell,0.2,0.2,,,,,,,1752326845.255
3313,375398762,1752326847296,3,0.003,0.00300769,38.73,BTC-25JUL25-130000-C,117372.5,sell,0.1,0.1,,,,,,,1752326847.296
3314,375398776,1752326849382,3,0.003,0.0030035,38.74,BTC-25JUL25-130000-C,117371.14,sell,0.1,0.1,,,,,,,1752326849.382
3315,375398779,1752326850186,3,0.003,0.00300336,38.74,BTC-25JUL25-130000-C,117370.04,sell,0.4,0.4,,,,,,,1752326850.186
3316,375398837,1752326956044,3,0.003,0.00299998,38.79,BTC-25JUL25-130000-C,117348.83,sell,0.3,0.3,,,,,,,1752326956.044
3317,375398839,1752326957283,3,0.003,0.00299844,38.79,BTC-25JUL25-130000-C,117347.29,sell,0.1,0.1,,,,,,,1752326957.283
3318,375398852,1752326963587,3,0.003,0.00299216,38.81,BTC-25JUL25-130000-C,117342.26,sell,0.3,0.3,,,,,,,1752326963.587
3319,375398863,1752326993144,3,0.003,0.00299668,38.79,BTC-25JUL25-130000-C,117349.99,sell,0.3,0.3,,,,,,,1752326993.144
3320,375398864,1752326994787,3,0.003,0.00299669,38.79,BTC-25JUL25-130000-C,117348.83,sell,0.1,0.1,,,,,,,1752326994.787
3321,375398865,1752326998947,3,0.003,0.00299451,38.79,BTC-25JUL25-130000-C,117349.1,sell,0.1,0.1,,,,,,,1752326998.947
3322,375399096,1752327196322,3,0.003,0.00306904,38.46,BTC-25JUL25-130000-C,117479.23,sell,0.1,0.1,,,,,,,1752327196.322
3323,375399097,1752327200465,3,0.003,0.0030722,38.46,BTC-25JUL25-130000-C,117477.41,sell,0.1,0.1,,,,,,,1752327200.465
3324,375399098,1752327202549,3,0.003,0.00307107,38.47,BTC-25JUL25-130000-C,117476.94,sell,0.1,0.1,,,,,,,1752327202.549
3325,375399100,1752327206694,3,0.003,0.00306934,38.47,BTC-25JUL25-130000-C,117476.56,sell,0.1,0.1,,,,,,,1752327206.694
3326,375399112,1752327277212,3,0.003,0.00304599,38.49,BTC-25JUL25-130000-C,117466.29,sell,0.1,0.1,,,,,,,1752327277.212
3327,375399113,1752327283473,3,0.003,0.00304503,38.49,BTC-25JUL25-130000-C,117466.09,sell,0.1,0.1,,,,,,,1752327283.473
3328,375412267,1752339869944,2,0.0029,0.00276293,38.95,BTC-25JUL25-130000-C,117224.16,buy,0.1,0.1,,,,,,,1752339869.944
3329,375413073,1752341671129,0,0.003,0.00285989,38.73,BTC-25JUL25-130000-C,117462.77,buy,0.1,0.1,,,,,,,1752341671.129
3330,375431253,1752379756292,0,0.0031,0.00325253,39.03,BTC-25JUL25-130000-C,117769.92,sell,0.2,0.2,,,,,,,1752379756.292
3331,375431327,1752379984442,1,0.0031,0.00323849,39.07,BTC-25JUL25-130000-C,117764.32,sell,0.2,0.2,,,,,,,1752379984.442
3332,375436625,1752392720302,0,0.0035,0.00343974,40.01,BTC-25JUL25-130000-C,118002.34,buy,0.1,0.1,,,,,,,1752392720.302
3333,375436630,1752392729774,0,0.0036,0.00343924,40.31,BTC-25JUL25-130000-C,118002.88,buy,0.1,0.1,,,,,,,1752392729.774
3334,375445254,1752402475188,2,0.0034,0.00335868,40.28,BTC-25JUL25-130000-C,117836.1,buy,0.1,0.1,,,,,,,1752402475.188
3335,375448344,1752408223086,0,0.0037,0.00368039,40.42,BTC-25JUL25-130000-C,118132.91,buy,0.4,0.4,,,,,,,1752408223.086
3336,375467715,1752411949609,0,0.0047,0.00490216,42.87,BTC-25JUL25-130000-C,118320.92,sell,1.0,1.0,,,,,,,1752411949.609
3337,375467716,1752411949609,1,0.0047,0.00490216,42.87,BTC-25JUL25-130000-C,118320.92,sell,0.3,0.3,,,,,,,1752411949.609
3338,375467717,1752411949609,1,0.0047,0.00490216,42.87,BTC-25JUL25-130000-C,118320.92,sell,1.6,1.6,,,,,,,1752411949.609
3339,375467718,1752411949611,1,0.0047,0.00490216,42.87,BTC-25JUL25-130000-C,118320.92,buy,0.7,0.7,,,,,,,1752411949.611
3340,375472749,1752415755361,0,0.005,0.00545553,42.93,BTC-25JUL25-130000-C,118621.61,sell,0.1,0.1,,,,,,,1752415755.361
3341,375474819,1752416310214,0,0.0055,0.00563977,43.43,BTC-25JUL25-130000-C,118889.41,buy,0.1,0.1,,,,,,,1752416310.214
3342,375477882,1752416426963,0,0.006,0.00600059,43.63,BTC-25JUL25-130000-C,119277.4,buy,0.2,0.2,,,,,,,1752416426.963
3343,375477886,1752416426980,1,0.006,0.00600059,43.63,BTC-25JUL25-130000-C,119277.4,buy,0.1,0.1,,,,,,,1752416426.98
3344,375477889,1752416426990,1,0.006,0.00600059,43.63,BTC-25JUL25-130000-C,119277.4,buy,0.2,0.2,,,,,,,1752416426.99
3345,375481603,1752416863676,1,0.006,0.00584861,44.08,BTC-25JUL25-130000-C,119118.65,buy,0.1,0.1,,,,,,,1752416863.676
3346,375484084,1752418025235,2,0.005,0.00512684,42.63,BTC-25JUL25-130000-C,118757.07,sell,0.5,0.5,,,,,,,1752418025.235
3347,375486580,1752419254340,2,0.0047,0.00477531,41.52,BTC-25JUL25-130000-C,118878.62,buy,0.1,0.1,,,,,,,1752419254.34
3348,375486581,1752419254349,3,0.0047,0.00477531,41.52,BTC-25JUL25-130000-C,118878.62,sell,0.3,0.3,,,,,,,1752419254.349
3349,375486582,1752419257376,3,0.0047,0.00477539,41.52,BTC-25JUL25-130000-C,118875.04,sell,0.1,0.1,,,,,,,1752419257.376
3350,375486695,1752419329875,2,0.0045,0.00481292,40.82,BTC-25JUL25-130000-C,118937.21,sell,2.0,2.0,,,,,,,1752419329.875
3351,375487173,1752419479862,0,0.0046,0.00484452,40.72,BTC-25JUL25-130000-C,119063.16,sell,1.0,1.0,,,,,,,1752419479.862
3352,375489160,1752421234305,2,0.0041,0.00404317,40.48,BTC-25JUL25-130000-C,118688.02,buy,0.1,0.1,,,,,,,1752421234.305
3353,375489199,1752421251070,0,0.0042,0.00403505,40.79,BTC-25JUL25-130000-C,118675.81,buy,0.4,0.4,,,,,,,1752421251.07
3354,375498082,1752423961919,2,0.0039,0.00411518,39.3,BTC-25JUL25-130000-C,118916.7,sell,0.3,0.3,,,,,,,1752423961.919
3355,375498083,1752423961919,3,0.0039,0.00411518,39.3,BTC-25JUL25-130000-C,118916.7,sell,0.7,0.7,,,,,,,1752423961.919
3356,375509814,1752431188026,0,0.004,0.00397183,39.49,BTC-25JUL25-130000-C,119026.32,buy,4.5,4.5,,,,,,,1752431188.026
3358,375510189,1752431267780,1,0.0041,0.00399234,39.72,BTC-25JUL25-130000-C,119042.13,buy,0.1,0.1,,,,,,,1752431267.78
3357,375510188,1752431267780,0,0.0041,0.00399234,39.72,BTC-25JUL25-130000-C,119042.13,buy,0.3,0.3,,,,,,,1752431267.78
3359,375528123,1752438383857,0,0.005,0.00526633,41.47,BTC-25JUL25-130000-C,119226.29,buy,0.1,0.1,,,,,,,1752438383.857
3360,375553974,1752445497353,2,0.0037,0.00386886,40.32,BTC-25JUL25-130000-C,118520.57,sell,0.2,0.2,,,,,,,1752445497.353
3361,375553975,1752445497364,3,0.0037,0.00386886,40.32,BTC-25JUL25-130000-C,118520.57,buy,0.1,0.1,,,,,,,1752445497.364
3362,375554146,1752445624485,2,0.0036,0.00381255,40.14,BTC-25JUL25-130000-C,118473.4,sell,0.5,0.5,,,,,,,1752445624.485
3363,375554147,1752445624488,3,0.0036,0.00381255,40.14,BTC-25JUL25-130000-C,118473.4,buy,0.5,0.5,,,,,,,1752445624.488
3364,375560407,1752446952715,0,0.0039,0.0038732,40.22,BTC-25JUL25-130000-C,118813.23,buy,0.1,0.1,,,,,,,1752446952.715
3365,375560424,1752446987180,0,0.004,0.00388015,40.49,BTC-25JUL25-130000-C,118817.94,buy,0.9,0.9,,,,,,,1752446987.18
3366,375560645,1752447302011,2,0.0037,0.00380349,39.93,BTC-25JUL25-130000-C,118708.61,sell,1.0,1.0,,,,,,,1752447302.011
3367,375564257,1752450431117,0,0.0038,0.00378899,39.9,BTC-25JUL25-130000-C,118941.95,buy,0.1,0.1,,,,,,,1752450431.117
3368,375568186,1752450938562,0,0.0042,0.00417815,39.94,BTC-25JUL25-130000-C,119238.88,buy,0.1,0.1,,,,,,,1752450938.562
3369,375568685,1752451021883,1,0.0042,0.00405897,40.27,BTC-25JUL25-130000-C,119136.63,sell,0.1,0.1,,,,,,,1752451021.883
3370,375585403,1752455926388,2,0.0041,0.0040996,40.27,BTC-25JUL25-130000-C,119048.4,sell,0.1,0.1,,,,,,,1752455926.388
3371,375588893,1752458846553,2,0.004,0.0039655,40.07,BTC-25JUL25-130000-C,119051.2,sell,0.1,0.1,,,,,,,1752458846.553
3372,375590111,1752459810499,0,0.0043,0.00431229,39.65,BTC-25JUL25-130000-C,119481.78,buy,0.1,0.1,,,,,,,1752459810.499
3373,375593824,1752460515785,0,0.0048,0.00462463,40.3,BTC-25JUL25-130000-C,119742.21,buy,0.5,0.5,,,,,,,1752460515.785
3374,375595935,1752461604759,0,0.005,0.00506507,40.67,BTC-25JUL25-130000-C,119743.65,buy,0.1,0.1,,,,,,,1752461604.759
3375,375597542,1752462476258,1,0.005,0.00521303,40.42,BTC-25JUL25-130000-C,119840.31,buy,0.1,0.1,,,,,,,1752462476.258
3376,375604898,1752464549896,0,0.006,0.00567583,40.91,BTC-25JUL25-130000-C,120455.27,buy,0.5,0.5,,,,,,,1752464549.896
3377,375609934,1752464593736,0,0.0065,0.00632223,40.5,BTC-25JUL25-130000-C,120899.77,buy,1.0,1.0,,,,,,,1752464593.736
3379,375615814,1752464777842,3,0.006,0.00638155,39.34,BTC-25JUL25-130000-C,120899.83,sell,1.6,1.6,,,,,,,1752464777.842
3381,375615816,1752464777842,3,0.006,0.00638155,39.34,BTC-25JUL25-130000-C,120899.83,sell,5.0,5.0,,,,,,,1752464777.842
3382,375615817,1752464777842,3,0.006,0.00638155,39.34,BTC-25JUL25-130000-C,120899.83,sell,7.6,7.6,,,,,,,1752464777.842
3380,375615815,1752464777842,3,0.006,0.00638155,39.34,BTC-25JUL25-130000-C,120899.83,sell,0.3,0.3,,,,,,,1752464777.842
3378,375615813,1752464777842,2,0.006,0.00638155,39.34,BTC-25JUL25-130000-C,120899.83,sell,5.5,5.5,,,,,,,1752464777.842
3383,375617774,1752464908637,0,0.0065,0.00624866,40.8,BTC-25JUL25-130000-C,120800.66,buy,0.3,0.3,,,,,,,1752464908.637
3385,375625071,1752465668447,1,0.0065,0.00630495,40.93,BTC-25JUL25-130000-C,120808.82,buy,5.0,5.0,,,,,,,1752465668.447
3384,375625070,1752465668447,1,0.0065,0.00630495,40.93,BTC-25JUL25-130000-C,120808.82,buy,0.3,0.3,,,,,,,1752465668.447
3386,375625072,1752465668447,1,0.0065,0.00630495,40.93,BTC-25JUL25-130000-C,120808.82,buy,1.6,1.6,,,,,,,1752465668.447
3387,375625073,1752465668447,1,0.0065,0.00630495,40.93,BTC-25JUL25-130000-C,120808.82,buy,0.1,0.1,,,,,,,1752465668.447
3388,375625074,1752465668447,1,0.0065,0.00630495,40.93,BTC-25JUL25-130000-C,120808.82,buy,1.6,1.6,,,,,,,1752465668.447
3389,375625075,1752465668449,1,0.0065,0.00630495,40.93,BTC-25JUL25-130000-C,120808.82,sell,0.4,0.4,,,,,,,1752465668.449
3390,375625458,1752465727670,2,0.006,0.00617904,40.11,BTC-25JUL25-130000-C,120722.96,sell,0.1,0.1,,,,,,,1752465727.67
3391,375628569,1752466491859,0,0.007,0.00637638,42.09,BTC-25JUL25-130000-C,120818.21,buy,10.0,10.0,,,,,,,1752466491.859
3392,375631977,1752467413699,2,0.0065,0.00665321,40.64,BTC-25JUL25-130000-C,120939.89,sell,0.1,0.1,,,,,,,1752467413.699
3393,375632001,1752467419435,3,0.0065,0.00665003,40.66,BTC-25JUL25-130000-C,120933.15,sell,0.8,0.8,,,,,,,1752467419.435
3394,375634086,1752467851574,3,0.0065,0.00676975,40.34,BTC-25JUL25-130000-C,121034.78,sell,0.1,0.1,,,,,,,1752467851.574
3395,375634101,1752467853502,3,0.0065,0.00676245,40.36,BTC-25JUL25-130000-C,121026.57,sell,0.1,0.1,,,,,,,1752467853.502
3396,375634157,1752467857073,3,0.0065,0.00672403,40.43,BTC-25JUL25-130000-C,121006.09,sell,0.3,0.3,,,,,,,1752467857.073
3397,375634227,1752467858995,3,0.0065,0.00669473,40.38,BTC-25JUL25-130000-C,121021.54,sell,0.3,0.3,,,,,,,1752467858.995
3398,375651199,1752470556721,0,0.0075,0.00721262,40.79,BTC-25JUL25-130000-C,121589.99,buy,0.5,0.5,,,,,,,1752470556.721
3399,375653483,1752470594132,0,0.008,0.00770534,41.08,BTC-25JUL25-130000-C,121799.8,buy,0.1,0.1,,,,,,,1752470594.132
3401,375656111,1752470672149,1,0.0085,0.0081787,40.84,BTC-25JUL25-130000-C,122133.16,buy,0.1,0.1,,,,,,,1752470672.149
3400,375656110,1752470672149,0,0.0085,0.0081787,40.84,BTC-25JUL25-130000-C,122133.16,buy,7.0,7.0,,,,,,,1752470672.149
3402,375657185,1752470676538,0,0.009,0.00846614,41.08,BTC-25JUL25-130000-C,122328.75,buy,0.5,0.5,,,,,,,1752470676.538
3403,375657263,1752470676754,1,0.009,0.00846614,41.08,BTC-25JUL25-130000-C,122328.75,buy,0.1,0.1,,,,,,,1752470676.754
3404,375659283,1752470696738,2,0.0085,0.00901371,39.93,BTC-25JUL25-130000-C,122373.59,buy,12.1,12.1,,,,,,,1752470696.738
3405,375659284,1752470696748,3,0.0085,0.00901371,39.93,BTC-25JUL25-130000-C,122373.59,buy,0.1,0.1,,,,,,,1752470696.748
3406,375659285,1752470696775,3,0.0085,0.00901371,39.93,BTC-25JUL25-130000-C,122373.59,buy,12.1,12.1,,,,,,,1752470696.775
3407,375659286,1752470696780,3,0.0085,0.00901371,39.93,BTC-25JUL25-130000-C,122373.59,buy,4.4,4.4,,,,,,,1752470696.78
3408,375659287,1752470696785,3,0.0085,0.00901371,39.93,BTC-25JUL25-130000-C,122373.59,buy,0.6,0.6,,,,,,,1752470696.785
3409,375659462,1752470702262,3,0.0085,0.00881194,39.97,BTC-25JUL25-130000-C,122366.08,buy,0.3,0.3,,,,,,,1752470702.262
3410,375659497,1752470702397,3,0.0085,0.00881194,39.97,BTC-25JUL25-130000-C,122366.08,buy,12.1,12.1,,,,,,,1752470702.397
3411,375659501,1752470702411,3,0.0085,0.00881194,39.97,BTC-25JUL25-130000-C,122366.08,buy,2.4,2.4,,,,,,,1752470702.411
3412,375659504,1752470702429,3,0.0085,0.00881194,39.97,BTC-25JUL25-130000-C,122366.08,buy,1.1,1.1,,,,,,,1752470702.429
3413,375660662,1752470756688,3,0.0085,0.00865798,39.96,BTC-25JUL25-130000-C,122404.1,buy,0.1,0.1,,,,,,,1752470756.688
3414,375660816,1752470765901,3,0.0085,0.00867027,39.95,BTC-25JUL25-130000-C,122405.34,buy,4.7,4.7,,,,,,,1752470765.901
3415,375660996,1752470778076,0,0.009,0.00859523,41.02,BTC-25JUL25-130000-C,122387.54,buy,5.0,5.0,,,,,,,1752470778.076
3416,375661101,1752470787858,1,0.009,0.00858028,40.94,BTC-25JUL25-130000-C,122413.3,buy,5.0,5.0,,,,,,,1752470787.858
3417,375661556,1752470836131,2,0.0085,0.00876254,39.67,BTC-25JUL25-130000-C,122529.96,sell,0.1,0.1,,,,,,,1752470836.131
3418,375662107,1752470910588,3,0.0085,0.00855726,40.31,BTC-25JUL25-130000-C,122316.88,sell,2.0,2.0,,,,,,,1752470910.588
3420,375662293,1752470932246,3,0.0085,0.00851612,40.32,BTC-25JUL25-130000-C,122312.81,sell,0.7,0.7,,,,,,,1752470932.246
3421,375662294,1752470932246,3,0.0085,0.00851612,40.32,BTC-25JUL25-130000-C,122312.81,sell,0.3,0.3,,,,,,,1752470932.246
3419,375662292,1752470932246,3,0.0085,0.00851612,40.32,BTC-25JUL25-130000-C,122312.81,sell,1.0,1.0,,,,,,,1752470932.246
3422,375662346,1752470949906,3,0.0085,0.00848012,40.35,BTC-25JUL25-130000-C,122303.01,sell,2.0,2.0,,,,,,,1752470949.906
3423,375662711,1752470967539,3,0.0085,0.00844533,40.55,BTC-25JUL25-130000-C,122247.98,sell,0.7,0.7,,,,,,,1752470967.539
3424,375662712,1752470967541,3,0.0085,0.00844533,40.55,BTC-25JUL25-130000-C,122247.98,buy,1.3,1.3,,,,,,,1752470967.541
3425,375662795,1752470984850,3,0.0085,0.00848911,40.43,BTC-25JUL25-130000-C,122277.82,sell,2.0,2.0,,,,,,,1752470984.85
3429,375663377,1752471055857,3,0.008,0.00838736,39.82,BTC-25JUL25-130000-C,122184.24,sell,1.3,1.3,,,,,,,1752471055.857
3427,375663375,1752471055857,3,0.008,0.00838736,39.82,BTC-25JUL25-130000-C,122184.24,sell,0.7,0.7,,,,,,,1752471055.857
3428,375663376,1752471055857,3,0.008,0.00838736,39.82,BTC-25JUL25-130000-C,122184.24,sell,7.0,7.0,,,,,,,1752471055.857
3426,375663374,1752471055857,2,0.008,0.00838736,39.82,BTC-25JUL25-130000-C,122184.24,sell,1.0,1.0,,,,,,,1752471055.857
3433,375665120,1752471320594,1,0.0085,0.00873052,40.34,BTC-25JUL25-130000-C,122316.32,sell,1.8,1.8,,,,,,,1752471320.594
3431,375665118,1752471320594,1,0.0085,0.00873052,40.34,BTC-25JUL25-130000-C,122316.32,sell,7.0,7.0,,,,,,,1752471320.594
3430,375665117,1752471320594,0,0.0085,0.00873052,40.34,BTC-25JUL25-130000-C,122316.32,sell,18.3,18.3,,,,,,,1752471320.594
3432,375665119,1752471320594,1,0.0085,0.00873052,40.34,BTC-25JUL25-130000-C,122316.32,sell,1.0,1.0,,,,,,,1752471320.594
3434,375665121,1752471320594,1,0.0085,0.00873052,40.34,BTC-25JUL25-130000-C,122316.32,sell,1.9,1.9,,,,,,,1752471320.594
3435,375665263,1752471359067,0,0.009,0.00879219,41.15,BTC-25JUL25-130000-C,122372.33,buy,1.3,1.3,,,,,,,1752471359.067
3436,375665305,1752471362289,2,0.0085,0.00884669,40.11,BTC-25JUL25-130000-C,122374.48,sell,1.0,1.0,,,,,,,1752471362.289
3437,375666839,1752471729488,3,0.0085,0.00849884,40.63,BTC-25JUL25-130000-C,122262.72,buy,0.1,0.1,,,,,,,1752471729.488
3438,375666885,1752471749987,3,0.0085,0.00845958,40.8,BTC-25JUL25-130000-C,122212.68,sell,0.3,0.3,,,,,,,1752471749.987
3439,375666900,1752471750525,3,0.0085,0.00845351,40.8,BTC-25JUL25-130000-C,122212.04,sell,0.1,0.1,,,,,,,1752471750.525
3440,375666901,1752471750527,3,0.0085,0.00845351,40.8,BTC-25JUL25-130000-C,122212.04,sell,0.3,0.3,,,,,,,1752471750.527
3441,375666902,1752471750531,3,0.0085,0.00845351,40.8,BTC-25JUL25-130000-C,122212.04,sell,0.3,0.3,,,,,,,1752471750.531
3442,375666903,1752471750534,3,0.0085,0.00845351,40.8,BTC-25JUL25-130000-C,122212.04,sell,0.3,0.3,,,,,,,1752471750.534
3443,375666914,1752471751268,3,0.0085,0.00844381,40.8,BTC-25JUL25-130000-C,122213.2,sell,0.2,0.2,,,,,,,1752471751.268
3444,375666934,1752471752574,3,0.0085,0.00843984,40.82,BTC-25JUL25-130000-C,122207.17,sell,0.1,0.1,,,,,,,1752471752.574
3445,375666935,1752471752578,3,0.0085,0.00843984,40.82,BTC-25JUL25-130000-C,122207.17,sell,0.5,0.5,,,,,,,1752471752.578
3446,375666936,1752471752581,3,0.0085,0.00843984,40.82,BTC-25JUL25-130000-C,122207.17,sell,0.4,0.4,,,,,,,1752471752.581
3447,375666939,1752471755412,3,0.0085,0.00844687,40.84,BTC-25JUL25-130000-C,122200.8,sell,0.3,0.3,,,,,,,1752471755.412
3448,375666940,1752471756689,3,0.0085,0.00844145,40.85,BTC-25JUL25-130000-C,122199.96,sell,0.1,0.1,,,,,,,1752471756.689
3449,375666989,1752471759332,3,0.0085,0.00843563,40.87,BTC-25JUL25-130000-C,122196.58,sell,0.3,0.3,,,,,,,1752471759.332
3450,375666994,1752471760749,3,0.0085,0.00843265,40.87,BTC-25JUL25-130000-C,122194.21,sell,0.4,0.4,,,,,,,1752471760.749
3451,375666995,1752471760753,3,0.0085,0.00843265,40.87,BTC-25JUL25-130000-C,122194.21,sell,0.5,0.5,,,,,,,1752471760.753
3452,375666996,1752471760757,3,0.0085,0.00843265,40.87,BTC-25JUL25-130000-C,122194.21,sell,0.3,0.3,,,,,,,1752471760.757
3453,375666997,1752471760762,3,0.0085,0.00843265,40.87,BTC-25JUL25-130000-C,122194.21,sell,0.1,0.1,,,,,,,1752471760.762
3454,375667025,1752471764883,3,0.0085,0.00841036,40.95,BTC-25JUL25-130000-C,122170.39,sell,0.1,0.1,,,,,,,1752471764.883
3455,375667026,1752471764888,3,0.0085,0.00841036,40.95,BTC-25JUL25-130000-C,122170.39,sell,0.3,0.3,,,,,,,1752471764.888
3456,375667038,1752471767534,3,0.0085,0.00838585,41.03,BTC-25JUL25-130000-C,122153.6,sell,15.0,15.0,,,,,,,1752471767.534
3457,375668327,1752472068672,3,0.0085,0.00856967,40.71,BTC-25JUL25-130000-C,122229.02,sell,0.2,0.2,,,,,,,1752472068.672
3458,375668328,1752472068709,3,0.0085,0.00856967,40.71,BTC-25JUL25-130000-C,122229.02,sell,0.5,0.5,,,,,,,1752472068.709
3459,375668329,1752472068724,3,0.0085,0.00856967,40.71,BTC-25JUL25-130000-C,122229.02,sell,0.1,0.1,,,,,,,1752472068.724
3460,375668401,1752472086058,3,0.0085,0.00851221,40.83,BTC-25JUL25-130000-C,122192.91,sell,0.4,0.4,,,,,,,1752472086.058
3461,375668419,1752472086605,3,0.0085,0.00850567,40.86,BTC-25JUL25-130000-C,122190.96,sell,0.7,0.7,,,,,,,1752472086.605
3462,375668421,1752472086636,3,0.0085,0.00850567,40.86,BTC-25JUL25-130000-C,122190.96,sell,0.4,0.4,,,,,,,1752472086.636
3463,375668430,1752472088771,3,0.0085,0.00848821,40.98,BTC-25JUL25-130000-C,122137.88,sell,0.2,0.2,,,,,,,1752472088.771
3464,375668431,1752472088774,3,0.0085,0.00848821,40.98,BTC-25JUL25-130000-C,122137.88,sell,0.9,0.9,,,,,,,1752472088.774
3465,375668432,1752472088777,3,0.0085,0.00848821,40.98,BTC-25JUL25-130000-C,122137.88,sell,0.3,0.3,,,,,,,1752472088.777
3466,375668437,1752472089224,3,0.0085,0.00848821,40.98,BTC-25JUL25-130000-C,122137.88,sell,0.1,0.1,,,,,,,1752472089.224
3467,375668447,1752472093118,3,0.0085,0.0083948,41.1,BTC-25JUL25-130000-C,122122.61,sell,0.3,0.3,,,,,,,1752472093.118
3468,375668448,1752472093140,3,0.0085,0.0083948,41.1,BTC-25JUL25-130000-C,122122.61,sell,0.1,0.1,,,,,,,1752472093.14
3469,375668501,1752472100870,3,0.0085,0.0083718,41.2,BTC-25JUL25-130000-C,122097.03,sell,15.8,15.8,,,,,,,1752472100.87
3470,375676719,1752473041621,3,0.0085,0.00857027,40.44,BTC-25JUL25-130000-C,122315.69,sell,0.4,0.4,,,,,,,1752473041.621
3471,375676722,1752473041678,3,0.0085,0.00857027,40.44,BTC-25JUL25-130000-C,122315.69,sell,0.3,0.3,,,,,,,1752473041.678
3472,375676908,1752473052978,3,0.0085,0.00850066,40.56,BTC-25JUL25-130000-C,122279.25,sell,1.8,1.8,,,,,,,1752473052.978
3473,375677138,1752473060872,3,0.0085,0.00836847,40.79,BTC-25JUL25-130000-C,122218.1,sell,1.5,1.5,,,,,,,1752473060.872
3474,375678000,1752473228617,3,0.0085,0.00850838,40.76,BTC-25JUL25-130000-C,122227.61,sell,0.3,0.3,,,,,,,1752473228.617
3475,375678059,1752473278338,3,0.0085,0.00847949,40.86,BTC-25JUL25-130000-C,122199.04,sell,0.1,0.1,,,,,,,1752473278.338
3476,375678065,1752473283621,3,0.0085,0.00848208,40.87,BTC-25JUL25-130000-C,122197.95,sell,0.1,0.1,,,,,,,1752473283.621
3477,375678076,1752473290466,3,0.0085,0.00846574,40.9,BTC-25JUL25-130000-C,122188.49,sell,0.1,0.1,,,,,,,1752473290.466
3478,375678077,1752473290569,3,0.0085,0.00846574,40.9,BTC-25JUL25-130000-C,122188.49,sell,0.5,0.5,,,,,,,1752473290.569
3479,375678080,1752473291269,3,0.0085,0.00846835,40.9,BTC-25JUL25-130000-C,122188.1,sell,0.2,0.2,,,,,,,1752473291.269
3480,375678152,1752473329633,3,0.0085,0.00852053,40.83,BTC-25JUL25-130000-C,122202.39,sell,0.2,0.2,,,,,,,1752473329.633
3481,375678159,1752473337838,3,0.0085,0.00854099,40.8,BTC-25JUL25-130000-C,122210.62,sell,0.1,0.1,,,,,,,1752473337.838
3482,375678268,1752473362450,3,0.0085,0.00855149,40.8,BTC-25JUL25-130000-C,122211.45,sell,0.4,0.4,,,,,,,1752473362.45
3483,375678269,1752473364503,3,0.0085,0.00855303,40.8,BTC-25JUL25-130000-C,122211.93,sell,0.2,0.2,,,,,,,1752473364.503
3484,375678271,1752473366559,3,0.0085,0.0085516,40.8,BTC-25JUL25-130000-C,122211.54,sell,0.1,0.1,,,,,,,1752473366.559
3485,375678280,1752473371174,3,0.0085,0.00855468,40.81,BTC-25JUL25-130000-C,122206.71,sell,0.1,0.1,,,,,,,1752473371.174
3486,375678601,1752473416654,3,0.0085,0.00848113,41.06,BTC-25JUL25-130000-C,122148.37,sell,0.3,0.3,,,,,,,1752473416.654
3487,375678602,1752473416894,3,0.0085,0.00844833,41.06,BTC-25JUL25-130000-C,122148.26,sell,0.2,0.2,,,,,,,1752473416.894
3488,375678604,1752473417139,3,0.0085,0.00844833,41.06,BTC-25JUL25-130000-C,122148.26,sell,0.1,0.1,,,,,,,1752473417.139
3489,375679177,1752473528741,3,0.0085,0.00849862,41.09,BTC-25JUL25-130000-C,122123.7,sell,0.4,0.4,,,,,,,1752473528.741
3490,375679179,1752473537079,3,0.0085,0.0084648,41.17,BTC-25JUL25-130000-C,122100.13,sell,0.1,0.1,,,,,,,1752473537.079
3491,375679180,1752473539096,3,0.0085,0.0084621,41.17,BTC-25JUL25-130000-C,122100.04,sell,0.1,0.1,,,,,,,1752473539.096
