trade_seq,trade_id,timestamp,tick_direction,price,mark_price,iv,instrument_name,index_price,direction,contracts,amount,combo_trade_id,combo_id,block_trade_leg_count,block_trade_id,liquidation,block_rfq_id,unix_sec
1423,373889774,1751320646048,2,0.0031,0.00304791,39.12,BTC-25JUL25-125000-C,106982.79,sell,10.0,10.0,,,,,,,1751320646.048
1424,373900195,1751338777223,2,0.0028,0.00277903,38.09,BTC-25JUL25-125000-C,107132.56,sell,0.1,0.1,,,,,,,1751338777.223
1425,373900973,1751339494470,0,0.0029,0.00277406,38.4,BTC-25JUL25-125000-C,107117.99,buy,0.1,0.1,,,,,,,1751339494.47
1426,373903944,1751344742748,2,0.0028,0.00269211,38.16,BTC-25JUL25-125000-C,107120.14,sell,0.1,0.1,,,,,,,1751344742.748
1427,373924812,1751359340968,2,0.0024,0.00228989,37.8,BTC-25JUL25-125000-C,106777.65,buy,0.5,0.5,,,,,,,1751359340.968
1428,373924992,1751359428103,3,0.0024,0.00229927,37.81,BTC-25JUL25-125000-C,106773.15,buy,2.0,2.0,,,,,,,1751359428.103
1429,373925245,1751359512307,3,0.0024,0.00230647,37.81,BTC-25JUL25-125000-C,106774.72,buy,1.0,1.0,,,,,,,1751359512.307
1430,373949196,1751373843164,2,0.0022,0.00228271,37.82,BTC-25JUL25-125000-C,106450.54,sell,1.0,1.0,,,,,,,1751373843.164
1431,373953844,1751376851623,0,0.0024,0.00240069,37.83,BTC-25JUL25-125000-C,106803.51,buy,0.3,0.3,,,,,,,1751376851.623
1432,373953845,1751376851759,1,0.0024,0.00240069,37.83,BTC-25JUL25-125000-C,106803.51,buy,0.1,0.1,,,,,,,1751376851.759
1433,373953924,1751376880410,1,0.0024,0.00237596,37.89,BTC-25JUL25-125000-C,106770.26,buy,0.1,0.1,,,,,,,1751376880.41
1434,373953925,1751376880410,1,0.0024,0.00237596,37.89,BTC-25JUL25-125000-C,106770.26,buy,0.1,0.1,,,,,,,1751376880.41
1435,373953931,1751376886433,1,0.0024,0.00238145,37.86,BTC-25JUL25-125000-C,106777.02,buy,0.4,0.4,,,,,,,1751376886.433
1436,373953934,1751376888359,1,0.0024,0.0023818,37.85,BTC-25JUL25-125000-C,106783.83,buy,0.1,0.1,,,,,,,1751376888.359
1437,373953937,1751376894083,1,0.0024,0.00239057,37.85,BTC-25JUL25-125000-C,106789.25,buy,0.3,0.3,,,,,,,1751376894.083
1438,373953978,1751376929354,1,0.0024,0.00238479,37.86,BTC-25JUL25-125000-C,106777.31,buy,0.3,0.3,,,,,,,1751376929.354
1439,373953983,1751376931842,1,0.0024,0.0023853,37.86,BTC-25JUL25-125000-C,106781.93,buy,0.4,0.4,,,,,,,1751376931.842
1440,373954052,1751376991558,1,0.0024,0.00241199,37.78,BTC-25JUL25-125000-C,106830.13,buy,0.1,0.1,,,,,,,1751376991.558
1441,373956577,1751377677571,1,0.0024,0.00241462,38.08,BTC-25JUL25-125000-C,106657.73,buy,0.3,0.3,,,,,,,1751377677.571
1442,373956578,1751377677571,1,0.0024,0.00241462,38.08,BTC-25JUL25-125000-C,106657.73,buy,0.1,0.1,,,,,,,1751377677.571
1443,373958865,1751378700578,0,0.0027,0.00250473,38.6,BTC-25JUL25-125000-C,106927.15,buy,0.1,0.1,,,,,,,1751378700.578
1444,374002408,1751401196895,2,0.0022,0.00224105,39.61,BTC-25JUL25-125000-C,105578.57,sell,0.1,0.1,,,,,,,1751401196.895
1445,374002743,1751401796625,3,0.0022,0.00227342,39.51,BTC-25JUL25-125000-C,105635.78,sell,0.1,0.1,,,,,,,1751401796.625
1446,374010463,1751411094318,3,0.0022,0.0021431,39.78,BTC-25JUL25-125000-C,105548.69,sell,0.8,0.8,,,,,,,1751411094.318
1447,374017652,1751415622315,2,0.002,0.00211033,38.74,BTC-25JUL25-125000-C,105750.2,sell,0.1,0.1,,,,,,,1751415622.315
1448,374018078,1751416222317,2,0.0019,0.00204363,38.55,BTC-25JUL25-125000-C,105653.65,sell,0.1,0.1,,,,,,,1751416222.317
1449,374019595,1751417914594,0,0.0021,0.00199248,39.76,BTC-25JUL25-125000-C,105398.33,buy,0.2,0.2,,,,,,,1751417914.594
1450,374019964,1751418415528,2,0.0019,0.00199487,38.95,BTC-25JUL25-125000-C,105416.56,buy,0.1,0.1,,,,,,,1751418415.528
1451,374019974,1751418444309,3,0.0019,0.00199428,38.95,BTC-25JUL25-125000-C,105417.99,buy,0.1,0.1,,,,,,,1751418444.309
1454,374022644,1751420023111,1,0.0021,0.00198355,39.38,BTC-25JUL25-125000-C,105623.08,buy,1.0,1.0,,,,,,,1751420023.111
1453,374022643,1751420023111,1,0.0021,0.00198355,39.38,BTC-25JUL25-125000-C,105623.08,buy,3.8,3.8,,,,,,,1751420023.111
1452,374022642,1751420023111,0,0.0021,0.00198355,39.38,BTC-25JUL25-125000-C,105623.08,buy,1.6,1.6,,,,,,,1751420023.111
1455,374039286,1751440397730,0,0.0027,0.00277758,39.13,BTC-25JUL25-125000-C,106973.21,sell,0.3,0.3,,,,,,,1751440397.73
1456,374039287,1751440397738,1,0.0027,0.00277758,39.13,BTC-25JUL25-125000-C,106973.21,buy,0.6,0.6,,,,,,,1751440397.738
1457,374039294,1751440413533,1,0.0027,0.00277483,39.13,BTC-25JUL25-125000-C,106974.19,buy,7.1,7.1,,,,,,,1751440413.533
1458,374045919,1751443619817,0,0.0028,0.00298709,38.65,BTC-25JUL25-125000-C,107407.5,sell,0.3,0.3,,,,,,,1751443619.817
1459,374045921,1751443621072,1,0.0028,0.00298786,38.65,BTC-25JUL25-125000-C,107407.58,sell,0.5,0.5,,,,,,,1751443621.072
1460,374065787,1751457546215,2,0.0026,0.00277125,37.9,BTC-25JUL25-125000-C,107491.99,buy,0.3,0.3,,,,,,,1751457546.215
1461,374067898,1751458623484,3,0.0026,0.00265902,38.16,BTC-25JUL25-125000-C,107356.51,buy,0.1,0.1,,,,,,,1751458623.484
1462,374067902,1751458624479,3,0.0026,0.00265989,38.16,BTC-25JUL25-125000-C,107356.52,buy,0.1,0.1,,,,,,,1751458624.479
1463,374079808,1751465611945,0,0.0029,0.00298089,37.97,BTC-25JUL25-125000-C,108011.92,buy,0.1,0.1,,,,,,,1751465611.945
1464,374092563,1751469000476,0,0.0032,0.00317435,38.29,BTC-25JUL25-125000-C,108304.11,buy,0.8,0.8,,,,,,,1751469000.476
1465,374092593,1751469000504,1,0.0032,0.00317435,38.29,BTC-25JUL25-125000-C,108304.11,buy,0.1,0.1,,,,,,,1751469000.504
1466,374092617,1751469000536,1,0.0032,0.00317435,38.29,BTC-25JUL25-125000-C,108304.11,buy,0.1,0.1,,,,,,,1751469000.536
1467,374110033,1751472307835,0,0.004,0.0040431,38.86,BTC-25JUL25-125000-C,109040.77,buy,0.1,0.1,,,,,,,1751472307.835
1468,374120387,1751472776049,0,0.0048,0.00444863,39.85,BTC-25JUL25-125000-C,109477.89,buy,9.7,9.7,,,,,,,1751472776.049
1469,374120388,1751472776049,1,0.0048,0.00444863,39.85,BTC-25JUL25-125000-C,109477.89,buy,4.4,4.4,,,,,,,1751472776.049
1470,374138760,1751475062616,0,0.005,0.00494986,40.01,BTC-25JUL25-125000-C,109606.96,buy,2.0,2.0,,,,,,,1751475062.616
1471,374138952,1751475114596,1,0.005,0.00487339,40.21,BTC-25JUL25-125000-C,109531.02,sell,15.0,15.0,,,,,,,1751475114.596
1472,374138953,1751475114618,1,0.005,0.00487339,40.21,BTC-25JUL25-125000-C,109531.02,sell,15.0,15.0,,,,,,,1751475114.618
1473,374139476,1751475203381,2,0.0049,0.00493892,39.96,BTC-25JUL25-125000-C,109549.42,sell,0.1,0.1,,,,,,,1751475203.381
1474,374143160,1751476754983,3,0.0049,0.00516709,39.95,BTC-25JUL25-125000-C,109568.7,sell,1.5,1.5,,,,,,,1751476754.983
1475,374152542,1751480322742,2,0.0043,0.00465237,39.3,BTC-25JUL25-125000-C,109261.36,sell,0.1,0.1,,,,,,,1751480322.742
1476,374153126,1751480862757,3,0.0043,0.00462497,39.06,BTC-25JUL25-125000-C,109383.48,sell,0.1,0.1,,,,,,,1751480862.757
1477,374157070,1751483615018,3,0.0043,0.00440277,38.97,BTC-25JUL25-125000-C,109440.61,buy,0.2,0.2,,,,,,,1751483615.018
1478,374172256,1751494636476,0,0.0047,0.00475383,40.26,BTC-25JUL25-125000-C,109296.64,sell,0.1,0.1,,,,,,,1751494636.476
1479,374172526,1751495236867,1,0.0047,0.00478908,40.15,BTC-25JUL25-125000-C,109331.05,sell,0.1,0.1,,,,,,,1751495236.867
1480,374174135,1751496194401,1,0.0047,0.00469159,40.42,BTC-25JUL25-125000-C,109224.74,sell,9.8,9.8,,,,,,,1751496194.401
1482,374174622,1751496792769,3,0.0046,0.00468286,40.26,BTC-25JUL25-125000-C,109199.29,sell,10.0,10.0,,,,,,,1751496792.769
1481,374174621,1751496792769,2,0.0046,0.00468286,40.26,BTC-25JUL25-125000-C,109199.29,sell,3.0,3.0,,,,,,,1751496792.769
1483,374175711,1751498444234,2,0.0045,0.00448988,40.35,BTC-25JUL25-125000-C,109076.8,sell,6.7,6.7,,,,,,,1751498444.234
1484,374175744,1751498477297,3,0.0045,0.00448118,40.38,BTC-25JUL25-125000-C,109054.85,sell,3.3,3.3,,,,,,,1751498477.297
1485,374175893,1751498597922,2,0.0044,0.00448511,40.15,BTC-25JUL25-125000-C,109056.83,sell,0.1,0.1,,,,,,,1751498597.922
1486,374176439,1751499198251,3,0.0044,0.00442591,40.27,BTC-25JUL25-125000-C,109002.05,sell,0.1,0.1,,,,,,,1751499198.251
1487,374176730,1751499548244,3,0.0044,0.00438551,40.41,BTC-25JUL25-125000-C,108939.96,sell,7.2,7.2,,,,,,,1751499548.244
1488,374176745,1751499551108,3,0.0044,0.00437671,40.43,BTC-25JUL25-125000-C,108929.72,sell,0.1,0.1,,,,,,,1751499551.108
1489,374176747,1751499554373,3,0.0044,0.00437476,40.43,BTC-25JUL25-125000-C,108929.06,sell,0.1,0.1,,,,,,,1751499554.373
1490,374176748,1751499556661,3,0.0044,0.00437473,40.43,BTC-25JUL25-125000-C,108926.42,sell,0.2,0.2,,,,,,,1751499556.661
1491,374176763,1751499558725,3,0.0044,0.00437348,40.44,BTC-25JUL25-125000-C,108921.18,sell,0.2,0.2,,,,,,,1751499558.725
1492,374176764,1751499560759,3,0.0044,0.00436936,40.45,BTC-25JUL25-125000-C,108921.65,sell,0.2,0.2,,,,,,,1751499560.759
1493,374176766,1751499562811,3,0.0044,0.00437003,40.45,BTC-25JUL25-125000-C,108921.82,sell,0.1,0.1,,,,,,,1751499562.811
1494,374176769,1751499568965,3,0.0044,0.00437179,40.44,BTC-25JUL25-125000-C,108923.63,sell,0.1,0.1,,,,,,,1751499568.965
1495,374176771,1751499571014,3,0.0044,0.00437273,40.44,BTC-25JUL25-125000-C,108923.47,sell,0.4,0.4,,,,,,,1751499571.014
1496,374176779,1751499579216,3,0.0044,0.00436672,40.46,BTC-25JUL25-125000-C,108912.61,sell,0.1,0.1,,,,,,,1751499579.216
1497,374176781,1751499581267,3,0.0044,0.00436556,40.46,BTC-25JUL25-125000-C,108913.86,sell,0.2,0.2,,,,,,,1751499581.267
1498,374176786,1751499587416,3,0.0044,0.00436723,40.46,BTC-25JUL25-125000-C,108913.32,sell,0.1,0.1,,,,,,,1751499587.416
1499,374176787,1751499588550,3,0.0044,0.00436713,40.46,BTC-25JUL25-125000-C,108913.05,sell,0.8,0.8,,,,,,,1751499588.55
1500,374178610,1751501550881,2,0.0039,0.00412091,39.18,BTC-25JUL25-125000-C,108976.9,sell,0.1,0.1,,,,,,,1751501550.881
1501,374178764,1751501851777,3,0.0039,0.00411151,39.18,BTC-25JUL25-125000-C,108976.61,sell,0.1,0.1,,,,,,,1751501851.777
1502,374179220,1751502271193,0,0.004,0.00404154,39.63,BTC-25JUL25-125000-C,108869.74,buy,0.1,0.1,,,,,,,1751502271.193
1503,374184082,1751508133425,0,0.0041,0.00406595,39.78,BTC-25JUL25-125000-C,108886.4,buy,0.3,0.3,,,,,,,1751508133.425
1504,374203809,1751523413390,0,0.0044,0.00452764,39.71,BTC-25JUL25-125000-C,109349.95,sell,0.3,0.3,,,,,,,1751523413.39
1505,374203834,1751523422931,2,0.0043,0.0045346,39.47,BTC-25JUL25-125000-C,109349.28,sell,10.9,10.9,,,,,,,1751523422.931
1507,374203836,1751523422931,3,0.0043,0.0045346,39.47,BTC-25JUL25-125000-C,109349.28,sell,2.0,2.0,,,,,,,1751523422.931
1506,374203835,1751523422931,3,0.0043,0.0045346,39.47,BTC-25JUL25-125000-C,109349.28,sell,3.8,3.8,,,,,,,1751523422.931
1508,374203837,1751523422934,3,0.0043,0.0045346,39.47,BTC-25JUL25-125000-C,109349.28,buy,3.0,3.0,,,,,,,1751523422.934
1509,374203931,1751523567334,3,0.0043,0.00451446,39.49,BTC-25JUL25-125000-C,109343.61,sell,0.1,0.1,,,,,,,1751523567.334
1510,374204392,1751523807053,0,0.0044,0.00457861,39.49,BTC-25JUL25-125000-C,109465.59,buy,0.1,0.1,,,,,,,1751523807.053
1511,374207544,1751525478732,0,0.0047,0.00469413,39.94,BTC-25JUL25-125000-C,109559.79,buy,0.7,0.7,,,,,,,1751525478.732
1512,374209283,1751526272996,1,0.0047,0.00465955,40.31,BTC-25JUL25-125000-C,109409.08,buy,0.2,0.2,,,,,,,1751526272.996
1513,374211445,1751528100346,0,0.0052,0.00475976,41.57,BTC-25JUL25-125000-C,109343.22,buy,200.0,200.0,,BTC-RR-25JUL25-94000_125000,2.0,BLOCK-208415,,7713.0,1751528100.346
1514,374214589,1751530023393,2,0.0047,0.00479752,40.24,BTC-25JUL25-125000-C,109444.39,buy,0.2,0.2,,,,,,,1751530023.393
1515,374218906,1751531957258,0,0.0048,0.00486793,40.28,BTC-25JUL25-125000-C,109552.86,sell,1.0,1.0,,,,,,,1751531957.258
1516,374222421,1751533606538,0,0.0049,0.00490174,40.5,BTC-25JUL25-125000-C,109558.75,buy,0.1,0.1,,,,,,,1751533606.538
1517,374222612,1751533788932,1,0.0049,0.0049154,40.46,BTC-25JUL25-125000-C,109575.28,buy,0.1,0.1,,,,,,,1751533788.932
1518,374223314,1751534102663,1,0.0049,0.00495448,40.27,BTC-25JUL25-125000-C,109676.05,buy,9.8,9.8,,,,,,,1751534102.663
1519,374223315,1751534102663,1,0.0049,0.00495448,40.27,BTC-25JUL25-125000-C,109676.05,buy,0.5,0.5,,,,,,,1751534102.663
1520,374223562,1751534293570,2,0.0048,0.00502698,39.96,BTC-25JUL25-125000-C,109716.1,sell,0.2,0.2,,,,,,,1751534293.57
1521,374223817,1751534335738,0,0.005,0.00505969,40.35,BTC-25JUL25-125000-C,109738.9,buy,0.1,0.1,,,,,,,1751534335.738
1524,374230318,1751535252645,1,0.0055,0.00539786,40.8,BTC-25JUL25-125000-C,110011.85,buy,0.1,0.1,,,,,,,1751535252.645
1523,374230317,1751535252645,1,0.0055,0.00539786,40.8,BTC-25JUL25-125000-C,110011.85,buy,0.1,0.1,,,,,,,1751535252.645
1522,374230316,1751535252645,0,0.0055,0.00539786,40.8,BTC-25JUL25-125000-C,110011.85,buy,0.1,0.1,,,,,,,1751535252.645
1525,374249488,1751537939164,1,0.0055,0.00560529,41.13,BTC-25JUL25-125000-C,109862.03,buy,0.2,0.2,,,,,,,1751537939.164
1527,374268982,1751546294665,3,0.005,0.00495821,41.58,BTC-25JUL25-125000-C,109172.41,sell,10.0,10.0,,,,,,,1751546294.665
1526,374268981,1751546294665,2,0.005,0.00495821,41.58,BTC-25JUL25-125000-C,109172.41,sell,0.9,0.9,,,,,,,1751546294.665
1528,374274306,1751547876028,2,0.0046,0.00475349,40.55,BTC-25JUL25-125000-C,109266.53,buy,0.1,0.1,,,,,,,1751547876.028
1529,374275352,1751548639880,0,0.0047,0.00475331,40.5,BTC-25JUL25-125000-C,109404.01,buy,0.1,0.1,,,,,,,1751548639.88
1530,374283991,1751550603995,0,0.0055,0.00554678,40.18,BTC-25JUL25-125000-C,110365.31,buy,0.3,0.3,,,,,,,1751550603.995
1531,374303204,1751555743381,2,0.0047,0.00482686,40.33,BTC-25JUL25-125000-C,109513.98,sell,0.9,0.9,,,,,,,1751555743.381
1532,374308196,1751558179857,2,0.0042,0.0042357,39.91,BTC-25JUL25-125000-C,109182.2,sell,0.1,0.1,,,,,,,1751558179.857
1533,374308728,1751558664470,2,0.0041,0.00417391,39.68,BTC-25JUL25-125000-C,109195.5,buy,0.2,0.2,,,,,,,1751558664.47
1534,374308910,1751558845029,2,0.0039,0.00410117,39.3,BTC-25JUL25-125000-C,109128.1,buy,0.1,0.1,,,,,,,1751558845.029
1535,374310381,1751559911227,0,0.0041,0.00418318,39.66,BTC-25JUL25-125000-C,109195.24,sell,10.0,10.0,,,,,,,1751559911.227
1536,374314474,1751562712256,2,0.004,0.00418303,38.79,BTC-25JUL25-125000-C,109486.87,sell,0.1,0.1,,,,,,,1751562712.256
1537,374314962,1751563012153,3,0.004,0.00433113,38.38,BTC-25JUL25-125000-C,109678.07,sell,0.1,0.1,,,,,,,1751563012.153
1538,374315058,1751563192167,0,0.0041,0.0042898,38.66,BTC-25JUL25-125000-C,109661.48,buy,0.1,0.1,,,,,,,1751563192.167
1539,374316368,1751565786476,0,0.0042,0.00423193,39.0,BTC-25JUL25-125000-C,109650.63,buy,0.3,0.3,,,,,,,1751565786.476
1540,374319723,1751569480944,0,0.0043,0.00444489,39.02,BTC-25JUL25-125000-C,109764.02,buy,0.2,0.2,,,,,,,1751569480.944
1541,374322986,1751572974983,0,0.0045,0.00447699,39.29,BTC-25JUL25-125000-C,109878.46,buy,0.2,0.2,,,,,,,1751572974.983
1542,374324395,1751575505422,0,0.0048,0.00454362,39.8,BTC-25JUL25-125000-C,109949.01,buy,0.1,0.1,,,,,,,1751575505.422
1543,374330988,1751580931809,1,0.0048,0.00480111,40.54,BTC-25JUL25-125000-C,109739.73,sell,5.0,5.0,,,,,,,1751580931.809
1544,374333823,1751584633633,2,0.0043,0.00451362,39.55,BTC-25JUL25-125000-C,109688.42,sell,0.1,0.1,,,,,,,1751584633.633
1545,374334399,1751585233257,3,0.0043,0.00447363,39.63,BTC-25JUL25-125000-C,109647.12,sell,0.1,0.1,,,,,,,1751585233.257
1546,374334912,1751586305699,0,0.0047,0.00444732,40.67,BTC-25JUL25-125000-C,109613.23,buy,0.1,0.1,,,,,,,1751586305.699
1547,374336336,1751587632247,2,0.0043,0.00445907,39.7,BTC-25JUL25-125000-C,109643.31,buy,0.1,0.1,,,,,,,1751587632.247
1548,374337743,1751588231950,2,0.0042,0.00437127,39.55,BTC-25JUL25-125000-C,109611.17,sell,0.1,0.1,,,,,,,1751588231.95
1549,374338973,1751588712978,3,0.0042,0.00429867,39.74,BTC-25JUL25-125000-C,109523.06,buy,0.1,0.1,,,,,,,1751588712.978
1550,374342783,1751590974630,3,0.0042,0.00427764,39.78,BTC-25JUL25-125000-C,109525.19,buy,0.3,0.3,,,,,,,1751590974.63
1551,374355351,1751596001532,2,0.004,0.00413021,39.65,BTC-25JUL25-125000-C,109391.12,sell,0.1,0.1,,,,,,,1751596001.532
1552,374355455,1751596301337,3,0.004,0.00412803,39.67,BTC-25JUL25-125000-C,109388.75,sell,0.1,0.1,,,,,,,1751596301.337
1553,374357319,1751596901362,3,0.004,0.00408093,39.93,BTC-25JUL25-125000-C,109259.22,sell,0.1,0.1,,,,,,,1751596901.362
1554,374371007,1751603155199,0,0.0041,0.00404138,40.23,BTC-25JUL25-125000-C,109250.42,sell,0.5,0.5,374371004,BTC-CBUT-25JUL25-115000_120000_125000,,,,,1751603155.199
1555,374371033,1751603161146,1,0.0041,0.0040393,40.25,BTC-25JUL25-125000-C,109245.54,buy,4.5,4.5,374371030,BTC-CBUT-25JUL25-115000_120000_125000,,,,,1751603161.146
1556,374371040,1751603184194,1,0.0041,0.00404571,40.23,BTC-25JUL25-125000-C,109256.28,buy,0.1,0.1,374371037,BTC-CBUT-25JUL25-115000_120000_125000,,,,,1751603184.194
1557,374371983,1751604091491,2,0.004,0.00400657,40.24,BTC-25JUL25-125000-C,109139.16,sell,9.5,9.5,,,,,,,1751604091.491
1558,374375647,1751606461636,2,0.0038,0.00375837,39.85,BTC-25JUL25-125000-C,109102.35,buy,7.0,7.0,,,11.0,BLOCK-208623,,,1751606461.636
1559,374404786,1751621768387,2,0.003,0.00314808,37.99,BTC-25JUL25-125000-C,109015.49,sell,0.1,0.1,,,,,,,1751621768.387
1560,374471778,1751678406235,2,0.0023,0.00256411,38.44,BTC-25JUL25-125000-C,107951.59,buy,8.0,8.0,374471777,BTC-CS-25JUL25-110000_125000,,,,,1751678406.235
1561,374472344,1751679940985,0,0.0027,0.00263155,39.64,BTC-25JUL25-125000-C,108021.25,sell,0.9,0.9,,,,,,,1751679940.985
1562,374472345,1751679940991,1,0.0027,0.00263155,39.64,BTC-25JUL25-125000-C,108021.25,sell,0.1,0.1,,,,,,,1751679940.991
1563,374475258,1751685530820,0,0.0028,0.00263526,39.69,BTC-25JUL25-125000-C,108196.76,buy,0.6,0.6,374475256,BTC-CBUT-25JUL25-115000_120000_125000,,,,,1751685530.82
1564,374480434,1751696811506,2,0.0026,0.00259779,39.12,BTC-25JUL25-125000-C,108265.83,buy,2.0,2.0,,,,,,,1751696811.506
1565,374485806,1751703822703,2,0.0025,0.00254633,39.13,BTC-25JUL25-125000-C,108119.95,sell,5.0,5.0,,,,,,,1751703822.703
1566,374491244,1751719541939,2,0.002,0.00212386,37.54,BTC-25JUL25-125000-C,108106.29,sell,0.4,0.4,,,,,,,1751719541.939
1567,374491972,1751722119513,3,0.002,0.00211806,37.37,BTC-25JUL25-125000-C,108230.2,sell,0.1,0.1,,,,,,,1751722119.513
1568,374500254,1751750032626,2,0.0017,0.0018145,36.6,BTC-25JUL25-125000-C,108160.31,sell,0.1,0.1,,,,,,,1751750032.626
1569,374500393,1751750332391,3,0.0017,0.00180839,36.7,BTC-25JUL25-125000-C,108106.31,sell,0.1,0.1,,,,,,,1751750332.391
1570,374500571,1751750932371,3,0.0017,0.00181007,36.67,BTC-25JUL25-125000-C,108118.88,sell,0.1,0.1,,,,,,,1751750932.371
1571,374501098,1751753579134,2,0.0016,0.00179937,36.26,BTC-25JUL25-125000-C,108126.5,sell,0.1,0.1,,,,,,,1751753579.134
1572,374501118,1751753818635,3,0.0016,0.00179069,36.26,BTC-25JUL25-125000-C,108133.89,sell,0.1,0.1,,,,,,,1751753818.635
1573,374501190,1751754418870,3,0.0016,0.00178442,36.2,BTC-25JUL25-125000-C,108166.26,sell,0.1,0.1,,,,,,,1751754418.87
1574,374501685,1751757236848,0,0.0017,0.00178518,36.5,BTC-25JUL25-125000-C,108257.79,buy,0.3,0.3,,,,,,,1751757236.848
1575,374502693,1751761300867,1,0.0017,0.00180233,36.71,BTC-25JUL25-125000-C,108171.09,sell,0.1,0.1,,,,,,,1751761300.867
1576,374502813,1751761901019,1,0.0017,0.00180102,36.69,BTC-25JUL25-125000-C,108193.54,sell,0.1,0.1,,,,,,,1751761901.019
1577,374503537,1751764962369,1,0.0017,0.00186134,36.78,BTC-25JUL25-125000-C,108178.28,sell,0.1,0.1,,,,,,,1751764962.369
1578,374503649,1751765382228,1,0.0017,0.00184702,36.86,BTC-25JUL25-125000-C,108136.61,buy,0.1,0.1,,,,,,,1751765382.228
1579,374504287,1751768140123,1,0.0017,0.00178349,36.59,BTC-25JUL25-125000-C,108279.8,sell,0.2,0.2,,,,,,,1751768140.123
1580,374504618,1751769200186,0,0.0019,0.00177764,37.61,BTC-25JUL25-125000-C,108178.8,sell,0.3,0.3,374504615,BTC-CBUT-25JUL25-115000_120000_125000,,,,,1751769200.186
1581,374505400,1751770974993,2,0.0017,0.00176398,36.94,BTC-25JUL25-125000-C,108103.29,buy,0.1,0.1,,,,,,,1751770974.993
1582,374505401,1751770975002,3,0.0017,0.00176398,36.94,BTC-25JUL25-125000-C,108103.29,buy,0.2,0.2,,,,,,,1751770975.002
1583,374507137,1751779628249,2,0.0016,0.00177915,36.74,BTC-25JUL25-125000-C,108035.01,sell,0.1,0.1,,,,,,,1751779628.249
1584,374507141,1751779749979,0,0.0017,0.00177652,37.19,BTC-25JUL25-125000-C,108035.93,buy,0.2,0.2,,,,,,,1751779749.979
1585,374507691,1751782298026,1,0.0017,0.00178632,37.22,BTC-25JUL25-125000-C,108035.63,buy,0.3,0.3,,,,,,,1751782298.026
1586,374509478,1751787244014,1,0.0017,0.00182478,37.1,BTC-25JUL25-125000-C,108125.94,sell,0.1,0.1,,,,,,,1751787244.014
1587,374509781,1751787663795,1,0.0017,0.00182962,37.14,BTC-25JUL25-125000-C,108110.02,sell,0.1,0.1,,,,,,,1751787663.795
1588,374509911,1751787783475,1,0.0017,0.00182526,37.17,BTC-25JUL25-125000-C,108096.28,buy,0.1,0.1,,,,,,,1751787783.475
1589,374509974,1751787867530,0,0.0018,0.00182349,37.59,BTC-25JUL25-125000-C,108097.84,buy,0.2,0.2,,,,,,,1751787867.53
1590,374511090,1751789125399,2,0.0017,0.00185528,37.2,BTC-25JUL25-125000-C,108077.68,buy,0.3,0.3,,,,,,,1751789125.399
1591,374512448,1751792912226,3,0.0017,0.0018162,37.2,BTC-25JUL25-125000-C,108088.33,buy,0.3,0.3,,,,,,,1751792912.226
1592,374514043,1751796588856,3,0.0017,0.0018251,37.55,BTC-25JUL25-125000-C,107936.76,buy,0.3,0.3,,,,,,,1751796588.856
1593,374515796,1751803281956,2,0.0016,0.00178533,36.89,BTC-25JUL25-125000-C,108093.43,sell,0.1,0.1,,,,,,,1751803281.956
1594,374515873,1751803627536,0,0.0017,0.00177798,37.29,BTC-25JUL25-125000-C,108111.71,buy,0.3,0.3,,,,,,,1751803627.536
1595,374516549,1751806107375,1,0.0017,0.00178967,37.1,BTC-25JUL25-125000-C,108223.92,buy,0.3,0.3,,,,,,,1751806107.375
1596,374517039,1751807389071,1,0.0017,0.00179478,37.07,BTC-25JUL25-125000-C,108246.96,buy,0.3,0.3,,,,,,,1751807389.071
1597,374520234,1751808977613,0,0.0024,0.00202921,38.85,BTC-25JUL25-125000-C,108724.91,buy,0.5,0.5,374520232,BTC-CBUT-25JUL25-115000_120000_125000,,,,,1751808977.613
1598,374526774,1751811565085,2,0.0021,0.00208889,37.43,BTC-25JUL25-125000-C,108876.35,buy,5.0,5.0,,,,,,,1751811565.085
1599,374536717,1751826416729,0,0.0025,0.002144,39.36,BTC-25JUL25-125000-C,108711.73,sell,0.5,0.5,374536714,BTC-CBUT-25JUL25-115000_120000_125000,,,,,1751826416.729
1600,374537645,1751826892870,2,0.0022,0.00208852,38.6,BTC-25JUL25-125000-C,108536.81,sell,0.5,0.5,374537643,BTC-CBUT-25JUL25-115000_120000_125000,,,,,1751826892.87
1601,374560746,1751842158768,0,0.0023,0.00241132,37.64,BTC-25JUL25-125000-C,109266.3,sell,0.3,0.3,,,,,,,1751842158.768
1602,374581463,1751866885044,0,0.0028,0.00274925,39.76,BTC-25JUL25-125000-C,109179.27,buy,0.1,0.1,,,,,,,1751866885.044
1603,374581604,1751867291556,1,0.0028,0.00269499,39.93,BTC-25JUL25-125000-C,109120.92,buy,0.1,0.1,,,,,,,1751867291.556
1604,374584645,1751872256855,2,0.0026,0.0026511,40.0,BTC-25JUL25-125000-C,108793.95,sell,0.1,0.1,,,,,,,1751872256.855
1605,374584646,1751872256875,3,0.0026,0.0026511,40.0,BTC-25JUL25-125000-C,108793.95,sell,0.1,0.1,,,,,,,1751872256.875
1606,374584720,1751872342499,0,0.0027,0.00268042,40.18,BTC-25JUL25-125000-C,108867.17,buy,0.1,0.1,,,,,,,1751872342.499
1607,374584721,1751872342499,1,0.0027,0.00268042,40.18,BTC-25JUL25-125000-C,108867.17,buy,0.6,0.6,,,,,,,1751872342.499
1608,374584858,1751872540018,1,0.0027,0.00268766,40.1,BTC-25JUL25-125000-C,108906.67,buy,0.7,0.7,,,,,,,1751872540.018
1609,374584982,1751872790743,2,0.0026,0.00263935,39.82,BTC-25JUL25-125000-C,108882.73,sell,0.8,0.8,,,,,,,1751872790.743
1610,374585195,1751873278779,2,0.0025,0.00260383,39.36,BTC-25JUL25-125000-C,108938.72,buy,10.0,10.0,,,,,,,1751873278.779
1611,374592465,1751883287253,0,0.0027,0.00268846,40.39,BTC-25JUL25-125000-C,108807.95,buy,0.1,0.1,,,,,,,1751883287.253
1612,374592980,1751883618019,1,0.0027,0.00268837,40.19,BTC-25JUL25-125000-C,108880.58,buy,0.1,0.1,,,,,,,1751883618.019
1613,374601764,1751894814511,2,0.0023,0.00231795,39.97,BTC-25JUL25-125000-C,108399.36,buy,0.1,0.1,,,,,,,1751894814.511
1614,374606097,1751896718456,0,0.0024,0.00239643,40.09,BTC-25JUL25-125000-C,108526.41,buy,0.1,0.1,,,,,,,1751896718.456
1615,374606098,1751896718524,1,0.0024,0.00239643,40.09,BTC-25JUL25-125000-C,108526.41,sell,0.3,0.3,,,,,,,1751896718.524
1616,374606128,1751896728358,1,0.0024,0.00240821,40.04,BTC-25JUL25-125000-C,108547.07,sell,0.7,0.7,,,,,,,1751896728.358
1617,374612021,1751900542136,2,0.0022,0.00218455,39.8,BTC-25JUL25-125000-C,108348.7,buy,0.1,0.1,,,,,,,1751900542.136
1618,374616461,1751904601434,3,0.0022,0.00218438,39.8,BTC-25JUL25-125000-C,108385.28,buy,0.1,0.1,,,,,,,1751904601.434
1619,374616462,1751904601438,3,0.0022,0.00218438,39.8,BTC-25JUL25-125000-C,108385.28,sell,0.5,0.5,,,,,,,1751904601.438
1620,374616483,1751904615819,3,0.0022,0.00219359,39.78,BTC-25JUL25-125000-C,108392.51,sell,0.7,0.7,,,,,,,1751904615.819
1621,374621530,1751907532137,2,0.0021,0.00193796,40.31,BTC-25JUL25-125000-C,107981.3,buy,0.1,0.1,,,,,,,1751907532.137
1622,374623017,1751908002856,2,0.0018,0.00185754,39.25,BTC-25JUL25-125000-C,107883.99,sell,0.7,0.7,,,,,,,1751908002.856
1623,374623040,1751908010348,3,0.0018,0.00184324,39.22,BTC-25JUL25-125000-C,107894.41,buy,0.7,0.7,,,,,,,1751908010.348
1624,374625362,1751909412659,3,0.0018,0.00178157,38.78,BTC-25JUL25-125000-C,108145.63,buy,8.6,8.6,,,,,,,1751909412.659
1625,374625363,1751909412659,3,0.0018,0.00178157,38.78,BTC-25JUL25-125000-C,108145.63,buy,6.4,6.4,,,,,,,1751909412.659
1626,374625370,1751909412759,3,0.0018,0.00178157,38.78,BTC-25JUL25-125000-C,108145.63,buy,15.0,15.0,,,,,,,1751909412.759
1627,374625371,1751909412894,3,0.0018,0.00178157,38.78,BTC-25JUL25-125000-C,108145.63,buy,8.6,8.6,,,,,,,1751909412.894
1629,374625373,1751909412894,3,0.0018,0.00178157,38.78,BTC-25JUL25-125000-C,108145.63,buy,10.0,10.0,,,,,,,1751909412.894
1628,374625372,1751909412894,3,0.0018,0.00178157,38.78,BTC-25JUL25-125000-C,108145.63,buy,10.0,10.0,,,,,,,1751909412.894
1630,374626321,1751909773206,0,0.0019,0.00175547,39.4,BTC-25JUL25-125000-C,108052.43,sell,0.3,0.3,,,,,,,1751909773.206
1631,374626322,1751909773620,1,0.0019,0.00175547,39.4,BTC-25JUL25-125000-C,108052.43,sell,0.1,0.1,,,,,,,1751909773.62
1632,374626338,1751909783458,1,0.0019,0.00175926,39.4,BTC-25JUL25-125000-C,108046.91,sell,0.1,0.1,,,,,,,1751909783.458
1633,374628237,1751911645938,2,0.0018,0.00179187,39.0,BTC-25JUL25-125000-C,108044.02,buy,0.3,0.3,,,,,,,1751911645.938
1634,374634735,1751915037516,0,0.0019,0.00189353,39.3,BTC-25JUL25-125000-C,108147.27,buy,0.3,0.3,,,,,,,1751915037.516
1635,374636130,1751916540303,1,0.0019,0.00190721,39.07,BTC-25JUL25-125000-C,108274.68,sell,0.1,0.1,,,,,,,1751916540.303
1636,374636132,1751916553007,1,0.0019,0.001905,39.07,BTC-25JUL25-125000-C,108275.75,buy,0.7,0.7,,,,,,,1751916553.007
1637,374638149,1751919251864,2,0.0016,0.0017306,38.42,BTC-25JUL25-125000-C,107966.39,sell,0.1,0.1,,,,,,,1751919251.864
1638,374638191,1751919432153,3,0.0016,0.00174046,38.38,BTC-25JUL25-125000-C,107987.12,sell,0.1,0.1,,,,,,,1751919432.153
1639,374638247,1751919510702,3,0.0016,0.00171136,38.52,BTC-25JUL25-125000-C,107923.34,sell,10.0,10.0,,,,,,,1751919510.702
1640,374638250,1751919541945,3,0.0016,0.00171449,38.49,BTC-25JUL25-125000-C,107933.54,buy,9.0,9.0,,,,,,,1751919541.945
1641,374638251,1751919541954,3,0.0016,0.00171449,38.49,BTC-25JUL25-125000-C,107933.54,buy,0.2,0.2,,,,,,,1751919541.954
1642,374638303,1751919671598,3,0.0016,0.00170944,38.42,BTC-25JUL25-125000-C,107966.95,buy,0.1,0.1,,,,,,,1751919671.598
1643,374639858,1751922132898,3,0.0016,0.00164769,38.5,BTC-25JUL25-125000-C,107936.18,buy,0.3,0.3,,,,,,,1751922132.898
1644,374641570,1751923882959,3,0.0016,0.00168332,38.74,BTC-25JUL25-125000-C,107852.29,sell,0.5,0.5,,,,,,,1751923882.959
1645,374641571,1751923882959,3,0.0016,0.00168332,38.74,BTC-25JUL25-125000-C,107852.29,sell,5.0,5.0,,,,,,,1751923882.959
1646,374641572,1751923882962,3,0.0016,0.00168332,38.74,BTC-25JUL25-125000-C,107852.29,buy,4.5,4.5,,,,,,,1751923882.962
1647,374641592,1751923897118,3,0.0016,0.00168505,38.73,BTC-25JUL25-125000-C,107852.02,buy,10.0,10.0,,,,,,,1751923897.118
1648,374642872,1751924670193,0,0.0017,0.00175044,38.75,BTC-25JUL25-125000-C,108075.48,buy,0.2,0.2,,,,,,,1751924670.193
1649,374644635,1751926328838,1,0.0017,0.0018052,38.84,BTC-25JUL25-125000-C,108047.61,sell,0.1,0.1,,,,,,,1751926328.838
1650,374644867,1751926629131,1,0.0017,0.00184574,38.7,BTC-25JUL25-125000-C,108106.1,sell,0.1,0.1,,,,,,,1751926629.131
1651,374645247,1751927228606,1,0.0017,0.00182686,38.86,BTC-25JUL25-125000-C,108051.15,sell,0.1,0.1,,,,,,,1751927228.606
1652,374646757,1751929941588,1,0.0017,0.00186559,38.65,BTC-25JUL25-125000-C,108147.24,sell,0.1,0.1,,,,,,,1751929941.588
1653,374647048,1751930241587,1,0.0017,0.00185302,38.64,BTC-25JUL25-125000-C,108171.37,sell,0.1,0.1,,,,,,,1751930241.587
1654,374647231,1751930841351,1,0.0017,0.00182916,38.61,BTC-25JUL25-125000-C,108183.58,sell,0.1,0.1,,,,,,,1751930841.351
1655,374661138,1751943579218,0,0.0019,0.00187659,40.46,BTC-25JUL25-125000-C,107772.49,buy,0.1,0.1,,,,,,,1751943579.218
1656,374661139,1751943583333,1,0.0019,0.00187641,40.47,BTC-25JUL25-125000-C,107770.3,sell,0.1,0.1,,,,,,,1751943583.333
1657,374668090,1751955680804,1,0.0019,0.0017525,39.97,BTC-25JUL25-125000-C,108148.38,buy,0.1,0.1,,,,,,,1751955680.804
1658,374676098,1751966171786,2,0.0018,0.00179011,39.2,BTC-25JUL25-125000-C,108334.94,buy,4.9,4.9,,,,,,,1751966171.786
1659,374679334,1751971157398,3,0.0018,0.00177083,38.3,BTC-25JUL25-125000-C,108828.86,buy,10.0,10.0,,,,,,,1751971157.398
1660,374681672,1751974209306,0,0.0019,0.00186969,38.44,BTC-25JUL25-125000-C,108945.07,buy,0.3,0.3,,,,,,,1751974209.306
1661,374706970,1751990844691,2,0.0016,0.00171401,38.64,BTC-25JUL25-125000-C,108283.45,buy,0.3,0.3,,,,,,,1751990844.691
1662,374711906,1751994475498,3,0.0016,0.00165475,37.92,BTC-25JUL25-125000-C,108682.0,buy,0.3,0.3,,,,,,,1751994475.498
1663,374722275,1752005518499,0,0.0017,0.00171535,38.42,BTC-25JUL25-125000-C,108734.67,buy,0.3,0.3,,,,,,,1752005518.499
1664,374723660,1752008702943,2,0.0016,0.00168026,37.99,BTC-25JUL25-125000-C,108725.54,buy,0.3,0.3,,,,,,,1752008702.943
1665,374725534,1752012182506,0,0.0017,0.00174477,38.21,BTC-25JUL25-125000-C,108900.14,buy,0.3,0.3,,,,,,,1752012182.506
1666,374726386,1752016161337,1,0.0017,0.00175473,38.1,BTC-25JUL25-125000-C,108965.93,buy,0.3,0.3,,,,,,,1752016161.337
1667,374728020,1752019909380,2,0.0016,0.00169249,37.86,BTC-25JUL25-125000-C,108905.94,sell,0.1,0.1,,,,,,,1752019909.38
1668,374728466,1752020209391,2,0.0015,0.00165958,37.51,BTC-25JUL25-125000-C,108839.18,sell,0.1,0.1,,,,,,,1752020209.391
1669,374728903,1752020809689,3,0.0015,0.0016545,37.52,BTC-25JUL25-125000-C,108842.11,sell,0.1,0.1,,,,,,,1752020809.689
1670,374730395,1752023154928,0,0.0018,0.00176015,38.59,BTC-25JUL25-125000-C,109004.63,buy,0.1,0.1,,,,,,,1752023154.928
1671,374731471,1752023826955,2,0.0016,0.00171296,37.62,BTC-25JUL25-125000-C,109067.98,sell,0.1,0.1,,,,,,,1752023826.955
1672,374731729,1752024067576,3,0.0016,0.00166264,37.87,BTC-25JUL25-125000-C,108963.72,sell,0.1,0.1,,,,,,,1752024067.576
1673,374732507,1752024666992,2,0.0015,0.00161084,37.75,BTC-25JUL25-125000-C,108805.13,sell,0.1,0.1,,,,,,,1752024666.992
1674,374733475,1752026632265,0,0.0016,0.0016163,38.12,BTC-25JUL25-125000-C,108832.34,buy,0.3,0.3,,,,,,,1752026632.265
1675,374735840,1752030788185,2,0.0015,0.00152761,38.23,BTC-25JUL25-125000-C,108556.02,sell,0.1,0.1,,,,,,,1752030788.185
1676,374736429,1752031088515,3,0.0015,0.00148266,38.43,BTC-25JUL25-125000-C,108451.96,sell,0.1,0.1,,,,,,,1752031088.515
1677,374736552,1752031455413,2,0.0014,0.00146194,37.98,BTC-25JUL25-125000-C,108437.06,buy,0.1,0.1,,,,,,,1752031455.413
1678,374742100,1752037391721,0,0.0015,0.0015129,38.17,BTC-25JUL25-125000-C,108616.78,buy,0.3,0.3,,,,,,,1752037391.721
1679,374742183,1752037460806,0,0.0016,0.00150263,38.68,BTC-25JUL25-125000-C,108599.65,buy,0.1,0.1,,,,,,,1752037460.806
1680,374745172,1752041155339,1,0.0016,0.00167017,38.41,BTC-25JUL25-125000-C,108758.2,sell,0.3,0.3,,,,,,,1752041155.339
1681,374746785,1752044702708,0,0.0017,0.00178395,38.7,BTC-25JUL25-125000-C,108865.66,buy,0.3,0.3,,,,,,,1752044702.708
1682,374749402,1752048489484,2,0.0016,0.00169506,38.57,BTC-25JUL25-125000-C,108735.74,buy,0.1,0.1,,,,,,,1752048489.484
1683,374749421,1752048490529,3,0.0016,0.00169521,38.57,BTC-25JUL25-125000-C,108738.8,buy,0.2,0.2,,,,,,,1752048490.529
1684,374752221,1752053433958,3,0.0016,0.00150046,38.85,BTC-25JUL25-125000-C,108611.37,buy,0.1,0.1,,,,,,,1752053433.958
1685,374771346,1752070159401,0,0.002,0.00202796,39.35,BTC-25JUL25-125000-C,109291.24,sell,1.0,1.0,,,,,,,1752070159.401
1686,374779411,1752073519792,2,0.0019,0.00187197,39.3,BTC-25JUL25-125000-C,109180.38,buy,0.1,0.1,,,,,,,1752073519.792
1687,374816195,1752090861022,0,0.0041,0.00393695,40.45,BTC-25JUL25-125000-C,111871.14,buy,0.1,0.1,,,,,,,1752090861.022
1688,374819445,1752091213267,1,0.0041,0.00400639,40.51,BTC-25JUL25-125000-C,111857.78,buy,20.0,20.0,,,,,,,1752091213.267
1689,374819447,1752091214402,1,0.0041,0.00400664,40.48,BTC-25JUL25-125000-C,111868.83,buy,5.0,5.0,,,,,,,1752091214.402
1690,374821414,1752091433850,1,0.0041,0.00396867,40.8,BTC-25JUL25-125000-C,111763.86,buy,12.2,12.2,,,,,,,1752091433.85
1691,374822422,1752091557842,2,0.004,0.00395707,40.82,BTC-25JUL25-125000-C,111657.25,sell,0.5,0.5,,,,,,,1752091557.842
1693,374822648,1752091580504,3,0.0036,0.00387013,39.9,BTC-25JUL25-125000-C,111591.85,sell,9.0,9.0,,,,,,,1752091580.504
1692,374822647,1752091580504,2,0.0036,0.00387013,39.9,BTC-25JUL25-125000-C,111591.85,sell,10.0,10.0,,,,,,,1752091580.504
1694,374822649,1752091580504,3,0.0036,0.00387013,39.9,BTC-25JUL25-125000-C,111591.85,sell,1.6,1.6,,,,,,,1752091580.504
1695,374822650,1752091580507,3,0.0036,0.00387013,39.9,BTC-25JUL25-125000-C,111591.85,buy,14.4,14.4,,,,,,,1752091580.507
1696,374822651,1752091580517,3,0.0036,0.00387013,39.9,BTC-25JUL25-125000-C,111591.85,buy,4.0,4.0,,,,,,,1752091580.517
1697,374822652,1752091580525,3,0.0036,0.00387013,39.9,BTC-25JUL25-125000-C,111591.85,buy,4.0,4.0,,,,,,,1752091580.525
1698,374822653,1752091580527,3,0.0036,0.00387013,39.9,BTC-25JUL25-125000-C,111591.85,buy,4.0,4.0,,,,,,,1752091580.527
1699,374822654,1752091580528,3,0.0036,0.00387013,39.9,BTC-25JUL25-125000-C,111591.85,buy,1.1,1.1,,,,,,,1752091580.528
1700,374822655,1752091580531,3,0.0036,0.00387013,39.9,BTC-25JUL25-125000-C,111591.85,buy,1.9,1.9,,,,,,,1752091580.531
1701,374823467,1752091713825,2,0.0034,0.00361374,39.88,BTC-25JUL25-125000-C,111368.56,sell,2.0,2.0,,,,,,,1752091713.825
1702,374827657,1752092854185,2,0.0028,0.00274016,38.71,BTC-25JUL25-125000-C,111056.31,buy,0.1,0.1,,,,,,,1752092854.185
1703,374850764,1752100602721,0,0.003,0.00296721,39.19,BTC-25JUL25-125000-C,111153.38,sell,0.1,0.1,,,,,,,1752100602.721
1704,374853048,1752101137678,2,0.0028,0.00301367,38.04,BTC-25JUL25-125000-C,111362.88,sell,0.3,0.3,,,,,,,1752101137.678
1705,374853049,1752101137688,3,0.0028,0.00301367,38.04,BTC-25JUL25-125000-C,111362.88,buy,1.7,1.7,,,,,,,1752101137.688
1706,374864846,1752107191485,0,0.0031,0.00301535,39.29,BTC-25JUL25-125000-C,111250.34,buy,0.1,0.1,,,,,,,1752107191.485
1707,374874158,1752114243279,0,0.0033,0.00335188,39.5,BTC-25JUL25-125000-C,111474.24,buy,0.1,0.1,,,,,,,1752114243.279
1708,374878810,1752120181175,2,0.003,0.00294865,39.65,BTC-25JUL25-125000-C,111096.01,sell,1.4,1.4,,,,,,,1752120181.175
1709,374899889,1752142439893,0,0.0033,0.00331352,41.05,BTC-25JUL25-125000-C,111040.98,sell,0.3,0.3,,,,,,,1752142439.893
1710,374899892,1752142441967,1,0.0033,0.00331347,41.05,BTC-25JUL25-125000-C,111040.98,sell,0.3,0.3,,,,,,,1752142441.967
1711,374899893,1752142444020,1,0.0033,0.00331348,41.05,BTC-25JUL25-125000-C,111040.98,sell,0.2,0.2,,,,,,,1752142444.02
1712,374899895,1752142446078,1,0.0033,0.00331346,41.05,BTC-25JUL25-125000-C,111040.98,sell,0.2,0.2,,,,,,,1752142446.078
1713,374905226,1752148244982,1,0.0033,0.00324997,41.1,BTC-25JUL25-125000-C,111112.82,buy,0.1,0.1,,,,,,,1752148244.982
1714,374905227,1752148244982,1,0.0033,0.00324997,41.1,BTC-25JUL25-125000-C,111112.82,buy,0.2,0.2,,,,,,,1752148244.982
1715,374905229,1752148246432,1,0.0033,0.00325004,41.1,BTC-25JUL25-125000-C,111112.82,buy,0.1,0.1,,,,,,,1752148246.432
1716,374905232,1752148247877,1,0.0033,0.00325004,41.1,BTC-25JUL25-125000-C,111112.81,buy,0.4,0.4,,,,,,,1752148247.877
1717,374905233,1752148249320,1,0.0033,0.00325004,41.1,BTC-25JUL25-125000-C,111112.82,buy,0.1,0.1,,,,,,,1752148249.32
1718,374905234,1752148250751,1,0.0033,0.0032498,41.1,BTC-25JUL25-125000-C,111112.82,buy,0.1,0.1,,,,,,,1752148250.751
1719,374905235,1752148252184,1,0.0033,0.00324999,41.1,BTC-25JUL25-125000-C,111112.57,buy,0.1,0.1,,,,,,,1752148252.184
1720,374905236,1752148253611,1,0.0033,0.00324999,41.1,BTC-25JUL25-125000-C,111112.99,buy,0.1,0.1,,,,,,,1752148253.611
1721,374905238,1752148255057,1,0.0033,0.00325003,41.1,BTC-25JUL25-125000-C,111113.03,buy,0.1,0.1,,,,,,,1752148255.057
1722,374905242,1752148256498,1,0.0033,0.00325003,41.1,BTC-25JUL25-125000-C,111113.03,buy,0.1,0.1,,,,,,,1752148256.498
1723,374905246,1752148293952,1,0.0033,0.0032398,41.13,BTC-25JUL25-125000-C,111096.29,buy,0.4,0.4,,,,,,,1752148293.952
1724,374906087,1752149204097,2,0.0032,0.00319262,41.23,BTC-25JUL25-125000-C,110923.33,sell,0.1,0.1,,,,,,,1752149204.097
1725,374906113,1752149222445,3,0.0032,0.00319328,41.24,BTC-25JUL25-125000-C,110921.88,sell,3.8,3.8,,,,,,,1752149222.445
1726,374906192,1752149242887,3,0.0032,0.00319417,41.25,BTC-25JUL25-125000-C,110914.06,sell,11.1,11.1,,,,,,,1752149242.887
1727,374908810,1752152528457,2,0.0028,0.00283317,39.88,BTC-25JUL25-125000-C,110941.86,buy,4.3,4.3,,,,,,,1752152528.457
1728,374908960,1752152610137,3,0.0028,0.0028337,39.83,BTC-25JUL25-125000-C,110977.88,buy,5.7,5.7,,,,,,,1752152610.137
1729,374917100,1752157019753,0,0.0031,0.00302853,40.33,BTC-25JUL25-125000-C,111232.64,buy,0.1,0.1,,,,,,,1752157019.753
1730,374917102,1752157028024,0,0.0032,0.0030305,40.65,BTC-25JUL25-125000-C,111232.44,buy,4.9,4.9,,,,,,,1752157028.024
1731,374933845,1752164064562,2,0.0031,0.00310197,39.69,BTC-25JUL25-125000-C,111547.83,buy,0.1,0.1,,,,,,,1752164064.562
1732,374935580,1752164446210,0,0.0032,0.00328432,39.25,BTC-25JUL25-125000-C,111835.71,buy,0.1,0.1,,,,,,,1752164446.21
1733,374936260,1752164610007,0,0.0033,0.00336253,39.33,BTC-25JUL25-125000-C,111938.58,buy,0.1,0.1,,,,,,,1752164610.007
1734,374942221,1752165178907,0,0.0043,0.00421319,40.32,BTC-25JUL25-125000-C,112674.69,buy,7.0,7.0,,,,,,,1752165178.907
1735,374942254,1752165186415,1,0.0043,0.00425396,40.29,BTC-25JUL25-125000-C,112680.75,buy,4.0,4.0,,,,,,,1752165186.415
1736,374942256,1752165186429,1,0.0043,0.00425396,40.29,BTC-25JUL25-125000-C,112680.75,buy,4.0,4.0,,,,,,,1752165186.429
1737,374942258,1752165186440,1,0.0043,0.00425396,40.29,BTC-25JUL25-125000-C,112680.75,buy,2.7,2.7,,,,,,,1752165186.44
1738,374942967,1752165318673,1,0.0043,0.00418641,40.48,BTC-25JUL25-125000-C,112617.54,sell,0.5,0.5,,,,,,,1752165318.673
1740,374945867,1752165902098,1,0.0046,0.00436042,41.0,BTC-25JUL25-125000-C,112715.43,buy,0.9,0.9,,,,,,,1752165902.098
1739,374945866,1752165902098,0,0.0046,0.00436042,41.0,BTC-25JUL25-125000-C,112715.43,buy,0.1,0.1,,,,,,,1752165902.098
1741,374945868,1752165902101,1,0.0046,0.00436042,41.0,BTC-25JUL25-125000-C,112715.43,sell,15.0,15.0,,,,,,,1752165902.101
1742,374945869,1752165902110,1,0.0046,0.00436042,41.0,BTC-25JUL25-125000-C,112715.43,sell,0.1,0.1,,,,,,,1752165902.11
1743,374945870,1752165902127,1,0.0046,0.00436042,41.0,BTC-25JUL25-125000-C,112715.43,sell,2.0,2.0,,,,,,,1752165902.127
1744,374945883,1752165905204,1,0.0046,0.00436686,41.04,BTC-25JUL25-125000-C,112706.89,sell,1.9,1.9,,,,,,,1752165905.204
1745,374949793,1752166827923,2,0.0043,0.00433103,40.38,BTC-25JUL25-125000-C,112697.6,buy,0.2,0.2,,,,,,,1752166827.923
1746,374951461,1752167134027,3,0.0043,0.00445411,39.92,BTC-25JUL25-125000-C,112894.16,buy,2.0,2.0,,,,,,,1752167134.027
1747,374951597,1752167147544,3,0.0043,0.00451361,39.74,BTC-25JUL25-125000-C,112969.4,buy,2.8,2.8,,,,,,,1752167147.544
1748,374976014,1752171750144,0,0.0046,0.00481999,39.09,BTC-25JUL25-125000-C,113500.33,buy,0.2,0.2,,,,,,,1752171750.144
1749,374980506,1752173704346,2,0.0044,0.00444402,38.89,BTC-25JUL25-125000-C,113401.99,buy,1.0,1.0,,,,,,,1752173704.346
1750,374981452,1752174216372,0,0.0046,0.00454542,38.97,BTC-25JUL25-125000-C,113576.19,buy,0.1,0.1,,,,,,,1752174216.372
1751,374981453,1752174218045,1,0.0046,0.00454459,38.97,BTC-25JUL25-125000-C,113576.22,sell,0.3,0.3,,,,,,,1752174218.045
1752,374981456,1752174218350,1,0.0046,0.00454474,38.97,BTC-25JUL25-125000-C,113575.24,sell,0.1,0.1,,,,,,,1752174218.35
1753,374983806,1752175372583,1,0.0046,0.00453226,39.14,BTC-25JUL25-125000-C,113564.24,sell,0.5,0.5,,,,,,,1752175372.583
1754,375002614,1752182259272,0,0.0055,0.00545612,37.72,BTC-25JUL25-125000-C,114905.41,buy,10.0,10.0,,,,,,,1752182259.272
1755,375005682,1752182315898,0,0.006,0.00603611,37.5,BTC-25JUL25-125000-C,115317.51,buy,1.0,1.0,,,,,,,1752182315.898
1756,375006363,1752182321305,1,0.006,0.0062502,37.09,BTC-25JUL25-125000-C,115440.22,buy,1.0,1.0,,,,,,,1752182321.305
1757,375008412,1752182362114,0,0.0065,0.00630837,37.4,BTC-25JUL25-125000-C,115669.33,buy,2.0,2.0,,,,,T,,1752182362.114
1758,375009098,1752182365417,1,0.0065,0.00656245,37.06,BTC-25JUL25-125000-C,115789.51,buy,0.5,0.5,,,,,,,1752182365.417
1759,375010320,1752182367978,1,0.0065,0.0068723,36.51,BTC-25JUL25-125000-C,116110.45,buy,2.2,2.2,,,,,,,1752182367.978
1760,375010428,1752182368342,1,0.0065,0.0068723,36.51,BTC-25JUL25-125000-C,116110.45,buy,5.3,5.3,,,,,,,1752182368.342
1761,375010988,1752182370179,0,0.007,0.00715742,36.84,BTC-25JUL25-125000-C,116177.99,buy,1.0,1.0,,,,,,,1752182370.179
1762,375011056,1752182370495,1,0.007,0.00715742,36.84,BTC-25JUL25-125000-C,116177.99,buy,1.0,1.0,,,,,,,1752182370.495
1763,375011251,1752182371094,0,0.0075,0.00723264,36.8,BTC-25JUL25-125000-C,116487.4,buy,1.0,1.0,,,,,,,1752182371.094
1764,375011252,1752182371094,1,0.0075,0.00723264,36.8,BTC-25JUL25-125000-C,116487.4,buy,20.0,20.0,,,,,,,1752182371.094
1765,375015709,1752182404830,1,0.0075,0.00776986,36.42,BTC-25JUL25-125000-C,116603.52,buy,0.4,0.4,,,,,,,1752182404.83
1766,375017006,1752182427996,1,0.0075,0.00746707,37.31,BTC-25JUL25-125000-C,116364.76,buy,6.0,6.0,,,,,,,1752182427.996
1767,375017007,1752182427998,1,0.0075,0.00746707,37.31,BTC-25JUL25-125000-C,116364.76,sell,7.0,7.0,,,,,,,1752182427.998
1768,375022376,1752182602781,2,0.007,0.00676113,37.61,BTC-25JUL25-125000-C,116079.63,buy,0.1,0.1,,,,,,,1752182602.781
1769,375022524,1752182606410,2,0.0065,0.00682167,36.54,BTC-25JUL25-125000-C,116116.42,sell,0.5,0.5,,,,,,,1752182606.41
1770,375024532,1752182664232,0,0.008,0.0076877,37.79,BTC-25JUL25-125000-C,116669.29,buy,3.0,3.0,,,,,,,1752182664.232
1771,375036926,1752183098910,2,0.0075,0.00762126,38.1,BTC-25JUL25-125000-C,116281.91,buy,0.1,0.1,,,,,,,1752183098.91
1772,375041614,1752183468622,3,0.0075,0.00734944,38.59,BTC-25JUL25-125000-C,116144.85,buy,0.1,0.1,,,,,,,1752183468.622
1773,375041615,1752183468624,3,0.0075,0.00734944,38.59,BTC-25JUL25-125000-C,116144.85,sell,0.3,0.3,,,,,,,1752183468.624
1774,375042668,1752183598779,3,0.0075,0.00755809,38.12,BTC-25JUL25-125000-C,116309.7,sell,0.5,0.5,,,,,,,1752183598.779
1775,375045037,1752183705911,3,0.0075,0.00734425,38.2,BTC-25JUL25-125000-C,116307.75,buy,0.1,0.1,,,,,,,1752183705.911
1776,375045996,1752183771224,3,0.0075,0.00757295,37.63,BTC-25JUL25-125000-C,116543.64,buy,0.4,0.4,,,,,,,1752183771.224
1777,375053751,1752184431973,0,0.008,0.00766314,38.67,BTC-25JUL25-125000-C,116406.48,buy,0.1,0.1,,,,,,,1752184431.973
1778,375053986,1752184468020,0,0.0085,0.00771237,39.57,BTC-25JUL25-125000-C,116404.57,buy,0.1,0.1,,,,,,,1752184468.02
1780,375054052,1752184476093,1,0.0085,0.00785468,39.4,BTC-25JUL25-125000-C,116444.61,buy,2.0,2.0,,,,,,,1752184476.093
1779,375054051,1752184476093,1,0.0085,0.00785468,39.4,BTC-25JUL25-125000-C,116444.61,buy,1.8,1.8,,,,,,,1752184476.093
1781,375054053,1752184476093,1,0.0085,0.00785468,39.4,BTC-25JUL25-125000-C,116444.61,buy,6.0,6.0,,,,,,,1752184476.093
1782,375059765,1752185253196,2,0.008,0.00787636,38.89,BTC-25JUL25-125000-C,116361.97,buy,0.2,0.2,,,,,,,1752185253.196
1783,375061044,1752185398566,3,0.008,0.00793485,38.93,BTC-25JUL25-125000-C,116321.0,buy,0.1,0.1,,,,,,,1752185398.566
1784,375063076,1752185544871,2,0.0075,0.00746042,38.89,BTC-25JUL25-125000-C,116003.21,buy,0.3,0.3,,,,,,,1752185544.871
1785,375063219,1752185553364,3,0.0075,0.00750582,38.84,BTC-25JUL25-125000-C,116023.22,buy,0.1,0.1,,,,,,,1752185553.364
1786,375063220,1752185553368,3,0.0075,0.00750582,38.84,BTC-25JUL25-125000-C,116023.22,buy,0.1,0.1,,,,,,,1752185553.368
1787,375063271,1752185556206,3,0.0075,0.00752542,38.81,BTC-25JUL25-125000-C,116046.19,buy,0.2,0.2,,,,,,,1752185556.206
1788,375063272,1752185556209,3,0.0075,0.00752542,38.81,BTC-25JUL25-125000-C,116046.19,buy,0.3,0.3,,,,,,,1752185556.209
1789,375063357,1752185571372,3,0.0075,0.00762867,38.63,BTC-25JUL25-125000-C,116089.61,buy,0.1,0.1,,,,,,,1752185571.372
1790,375063358,1752185571378,3,0.0075,0.00762867,38.63,BTC-25JUL25-125000-C,116089.61,buy,0.4,0.4,,,,,,,1752185571.378
1791,375064183,1752185781954,2,0.0074,0.00772626,38.12,BTC-25JUL25-125000-C,116169.27,sell,25.0,25.0,,BTC-CBUT-25JUL25-112000_116000_125000,3.0,BLOCK-209723,,,1752185781.954
1792,375064635,1752185910884,0,0.0075,0.00769121,38.31,BTC-25JUL25-125000-C,116194.5,buy,0.2,0.2,,,,,,,1752185910.884
1793,375066247,1752186347386,2,0.007,0.00721904,38.22,BTC-25JUL25-125000-C,115910.19,sell,0.5,0.5,,,,,,,1752186347.386
1794,375070581,1752187674822,3,0.007,0.00682781,37.73,BTC-25JUL25-125000-C,116097.5,buy,0.3,0.3,,,,,,,1752187674.822
1795,375070582,1752187674822,3,0.007,0.00682781,37.73,BTC-25JUL25-125000-C,116097.5,buy,0.1,0.1,,,,,,,1752187674.822
1797,375070584,1752187674824,3,0.007,0.00682781,37.73,BTC-25JUL25-125000-C,116097.5,sell,0.8,0.8,,,,,,,1752187674.824
1796,375070583,1752187674824,3,0.007,0.00682781,37.73,BTC-25JUL25-125000-C,116097.5,sell,1.8,1.8,,,,,,,1752187674.824
1798,375074349,1752189175281,2,0.0065,0.00672088,37.2,BTC-25JUL25-125000-C,115932.19,sell,2.0,2.0,,,,,,,1752189175.281
1800,375078325,1752191342623,3,0.006,0.00632292,36.51,BTC-25JUL25-125000-C,115800.87,sell,1.5,1.5,,,,,,,1752191342.623
1799,375078324,1752191342623,2,0.006,0.00632292,36.51,BTC-25JUL25-125000-C,115800.87,sell,1.3,1.3,,,,,,,1752191342.623
1801,375080719,1752192273214,0,0.0065,0.0064748,36.98,BTC-25JUL25-125000-C,116018.49,buy,0.1,0.1,,,,,,,1752192273.214
1802,375080720,1752192273214,1,0.0065,0.0064748,36.98,BTC-25JUL25-125000-C,116018.49,buy,0.9,0.9,,,,,,,1752192273.214
1803,375098165,1752199598609,2,0.006,0.00608706,36.18,BTC-25JUL25-125000-C,115935.81,buy,0.1,0.1,,,,,,,1752199598.609
1804,375099379,1752200005903,3,0.006,0.00616,36.1,BTC-25JUL25-125000-C,115947.37,buy,10.0,10.0,,,,,,,1752200005.903
1805,375099380,1752200005903,3,0.006,0.00616,36.1,BTC-25JUL25-125000-C,115947.37,buy,3.5,3.5,,,,,,,1752200005.903
1806,375099381,1752200005920,3,0.006,0.00616,36.1,BTC-25JUL25-125000-C,115947.37,buy,0.2,0.2,,,,,,,1752200005.92
1808,375100355,1752200180809,3,0.006,0.00639551,35.69,BTC-25JUL25-125000-C,116102.16,sell,1.5,1.5,,,,,,,1752200180.809
1809,375100356,1752200180809,3,0.006,0.00639551,35.69,BTC-25JUL25-125000-C,116102.16,sell,11.6,11.6,,,,,,,1752200180.809
1807,375100354,1752200180809,3,0.006,0.00639551,35.69,BTC-25JUL25-125000-C,116102.16,sell,0.3,0.3,,,,,,,1752200180.809
1813,375100752,1752200272232,3,0.006,0.00645675,35.54,BTC-25JUL25-125000-C,116163.5,sell,4.4,4.4,,,,,,,1752200272.232
1810,375100749,1752200272232,3,0.006,0.00645675,35.54,BTC-25JUL25-125000-C,116163.5,sell,3.0,3.0,,,,,,,1752200272.232
1812,375100751,1752200272232,3,0.006,0.00645675,35.54,BTC-25JUL25-125000-C,116163.5,sell,1.0,1.0,,,,,,,1752200272.232
1811,375100750,1752200272232,3,0.006,0.00645675,35.54,BTC-25JUL25-125000-C,116163.5,sell,5.0,5.0,,,,,,,1752200272.232
1814,375101111,1752200379537,3,0.006,0.00649302,35.47,BTC-25JUL25-125000-C,116181.93,sell,3.5,3.5,,,,,,,1752200379.537
1815,375108903,1752202022999,0,0.007,0.00698146,36.54,BTC-25JUL25-125000-C,116534.75,buy,0.1,0.1,,,,,,,1752202022.999
1816,375109904,1752202235163,1,0.007,0.00711885,36.46,BTC-25JUL25-125000-C,116587.23,sell,9.9,9.9,,,,,,,1752202235.163
1817,375109958,1752202245598,1,0.007,0.00708818,36.47,BTC-25JUL25-125000-C,116583.55,buy,1.5,1.5,,,,,,,1752202245.598
1818,375110287,1752202274890,1,0.007,0.00715449,36.31,BTC-25JUL25-125000-C,116631.04,buy,12.9,12.9,,,,,,,1752202274.89
1819,375110290,1752202274965,1,0.007,0.00715449,36.31,BTC-25JUL25-125000-C,116631.04,buy,0.7,0.7,,,,,,,1752202274.965
1821,375110643,1752202282665,3,0.0065,0.0071836,35.3,BTC-25JUL25-125000-C,116641.52,sell,0.7,0.7,,,,,,,1752202282.665
1820,375110642,1752202282665,2,0.0065,0.0071836,35.3,BTC-25JUL25-125000-C,116641.52,sell,1.8,1.8,,,,,,,1752202282.665
1822,375110644,1752202282665,3,0.0065,0.0071836,35.3,BTC-25JUL25-125000-C,116641.52,sell,1.2,1.2,,,,,,,1752202282.665
1825,375110647,1752202282665,3,0.0065,0.0071836,35.3,BTC-25JUL25-125000-C,116641.52,sell,1.5,1.5,,,,,,,1752202282.665
1824,375110646,1752202282665,3,0.0065,0.0071836,35.3,BTC-25JUL25-125000-C,116641.52,sell,9.8,9.8,,,,,,,1752202282.665
1823,375110645,1752202282665,3,0.0065,0.0071836,35.3,BTC-25JUL25-125000-C,116641.52,sell,10.0,10.0,,,,,,,1752202282.665
1826,375110748,1752202289209,0,0.007,0.00718471,36.25,BTC-25JUL25-125000-C,116641.56,sell,1.0,1.0,,,,,,,1752202289.209
1827,375112742,1752202949686,1,0.007,0.00713031,36.35,BTC-25JUL25-125000-C,116618.97,sell,4.4,4.4,,,,,,,1752202949.686
1828,375112743,1752202949686,1,0.007,0.00713031,36.35,BTC-25JUL25-125000-C,116618.97,sell,1.4,1.4,,,,,,,1752202949.686
1829,375119745,1752206163456,0,0.0075,0.00754046,36.41,BTC-25JUL25-125000-C,116906.53,buy,2.9,2.9,,,,,,,1752206163.456
1830,375119752,1752206163498,1,0.0075,0.00754046,36.41,BTC-25JUL25-125000-C,116906.53,buy,0.1,0.1,,,,,,,1752206163.498
1831,375122480,1752208109234,2,0.007,0.00716331,36.26,BTC-25JUL25-125000-C,116635.41,buy,1.9,1.9,,,,,,,1752208109.234
1832,375122489,1752208120373,3,0.007,0.00716207,36.26,BTC-25JUL25-125000-C,116636.85,buy,0.1,0.1,,,,,,,1752208120.373
1833,375129817,1752210881268,0,0.008,0.00800203,36.07,BTC-25JUL25-125000-C,117305.64,buy,5.0,5.0,,,,,,,1752210881.268
1834,375129862,1752210890992,1,0.008,0.00797538,36.16,BTC-25JUL25-125000-C,117277.84,sell,12.4,12.4,,,,,,,1752210890.992
1835,375129863,1752210891009,1,0.008,0.00797538,36.16,BTC-25JUL25-125000-C,117277.84,sell,2.6,2.6,,,,,,,1752210891.009
1837,375141752,1752211870127,1,0.0085,0.00872933,35.56,BTC-25JUL25-125000-C,117700.89,buy,2.7,2.7,,,,,,,1752211870.127
1836,375141751,1752211870127,0,0.0085,0.00872933,35.56,BTC-25JUL25-125000-C,117700.89,buy,0.1,0.1,,,,,,,1752211870.127
1838,375141753,1752211870134,1,0.0085,0.00872933,35.56,BTC-25JUL25-125000-C,117700.89,buy,0.2,0.2,,,,,,,1752211870.134
1839,375141773,1752211874117,1,0.0085,0.00873247,35.48,BTC-25JUL25-125000-C,117724.88,buy,2.1,2.1,,,,,,,1752211874.117
1840,375144556,1752212039846,0,0.009,0.00888543,36.12,BTC-25JUL25-125000-C,117794.66,buy,0.1,0.1,,,,,,,1752212039.846
1841,375144557,1752212039848,1,0.009,0.00888543,36.12,BTC-25JUL25-125000-C,117794.66,sell,0.6,0.6,,,,,,,1752212039.848
1842,375146462,1752212135644,0,0.0095,0.00912231,36.73,BTC-25JUL25-125000-C,117875.92,buy,0.1,0.1,,,,,,,1752212135.644
1843,375149412,1752212503816,2,0.009,0.00921304,36.04,BTC-25JUL25-125000-C,117827.76,buy,0.6,0.6,,,,,,,1752212503.816
1844,375149413,1752212503818,3,0.009,0.00921304,36.04,BTC-25JUL25-125000-C,117827.76,buy,0.1,0.1,,,,,,,1752212503.818
1845,375155751,1752212859112,0,0.01,0.00992615,36.59,BTC-25JUL25-125000-C,118174.65,buy,2.8,2.8,,,,,,,1752212859.112
1846,375155752,1752212859122,1,0.01,0.00992615,36.59,BTC-25JUL25-125000-C,118174.65,buy,0.1,0.1,,,,,,,1752212859.122
1847,375155753,1752212859128,1,0.01,0.00992615,36.59,BTC-25JUL25-125000-C,118174.65,buy,0.1,0.1,,,,,,,1752212859.128
1848,375156240,1752212866633,1,0.01,0.00994342,36.61,BTC-25JUL25-125000-C,118165.69,buy,0.1,0.1,,,,,,,1752212866.633
1849,375156252,1752212866663,1,0.01,0.00994342,36.61,BTC-25JUL25-125000-C,118165.69,buy,0.1,0.1,,,,,,,1752212866.663
1850,375156256,1752212866685,1,0.01,0.00994342,36.61,BTC-25JUL25-125000-C,118165.69,buy,0.1,0.1,,,,,,,1752212866.685
1851,375156340,1752212873127,1,0.01,0.01010197,36.3,BTC-25JUL25-125000-C,118264.44,buy,0.1,0.1,,,,,,,1752212873.127
1852,375156365,1752212876627,1,0.01,0.01015223,36.28,BTC-25JUL25-125000-C,118265.04,buy,6.6,6.6,,,,,,,1752212876.627
1853,375165009,1752213360773,1,0.01,0.00987235,37.01,BTC-25JUL25-125000-C,118051.3,sell,0.1,0.1,,,,,,,1752213360.773
1854,375165010,1752213360812,1,0.01,0.00987235,37.01,BTC-25JUL25-125000-C,118051.3,sell,0.1,0.1,,,,,,,1752213360.812
1855,375165067,1752213361738,1,0.01,0.00983677,37.02,BTC-25JUL25-125000-C,118032.86,sell,0.1,0.1,,,,,,,1752213361.738
1856,375168838,1752213603127,2,0.0095,0.00964024,36.7,BTC-25JUL25-125000-C,117898.26,sell,1.0,1.0,,,,,,,1752213603.127
1857,375169311,1752213689075,3,0.0095,0.00963453,36.78,BTC-25JUL25-125000-C,117878.38,buy,1.0,1.0,,,,,,,1752213689.075
1858,375169894,1752213773588,0,0.01,0.00979628,37.38,BTC-25JUL25-125000-C,117951.35,buy,0.1,0.1,,,,,,,1752213773.588
1859,375169895,1752213773588,1,0.01,0.00979628,37.38,BTC-25JUL25-125000-C,117951.35,buy,0.1,0.1,,,,,,,1752213773.588
1860,375174944,1752214080346,0,0.0105,0.01068224,36.64,BTC-25JUL25-125000-C,118435.24,buy,0.6,0.6,,,,,,,1752214080.346
1862,375174963,1752214083499,1,0.0105,0.01069448,36.63,BTC-25JUL25-125000-C,118430.58,buy,5.0,5.0,,,,,,,1752214083.499
1861,375174962,1752214083499,1,0.0105,0.01069448,36.63,BTC-25JUL25-125000-C,118430.58,buy,9.6,9.6,,,,,,,1752214083.499
1863,375181129,1752215007123,0,0.011,0.01074082,37.84,BTC-25JUL25-125000-C,118336.38,buy,0.2,0.2,,,,,,,1752215007.123
1865,375183037,1752215541739,3,0.0105,0.0102903,37.71,BTC-25JUL25-125000-C,118146.14,buy,14.2,14.2,,,,,,,1752215541.739
1866,375183038,1752215541739,3,0.0105,0.0102903,37.71,BTC-25JUL25-125000-C,118146.14,buy,11.7,11.7,,,,,,,1752215541.739
1864,375183036,1752215541739,2,0.0105,0.0102903,37.71,BTC-25JUL25-125000-C,118146.14,buy,0.3,0.3,,,,,,,1752215541.739
1867,375183039,1752215541739,3,0.0105,0.0102903,37.71,BTC-25JUL25-125000-C,118146.14,buy,7.8,7.8,,,,,,,1752215541.739
1868,375185061,1752215836336,0,0.011,0.01062571,38.41,BTC-25JUL25-125000-C,118157.17,buy,10.3,10.3,,,,,,,1752215836.336
1869,375193224,1752217777502,2,0.0105,0.0106741,39.65,BTC-25JUL25-125000-C,117509.92,sell,1.1,1.1,,,,,,,1752217777.502
1870,375195423,1752218624311,0,0.011,0.01080955,39.85,BTC-25JUL25-125000-C,117732.28,buy,0.1,0.1,,,,,,,1752218624.311
1872,375195425,1752218624311,1,0.011,0.01080955,39.85,BTC-25JUL25-125000-C,117732.28,buy,1.5,1.5,,,,,,,1752218624.311
1871,375195424,1752218624311,1,0.011,0.01080955,39.85,BTC-25JUL25-125000-C,117732.28,buy,0.5,0.5,,,,,,,1752218624.311
1873,375195426,1752218624311,1,0.011,0.01080955,39.85,BTC-25JUL25-125000-C,117732.28,buy,1.5,1.5,,,,,,,1752218624.311
1874,375195427,1752218624311,1,0.011,0.01080955,39.85,BTC-25JUL25-125000-C,117732.28,buy,3.8,3.8,,,,,,,1752218624.311
1875,375195428,1752218624314,1,0.011,0.01080955,39.85,BTC-25JUL25-125000-C,117732.28,sell,4.7,4.7,,,,,,,1752218624.314
1876,375195429,1752218624317,1,0.011,0.01080955,39.85,BTC-25JUL25-125000-C,117732.28,sell,0.8,0.8,,,,,,,1752218624.317
1877,375195430,1752218624319,1,0.011,0.01080955,39.85,BTC-25JUL25-125000-C,117732.28,sell,0.1,0.1,,,,,,,1752218624.319
1878,375195431,1752218624322,1,0.011,0.01080955,39.85,BTC-25JUL25-125000-C,117732.28,sell,2.0,2.0,,,,,,,1752218624.322
1879,375195522,1752218643427,1,0.011,0.01095508,39.65,BTC-25JUL25-125000-C,117780.91,sell,0.8,0.8,,,,,,,1752218643.427
1880,375195543,1752218644432,1,0.011,0.01095028,39.67,BTC-25JUL25-125000-C,117777.5,sell,0.9,0.9,,,,,,,1752218644.432
1881,375195544,1752218644436,1,0.011,0.01095028,39.67,BTC-25JUL25-125000-C,117777.5,sell,0.4,0.4,,,,,,,1752218644.436
1882,375196643,1752218947773,0,0.0113,0.01131305,39.66,BTC-25JUL25-125000-C,117921.82,sell,25.0,25.0,,BTC-CBUT-25JUL25-116000_120000_125000,3.0,BLOCK-209928,,,1752218947.773
1883,375196688,1752218953003,2,0.0112,0.01124111,39.65,BTC-25JUL25-125000-C,117881.17,sell,25.0,25.0,,BTC-CBUT-25JUL25-116000_120000_125000,3.0,BLOCK-209929,,,1752218953.003
1884,375197115,1752219044902,3,0.0112,0.01124268,39.62,BTC-25JUL25-125000-C,117899.46,sell,25.0,25.0,,BTC-CBUT-25JUL25-116000_120000_125000,3.0,BLOCK-209931,,,1752219044.902
1885,375197199,1752219050831,3,0.0112,0.01130542,39.51,BTC-25JUL25-125000-C,117925.23,sell,25.0,25.0,,BTC-CBUT-25JUL25-116000_120000_125000,3.0,BLOCK-209932,,,1752219050.831
1886,375198306,1752219243777,0,0.0115,0.01133983,39.99,BTC-25JUL25-125000-C,117936.29,buy,10.7,10.7,,,,,,,1752219243.777
1887,375198307,1752219243777,1,0.0115,0.01133983,39.99,BTC-25JUL25-125000-C,117936.29,buy,0.1,0.1,,,,,,,1752219243.777
1888,375198308,1752219243777,1,0.0115,0.01133983,39.99,BTC-25JUL25-125000-C,117936.29,buy,14.1,14.1,,,,,,,1752219243.777
1889,375198309,1752219243780,1,0.0115,0.01133983,39.99,BTC-25JUL25-125000-C,117936.29,sell,0.1,0.1,,,,,,,1752219243.78
1891,375200520,1752219553877,1,0.012,0.01178156,40.25,BTC-25JUL25-125000-C,118081.04,buy,4.0,4.0,,,,,,,1752219553.877
1890,375200519,1752219553877,0,0.012,0.01178156,40.25,BTC-25JUL25-125000-C,118081.04,buy,11.0,11.0,,,,,,,1752219553.877
1892,375200615,1752219564030,1,0.012,0.01169222,40.38,BTC-25JUL25-125000-C,118046.33,buy,0.1,0.1,,,,,,,1752219564.03
1893,375200616,1752219564030,1,0.012,0.01169222,40.38,BTC-25JUL25-125000-C,118046.33,buy,14.9,14.9,,,,,,,1752219564.03
1894,375202467,1752219878000,1,0.012,0.01171098,40.55,BTC-25JUL25-125000-C,117990.56,buy,15.0,15.0,,,,,,,1752219878.0
1895,375202585,1752219893375,1,0.012,0.0117342,40.49,BTC-25JUL25-125000-C,118008.86,buy,0.1,0.1,,,,,,,1752219893.375
1896,375202884,1752219935908,1,0.012,0.01183317,40.47,BTC-25JUL25-125000-C,118008.95,sell,3.6,3.6,,,,,,,1752219935.908
1897,375202913,1752219938276,1,0.012,0.01181865,40.49,BTC-25JUL25-125000-C,118002.99,sell,4.2,4.2,,,,,,,1752219938.276
1898,375208306,1752220694530,2,0.0115,0.01144032,40.74,BTC-25JUL25-125000-C,117648.91,sell,15.0,15.0,,,,,,,1752220694.53
1899,375209269,1752220838160,2,0.011,0.01138958,39.98,BTC-25JUL25-125000-C,117659.69,sell,5.6,5.6,,,,,,,1752220838.16
1900,375209270,1752220838160,3,0.011,0.01138958,39.98,BTC-25JUL25-125000-C,117659.69,sell,5.4,5.4,,,,,,,1752220838.16
1901,375212259,1752221374964,0,0.0115,0.01164724,40.43,BTC-25JUL25-125000-C,117772.28,sell,2.2,2.2,,,,,,,1752221374.964
1902,375213034,1752221742554,1,0.0115,0.01149056,40.21,BTC-25JUL25-125000-C,117846.9,buy,0.1,0.1,,,,,,,1752221742.554
1903,375215506,1752222910046,2,0.011,0.0113182,38.72,BTC-25JUL25-125000-C,118060.11,sell,2.0,2.0,,,,,,,1752222910.046
1904,375219231,1752224284602,3,0.011,0.01099156,38.87,BTC-25JUL25-125000-C,118009.61,buy,0.1,0.1,,,,,,,1752224284.602
1905,375219279,1752224351332,3,0.011,0.01098562,38.87,BTC-25JUL25-125000-C,118015.32,buy,0.1,0.1,,,,,,,1752224351.332
1906,375219328,1752224425210,3,0.011,0.01097249,38.88,BTC-25JUL25-125000-C,118014.56,buy,0.1,0.1,,,,,,,1752224425.21
1907,375223673,1752226469044,0,0.012,0.01192098,39.04,BTC-25JUL25-125000-C,118462.63,buy,0.4,0.4,,,,,,,1752226469.044
1908,375224802,1752226594778,0,0.0125,0.01256143,38.84,BTC-25JUL25-125000-C,118744.42,buy,11.2,11.2,,,,,,,1752226594.778
1909,375226794,1752226950888,1,0.0125,0.01233842,39.24,BTC-25JUL25-125000-C,118610.36,buy,0.1,0.1,,,,,,,1752226950.888
1910,375226795,1752226950890,1,0.0125,0.01233842,39.24,BTC-25JUL25-125000-C,118610.36,sell,0.1,0.1,,,,,,,1752226950.89
1912,375227155,1752227050683,1,0.0125,0.01248798,39.05,BTC-25JUL25-125000-C,118667.56,sell,0.1,0.1,,,,,,,1752227050.683
1911,375227154,1752227050683,1,0.0125,0.01248798,39.05,BTC-25JUL25-125000-C,118667.56,sell,0.1,0.1,,,,,,,1752227050.683
1913,375227156,1752227050691,1,0.0125,0.01248798,39.05,BTC-25JUL25-125000-C,118667.56,buy,0.3,0.3,,,,,,,1752227050.691
1914,375227170,1752227058546,1,0.0125,0.01248307,39.06,BTC-25JUL25-125000-C,118665.64,buy,0.2,0.2,,,,,,,1752227058.546
1915,375227199,1752227059557,1,0.0125,0.01248151,39.05,BTC-25JUL25-125000-C,118675.07,buy,0.2,0.2,,,,,,,1752227059.557
1916,375227213,1752227060559,1,0.0125,0.01248193,39.02,BTC-25JUL25-125000-C,118684.27,buy,0.2,0.2,,,,,,,1752227060.559
1917,375227215,1752227060772,1,0.0125,0.01248193,39.02,BTC-25JUL25-125000-C,118684.27,buy,0.9,0.9,,,,,,,1752227060.772
1918,375227216,1752227070154,1,0.0125,0.0125325,39.02,BTC-25JUL25-125000-C,118674.53,buy,0.2,0.2,,,,,,,1752227070.154
1919,375227540,1752227182198,1,0.0125,0.0125216,39.01,BTC-25JUL25-125000-C,118678.32,buy,0.2,0.2,,,,,,,1752227182.198
1920,375228470,1752227490668,1,0.0125,0.01257575,38.99,BTC-25JUL25-125000-C,118688.54,sell,3.0,3.0,,,,,,,1752227490.668
1921,375228859,1752227648704,1,0.0125,0.01225928,39.58,BTC-25JUL25-125000-C,118527.79,sell,0.2,0.2,,,,,,,1752227648.704
1922,375229501,1752227999788,1,0.0125,0.01230931,39.61,BTC-25JUL25-125000-C,118512.54,buy,0.2,0.2,,,,,,,1752227999.788
1923,375230533,1752228490584,2,0.0115,0.01195125,38.53,BTC-25JUL25-125000-C,118384.71,sell,0.1,0.1,,,,,,,1752228490.584
1924,375230535,1752228492025,3,0.0115,0.01195271,38.53,BTC-25JUL25-125000-C,118383.48,sell,0.3,0.3,,,,,,,1752228492.025
1925,375230538,1752228493468,3,0.0115,0.01195296,38.53,BTC-25JUL25-125000-C,118384.12,sell,0.1,0.1,,,,,,,1752228493.468
1926,375230540,1752228494902,3,0.0115,0.01194927,38.53,BTC-25JUL25-125000-C,118384.37,sell,0.1,0.1,,,,,,,1752228494.902
1927,375230543,1752228496349,3,0.0115,0.01194993,38.53,BTC-25JUL25-125000-C,118381.81,sell,0.1,0.1,,,,,,,1752228496.349
1928,375230544,1752228497810,3,0.0115,0.01194853,38.54,BTC-25JUL25-125000-C,118381.19,sell,0.4,0.4,,,,,,,1752228497.81
1929,375230545,1752228499249,3,0.0115,0.01194057,38.54,BTC-25JUL25-125000-C,118381.46,sell,0.1,0.1,,,,,,,1752228499.249
1930,375230546,1752228500692,3,0.0115,0.01194057,38.54,BTC-25JUL25-125000-C,118381.81,sell,0.1,0.1,,,,,,,1752228500.692
1931,375230547,1752228502145,3,0.0115,0.01193968,38.55,BTC-25JUL25-125000-C,118376.17,sell,0.1,0.1,,,,,,,1752228502.145
1933,375230589,1752228576269,3,0.0115,0.01190625,38.56,BTC-25JUL25-125000-C,118373.3,sell,0.2,0.2,,,,,,,1752228576.269
1932,375230588,1752228576269,3,0.0115,0.01190625,38.56,BTC-25JUL25-125000-C,118373.3,sell,0.2,0.2,,,,,,,1752228576.269
1934,375233267,1752229374637,2,0.011,0.01125687,38.44,BTC-25JUL25-125000-C,118149.04,sell,0.2,0.2,,,,,,,1752229374.637
1935,375250576,1752236026063,2,0.0105,0.01030374,37.66,BTC-25JUL25-125000-C,118246.94,buy,1.6,1.6,,,,,,,1752236026.063
1936,375250577,1752236026063,3,0.0105,0.01030374,37.66,BTC-25JUL25-125000-C,118246.94,buy,0.1,0.1,,,,,,,1752236026.063
1937,375250578,1752236026063,3,0.0105,0.01030374,37.66,BTC-25JUL25-125000-C,118246.94,buy,4.3,4.3,,,,,,,1752236026.063
1939,375254033,1752236968165,3,0.01,0.00951084,38.53,BTC-25JUL25-125000-C,117782.96,buy,0.3,0.3,,,,,,,1752236968.165
1938,375254032,1752236968165,2,0.01,0.00951084,38.53,BTC-25JUL25-125000-C,117782.96,buy,0.7,0.7,,,,,,,1752236968.165
1940,375256597,1752238397543,2,0.0095,0.00969473,37.37,BTC-25JUL25-125000-C,117868.95,sell,0.1,0.1,,,,,,,1752238397.543
1941,375260174,1752239325064,0,0.0098,0.00942023,38.09,BTC-25JUL25-125000-C,117815.85,buy,25.0,25.0,,,2.0,BLOCK-210066,,,1752239325.064
1942,375261313,1752239500240,2,0.0096,0.00937746,37.86,BTC-25JUL25-125000-C,117777.58,buy,125.0,125.0,,,2.0,BLOCK-210068,,,1752239500.24
1945,375263665,1752239899999,3,0.0095,0.00926755,37.82,BTC-25JUL25-125000-C,117742.0,buy,1.4,1.4,,,,,,,1752239899.999
1946,375263666,1752239899999,3,0.0095,0.00926755,37.82,BTC-25JUL25-125000-C,117742.0,buy,5.1,5.1,,,,,,,1752239899.999
1947,375263667,1752239899999,3,0.0095,0.00926755,37.82,BTC-25JUL25-125000-C,117742.0,buy,0.9,0.9,,,,,,,1752239899.999
1944,375263664,1752239899999,3,0.0095,0.00926755,37.82,BTC-25JUL25-125000-C,117742.0,buy,1.0,1.0,,,,,,,1752239899.999
1943,375263663,1752239899999,2,0.0095,0.00926755,37.82,BTC-25JUL25-125000-C,117742.0,buy,5.0,5.0,,,,,,,1752239899.999
1948,375263668,1752239899999,3,0.0095,0.00926755,37.82,BTC-25JUL25-125000-C,117742.0,buy,16.6,16.6,,,,,,,1752239899.999
1949,375273503,1752241592953,2,0.0085,0.00877023,37.15,BTC-25JUL25-125000-C,117404.12,sell,0.5,0.5,,,,,,,1752241592.953
1950,375273659,1752241646708,3,0.0085,0.00864483,37.34,BTC-25JUL25-125000-C,117363.86,sell,0.5,0.5,,,,,,,1752241646.708
1951,375276993,1752242808908,0,0.0095,0.00975042,36.91,BTC-25JUL25-125000-C,118049.82,buy,0.1,0.1,,,,,,,1752242808.908
1952,375277750,1752243059344,1,0.0095,0.00934711,37.47,BTC-25JUL25-125000-C,117890.08,buy,0.1,0.1,,,,,,,1752243059.344
1953,375277751,1752243059344,1,0.0095,0.00934711,37.47,BTC-25JUL25-125000-C,117890.08,buy,0.3,0.3,,,,,,,1752243059.344
1954,375278174,1752243209824,2,0.0094,0.00951918,37.03,BTC-25JUL25-125000-C,117973.18,sell,2.0,2.0,375278172,BTC-CLAD-25JUL25-122000_124000_125000,,,,,1752243209.824
1955,375281047,1752244051633,0,0.0095,0.00961931,36.96,BTC-25JUL25-125000-C,118030.34,buy,0.1,0.1,,,,,,,1752244051.633
1956,375296309,1752247521917,2,0.0085,0.00863445,36.61,BTC-25JUL25-125000-C,117637.31,buy,3.0,3.0,,,,,,,1752247521.917
1957,375296344,1752247548750,3,0.0085,0.00873874,36.38,BTC-25JUL25-125000-C,117706.29,sell,0.3,0.3,,,,,,,1752247548.75
1958,375297353,1752247851967,3,0.0085,0.00856374,36.65,BTC-25JUL25-125000-C,117628.79,buy,3.0,3.0,,,,,,,1752247851.967
1959,375305748,1752248741014,2,0.008,0.00815854,36.26,BTC-25JUL25-125000-C,117443.9,sell,1.0,1.0,,,,,,,1752248741.014
1960,375313087,1752249654579,2,0.0075,0.00733149,36.82,BTC-25JUL25-125000-C,116955.98,buy,0.5,0.5,,,,,,,1752249654.579
1961,375313697,1752249791247,2,0.007,0.00765196,35.28,BTC-25JUL25-125000-C,117146.64,sell,2.8,2.8,,,,,,,1752249791.247
1962,375314713,1752249956612,3,0.007,0.00724203,36.01,BTC-25JUL25-125000-C,116903.61,buy,3.0,3.0,,,,,,,1752249956.612
1963,375314875,1752249977842,2,0.0065,0.0070432,35.4,BTC-25JUL25-125000-C,116806.32,sell,0.4,0.4,,,,,,,1752249977.842
1964,375315371,1752250052372,3,0.0065,0.0069047,35.53,BTC-25JUL25-125000-C,116761.34,sell,0.1,0.1,,,,,,,1752250052.372
1965,375317036,1752250727139,0,0.007,0.00697345,36.41,BTC-25JUL25-125000-C,116783.69,sell,0.1,0.1,,,,,,,1752250727.139
1966,375320755,1752252625434,1,0.007,0.00762085,34.99,BTC-25JUL25-125000-C,117270.63,sell,10.0,10.0,,,,,,,1752252625.434
1967,375322036,1752253587114,0,0.008,0.00806164,35.9,BTC-25JUL25-125000-C,117559.98,buy,0.4,0.4,,,,,,,1752253587.114
1968,375334159,1752259466461,1,0.008,0.00796439,36.32,BTC-25JUL25-125000-C,117501.01,buy,0.1,0.1,,,,,,,1752259466.461
1969,375334297,1752259523941,1,0.008,0.00830517,35.72,BTC-25JUL25-125000-C,117672.67,sell,1.0,1.0,,,,,,,1752259523.941
1970,375342692,1752263539252,0,0.0085,0.00843647,35.79,BTC-25JUL25-125000-C,117999.46,buy,7.0,7.0,,,,,,,1752263539.252
1971,375343168,1752263893255,0,0.009,0.00867987,36.44,BTC-25JUL25-125000-C,118075.19,buy,1.0,1.0,,,,,,,1752263893.255
1972,375344869,1752264673703,2,0.0085,0.00865478,35.77,BTC-25JUL25-125000-C,117996.21,sell,11.0,11.0,,,,,,,1752264673.703
1973,375354773,1752272216469,2,0.0075,0.00786299,35.38,BTC-25JUL25-125000-C,117562.59,sell,5.0,5.0,,,,,,,1752272216.469
1974,375355259,1752272475687,3,0.0075,0.00783184,35.42,BTC-25JUL25-125000-C,117548.04,sell,0.1,0.1,,,,,,,1752272475.687
1975,375355378,1752272615048,3,0.0075,0.0077011,35.58,BTC-25JUL25-125000-C,117496.24,sell,0.2,0.2,,,,,,,1752272615.048
1976,375358492,1752273934678,3,0.0075,0.00794518,35.55,BTC-25JUL25-125000-C,117496.83,sell,1.0,1.0,,,,,,,1752273934.678
1977,375358498,1752273952530,3,0.0075,0.00792953,35.57,BTC-25JUL25-125000-C,117494.21,sell,1.0,1.0,,,,,,,1752273952.53
1978,375366560,1752283793252,0,0.008,0.00784767,35.97,BTC-25JUL25-125000-C,117722.6,buy,1.0,1.0,,,,,,,1752283793.252
1979,375366570,1752283874821,1,0.008,0.00781243,36.01,BTC-25JUL25-125000-C,117712.98,buy,1.0,1.0,,,,,,,1752283874.821
1980,375366572,1752283899678,1,0.008,0.00781711,36.0,BTC-25JUL25-125000-C,117716.58,buy,1.0,1.0,,,,,,,1752283899.678
1981,375374702,1752303079378,1,0.008,0.00775274,35.45,BTC-25JUL25-125000-C,117976.97,buy,0.1,0.1,,,,,,,1752303079.378
1982,375374731,1752303108429,1,0.008,0.00776823,35.45,BTC-25JUL25-125000-C,117977.02,sell,0.4,0.4,,,,,,,1752303108.429
1983,375374733,1752303131303,1,0.008,0.00777879,35.45,BTC-25JUL25-125000-C,117976.76,buy,0.3,0.3,,,,,,,1752303131.303
1984,375383307,1752310716298,1,0.008,0.00798251,35.66,BTC-25JUL25-125000-C,117949.53,buy,0.1,0.1,,,,,,,1752310716.298
1985,375383573,1752310819653,1,0.008,0.00800244,35.58,BTC-25JUL25-125000-C,117979.52,buy,0.1,0.1,,,,,,,1752310819.653
1986,375383607,1752310852503,1,0.008,0.00796997,35.62,BTC-25JUL25-125000-C,117970.21,buy,0.1,0.1,,,,,,,1752310852.503
1987,375383620,1752310892483,1,0.008,0.00792558,35.67,BTC-25JUL25-125000-C,117958.54,buy,0.1,0.1,,,,,,,1752310892.483
1988,375383810,1752311386531,2,0.0075,0.00778476,34.84,BTC-25JUL25-125000-C,117937.16,sell,0.2,0.2,,,,,,,1752311386.531
1989,375384100,1752311772393,0,0.008,0.00800456,35.3,BTC-25JUL25-125000-C,118058.27,buy,20.1,20.1,,,,,,,1752311772.393
1990,375384276,1752312103609,2,0.0075,0.00793692,34.58,BTC-25JUL25-125000-C,118010.05,sell,0.2,0.2,,,,,,,1752312103.609
1991,375385152,1752313459125,0,0.008,0.00803047,35.37,BTC-25JUL25-125000-C,118049.55,buy,0.3,0.3,,,,,,,1752313459.125
1992,375385371,1752313743999,0,0.0085,0.00806686,36.18,BTC-25JUL25-125000-C,118081.75,buy,0.2,0.2,,,,,,,1752313743.999
1993,375386404,1752314672884,2,0.008,0.00817589,35.2,BTC-25JUL25-125000-C,118106.62,sell,0.3,0.3,,,,,,,1752314672.884
1994,375387186,1752315474538,3,0.008,0.00807359,35.3,BTC-25JUL25-125000-C,118086.44,buy,0.1,0.1,,,,,,,1752315474.538
1995,375392771,1752322793488,2,0.0075,0.00742157,35.41,BTC-25JUL25-125000-C,117780.49,buy,0.2,0.2,,,,,,,1752322793.488
1996,375399099,1752327206047,2,0.007,0.00745195,35.43,BTC-25JUL25-125000-C,117476.86,sell,1.0,1.0,,,,,,,1752327206.047
1997,375400235,1752328791570,0,0.0075,0.00734181,36.34,BTC-25JUL25-125000-C,117514.53,buy,0.1,0.1,,,,,,,1752328791.57
1998,375400285,1752328839714,1,0.0075,0.00734489,36.31,BTC-25JUL25-125000-C,117514.86,buy,0.1,0.1,,,,,,,1752328839.714
1999,375400295,1752328867729,1,0.0075,0.00733967,36.32,BTC-25JUL25-125000-C,117518.47,buy,0.1,0.1,,,,,,,1752328867.729
2000,375400297,1752328880734,1,0.0075,0.00733378,36.32,BTC-25JUL25-125000-C,117517.11,buy,0.1,0.1,,,,,,,1752328880.734
2001,375405272,1752334173362,2,0.007,0.0072902,35.77,BTC-25JUL25-125000-C,117390.15,sell,0.5,0.5,,,,,,,1752334173.362
2002,375406386,1752334615745,3,0.007,0.00701064,36.32,BTC-25JUL25-125000-C,117219.41,sell,1.5,1.5,,,,,,,1752334615.745
2003,375406484,1752334668269,3,0.007,0.00698502,36.39,BTC-25JUL25-125000-C,117190.32,buy,0.1,0.1,,,,,,,1752334668.269
2004,375406485,1752334668269,0,0.0075,0.00698502,37.36,BTC-25JUL25-125000-C,117190.32,buy,2.5,2.5,,,,,,,1752334668.269
2005,375410480,1752337636827,1,0.0075,0.00707196,36.79,BTC-25JUL25-125000-C,117388.42,buy,0.5,0.5,,,,,,,1752337636.827
2006,375410481,1752337636827,1,0.0075,0.00707196,36.79,BTC-25JUL25-125000-C,117388.42,buy,0.5,0.5,,,,,,,1752337636.827
2007,375412540,1752340455241,2,0.0065,0.00702803,35.08,BTC-25JUL25-125000-C,117341.38,sell,0.5,0.5,,,,,,,1752340455.241
2008,375413070,1752341615555,3,0.0065,0.00706363,34.74,BTC-25JUL25-125000-C,117458.95,sell,0.1,0.1,,,,,,,1752341615.555
2011,375418049,1752351557389,1,0.0075,0.00730513,36.92,BTC-25JUL25-125000-C,117478.45,buy,0.9,0.9,,,,,,,1752351557.389
2010,375418048,1752351557389,1,0.0075,0.00730513,36.92,BTC-25JUL25-125000-C,117478.45,buy,1.0,1.0,,,,,,,1752351557.389
2009,375418047,1752351557389,0,0.0075,0.00730513,36.92,BTC-25JUL25-125000-C,117478.45,buy,0.1,0.1,,,,,,,1752351557.389
2012,375435054,1752390717664,0,0.008,0.00832633,37.12,BTC-25JUL25-125000-C,117917.19,sell,10.0,10.0,,,,,,,1752390717.664
2013,375439665,1752397317551,0,0.0085,0.0084871,38.1,BTC-25JUL25-125000-C,117937.88,buy,0.2,0.2,,,,,,,1752397317.551
2014,375439666,1752397317551,1,0.0085,0.0084871,38.1,BTC-25JUL25-125000-C,117937.88,buy,0.5,0.5,,,,,,,1752397317.551
2015,375439668,1752397330700,1,0.0085,0.00848545,38.1,BTC-25JUL25-125000-C,117938.58,buy,0.3,0.3,,,,,,,1752397330.7
2016,375442839,1752399748310,2,0.008,0.00835793,37.57,BTC-25JUL25-125000-C,117812.94,sell,0.6,0.6,,,,,,,1752399748.31
2017,375443577,1752400244347,3,0.008,0.00838509,37.65,BTC-25JUL25-125000-C,117788.6,sell,10.0,10.0,,,,,,,1752400244.347
2018,375445432,1752403700843,3,0.008,0.00823749,37.69,BTC-25JUL25-125000-C,117786.1,sell,0.1,0.1,,,,,,,1752403700.843
2019,375450643,1752408630230,0,0.009,0.00900961,38.62,BTC-25JUL25-125000-C,118089.08,sell,0.1,0.1,,,,,,,1752408630.23
2020,375450652,1752408635991,1,0.009,0.00897423,38.66,BTC-25JUL25-125000-C,118079.07,buy,0.1,0.1,,,,,,,1752408635.991
2021,375450700,1752408769842,1,0.009,0.00895378,38.74,BTC-25JUL25-125000-C,118052.55,buy,0.2,0.2,,,,,,,1752408769.842
2022,375450855,1752409024852,0,0.0095,0.00922748,39.46,BTC-25JUL25-125000-C,118092.3,buy,0.1,0.1,,,,,,,1752409024.852
2023,375450859,1752409034274,1,0.0095,0.0092368,39.46,BTC-25JUL25-125000-C,118092.37,sell,0.5,0.5,,,,,,,1752409034.274
2025,375456055,1752409664996,1,0.0105,0.0099845,40.72,BTC-25JUL25-125000-C,118221.93,buy,0.2,0.2,,,,,,,1752409664.996
2024,375456054,1752409664996,0,0.0105,0.0099845,40.72,BTC-25JUL25-125000-C,118221.93,buy,1.6,1.6,,,,,,,1752409664.996
2026,375456056,1752409665005,1,0.0105,0.0099845,40.72,BTC-25JUL25-125000-C,118221.93,sell,0.2,0.2,,,,,,,1752409665.005
2027,375464315,1752411103870,1,0.0105,0.01041918,40.35,BTC-25JUL25-125000-C,118360.2,buy,0.5,0.5,,,,,,,1752411103.87
2028,375464971,1752411217897,0,0.0115,0.01074791,41.59,BTC-25JUL25-125000-C,118507.68,buy,0.1,0.1,,,,,,,1752411217.897
2029,375465712,1752411324944,2,0.011,0.01084564,40.68,BTC-25JUL25-125000-C,118527.66,sell,0.1,0.1,,,,,,,1752411324.944
2030,375466215,1752411454324,3,0.011,0.01079204,40.79,BTC-25JUL25-125000-C,118511.99,buy,0.1,0.1,,,,,,,1752411454.324
2031,375466823,1752411710169,3,0.011,0.01088476,40.75,BTC-25JUL25-125000-C,118511.59,buy,0.4,0.4,,,,,,,1752411710.169
2036,375466903,1752411728866,1,0.0115,0.01099412,41.51,BTC-25JUL25-125000-C,118536.64,buy,0.1,0.1,,,,,,,1752411728.866
2035,375466902,1752411728866,1,0.0115,0.01099412,41.51,BTC-25JUL25-125000-C,118536.64,buy,4.2,4.2,,,,,,,1752411728.866
2034,375466901,1752411728866,1,0.0115,0.01099412,41.51,BTC-25JUL25-125000-C,118536.64,buy,1.6,1.6,,,,,,,1752411728.866
2033,375466900,1752411728866,1,0.0115,0.01099412,41.51,BTC-25JUL25-125000-C,118536.64,buy,1.0,1.0,,,,,,,1752411728.866
2032,375466899,1752411728866,0,0.0115,0.01099412,41.51,BTC-25JUL25-125000-C,118536.64,buy,6.4,6.4,,,,,,,1752411728.866
2037,375466904,1752411728866,1,0.0115,0.01099412,41.51,BTC-25JUL25-125000-C,118536.64,buy,0.2,0.2,,,,,,,1752411728.866
2038,375466905,1752411728869,1,0.0115,0.01099412,41.51,BTC-25JUL25-125000-C,118536.64,sell,1.1,1.1,,,,,,,1752411728.869
2039,375467263,1752411826107,2,0.011,0.01102491,40.61,BTC-25JUL25-125000-C,118534.01,buy,0.5,0.5,,,,,,,1752411826.107
2042,375467819,1752411995498,3,0.011,0.01069469,41.23,BTC-25JUL25-125000-C,118344.65,buy,0.1,0.1,,,,,,,1752411995.498
2040,375467817,1752411995498,3,0.011,0.01069469,41.23,BTC-25JUL25-125000-C,118344.65,buy,0.5,0.5,,,,,,,1752411995.498
2041,375467818,1752411995498,3,0.011,0.01069469,41.23,BTC-25JUL25-125000-C,118344.65,buy,0.9,0.9,,,,,,,1752411995.498
2043,375467820,1752411995501,3,0.011,0.01069469,41.23,BTC-25JUL25-125000-C,118344.65,sell,0.5,0.5,,,,,,,1752411995.501
2044,375468472,1752412379462,2,0.0105,0.01052169,40.93,BTC-25JUL25-125000-C,118233.89,sell,0.5,0.5,,,,,,,1752412379.462
2045,375468631,1752412445435,3,0.0105,0.01060064,40.73,BTC-25JUL25-125000-C,118287.16,sell,0.1,0.1,,,,,,,1752412445.435
2046,375470035,1752413903790,0,0.011,0.01099336,40.83,BTC-25JUL25-125000-C,118493.01,buy,0.5,0.5,,,,,,,1752413903.79
2047,375470465,1752414219117,0,0.0115,0.01134758,41.03,BTC-25JUL25-125000-C,118669.99,buy,0.3,0.3,,,,,,,1752414219.117
2048,375470483,1752414227830,0,0.012,0.01136313,41.93,BTC-25JUL25-125000-C,118651.72,buy,2.0,2.0,,,,,,,1752414227.83
2052,375472109,1752415221746,3,0.011,0.01147862,40.2,BTC-25JUL25-125000-C,118693.83,sell,1.0,1.0,,,,,,,1752415221.746
2050,375472107,1752415221746,3,0.011,0.01147862,40.2,BTC-25JUL25-125000-C,118693.83,sell,1.0,1.0,,,,,,,1752415221.746
2053,375472110,1752415221746,3,0.011,0.01147862,40.2,BTC-25JUL25-125000-C,118693.83,sell,0.8,0.8,,,,,,,1752415221.746
2054,375472111,1752415221746,3,0.011,0.01147862,40.2,BTC-25JUL25-125000-C,118693.83,sell,6.7,6.7,,,,,,,1752415221.746
2049,375472106,1752415221746,2,0.011,0.01147862,40.2,BTC-25JUL25-125000-C,118693.83,sell,0.3,0.3,,,,,,,1752415221.746
2051,375472108,1752415221746,3,0.011,0.01147862,40.2,BTC-25JUL25-125000-C,118693.83,sell,0.2,0.2,,,,,,,1752415221.746
2056,375472435,1752415459165,1,0.0115,0.01118118,41.51,BTC-25JUL25-125000-C,118581.98,buy,0.9,0.9,,,,,,,1752415459.165
2055,375472434,1752415459165,0,0.0115,0.01118118,41.51,BTC-25JUL25-125000-C,118581.98,buy,0.1,0.1,,,,,,,1752415459.165
2057,375472445,1752415475243,1,0.0115,0.01110861,41.63,BTC-25JUL25-125000-C,118553.01,buy,0.1,0.1,,,,,,,1752415475.243
2058,375472446,1752415475243,1,0.0115,0.01110861,41.63,BTC-25JUL25-125000-C,118553.01,buy,0.4,0.4,,,,,,,1752415475.243
2059,375472447,1752415481362,1,0.0115,0.01109955,41.66,BTC-25JUL25-125000-C,118549.25,buy,0.5,0.5,,,,,,,1752415481.362
2060,375472529,1752415618608,2,0.011,0.01121073,40.57,BTC-25JUL25-125000-C,118597.52,sell,0.3,0.3,,,,,,,1752415618.608
2061,375474201,1752416282669,0,0.0115,0.01145186,40.79,BTC-25JUL25-125000-C,118767.21,buy,0.5,0.5,,,,,,,1752416282.669
2063,375474977,1752416311234,1,0.012,0.01172416,40.87,BTC-25JUL25-125000-C,118969.08,buy,0.5,0.5,,,,,,,1752416311.234
2062,375474976,1752416311234,0,0.012,0.01172416,40.87,BTC-25JUL25-125000-C,118969.08,buy,0.5,0.5,,,,,,,1752416311.234
2064,375476794,1752416342391,1,0.012,0.01201533,40.68,BTC-25JUL25-125000-C,119023.06,buy,0.5,0.5,,,,,,,1752416342.391
2065,375476964,1752416352997,1,0.012,0.01197336,40.6,BTC-25JUL25-125000-C,119048.23,buy,0.5,0.5,,,,,,,1752416352.997
2066,375478118,1752416445222,0,0.0125,0.01246168,40.66,BTC-25JUL25-125000-C,119275.32,sell,0.3,0.3,,,,,,,1752416445.222
2067,375478122,1752416445229,1,0.0125,0.01246168,40.66,BTC-25JUL25-125000-C,119275.32,buy,0.2,0.2,,,,,,,1752416445.229
2068,375479692,1752416614790,2,0.012,0.01219881,40.34,BTC-25JUL25-125000-C,119138.28,sell,0.4,0.4,,,,,,,1752416614.79
2069,375479693,1752416614790,3,0.012,0.01219881,40.34,BTC-25JUL25-125000-C,119138.28,sell,0.6,0.6,,,,,,,1752416614.79
2071,375479836,1752416674240,1,0.0125,0.01238292,40.9,BTC-25JUL25-125000-C,119206.74,buy,1.9,1.9,,,,,,,1752416674.24
2070,375479835,1752416674240,0,0.0125,0.01238292,40.9,BTC-25JUL25-125000-C,119206.74,buy,0.5,0.5,,,,,,,1752416674.24
2072,375481359,1752416775689,1,0.0125,0.01233044,41.05,BTC-25JUL25-125000-C,119172.74,buy,0.2,0.2,,,,,,,1752416775.689
2073,375481593,1752416856395,1,0.0125,0.01221246,41.31,BTC-25JUL25-125000-C,119116.75,buy,0.3,0.3,,,,,,,1752416856.395
2074,375481594,1752416856395,0,0.013,0.01221246,42.13,BTC-25JUL25-125000-C,119116.75,buy,0.7,0.7,,,,,,,1752416856.395
2075,375481618,1752416883563,2,0.012,0.01222456,40.46,BTC-25JUL25-125000-C,119113.23,sell,0.1,0.1,,,,,,,1752416883.563
2076,375482113,1752417056071,0,0.0123,0.01234544,40.84,BTC-25JUL25-125000-C,119129.53,sell,0.1,0.1,375482112,BTC-CS-25JUL25-120000_125000,,,,,1752417056.071
2077,375482118,1752417057614,1,0.0123,0.01231814,40.84,BTC-25JUL25-125000-C,119141.71,sell,0.1,0.1,375482116,BTC-CS-25JUL25-120000_125000,,,,,1752417057.614
2078,375482335,1752417175557,2,0.012,0.01225323,40.46,BTC-25JUL25-125000-C,119092.74,sell,0.9,0.9,,,,,,,1752417175.557
2079,375482336,1752417175557,3,0.012,0.01225323,40.46,BTC-25JUL25-125000-C,119092.74,sell,0.8,0.8,,,,,,,1752417175.557
2080,375482339,1752417175559,3,0.012,0.01225323,40.46,BTC-25JUL25-125000-C,119092.74,buy,0.2,0.2,,,,,,,1752417175.559
2081,375482445,1752417218030,3,0.012,0.01204287,40.8,BTC-25JUL25-125000-C,119022.07,sell,0.3,0.3,,,,,,,1752417218.03
2082,375483029,1752417575074,2,0.011,0.01161962,39.5,BTC-25JUL25-125000-C,118915.06,sell,1.0,1.0,,,,,,,1752417575.074
2083,375483030,1752417575074,3,0.011,0.01161962,39.5,BTC-25JUL25-125000-C,118915.06,sell,0.1,0.1,,,,,,,1752417575.074
2085,375483070,1752417600931,3,0.011,0.01153762,39.53,BTC-25JUL25-125000-C,118898.74,sell,1.2,1.2,,,,,,,1752417600.931
2084,375483069,1752417600931,3,0.011,0.01153762,39.53,BTC-25JUL25-125000-C,118898.74,sell,6.3,6.3,,,,,,,1752417600.931
2086,375483892,1752417928916,2,0.0105,0.01110894,38.92,BTC-25JUL25-125000-C,118844.82,sell,0.3,0.3,,,,,,,1752417928.916
2087,375486244,1752419079766,3,0.0105,0.01071621,38.83,BTC-25JUL25-125000-C,118850.96,buy,0.1,0.1,,,,,,,1752419079.766
2088,375487794,1752419978227,3,0.0105,0.01058784,38.22,BTC-25JUL25-125000-C,119041.44,buy,0.3,0.3,,,,,,,1752419978.227
2089,375487814,1752420022829,3,0.0105,0.01056851,38.17,BTC-25JUL25-125000-C,119051.32,buy,0.3,0.3,,,,,,,1752420022.829
2090,375487827,1752420047180,3,0.0105,0.0105732,38.15,BTC-25JUL25-125000-C,119059.04,buy,0.3,0.3,,,,,,,1752420047.18
2092,375487844,1752420068829,3,0.01,0.01058009,37.29,BTC-25JUL25-125000-C,119056.52,sell,0.2,0.2,,,,,,,1752420068.829
2091,375487843,1752420068829,2,0.01,0.01058009,37.29,BTC-25JUL25-125000-C,119056.52,sell,0.1,0.1,,,,,,,1752420068.829
2093,375488511,1752420633822,3,0.01,0.01000924,37.9,BTC-25JUL25-125000-C,118895.07,sell,0.5,0.5,,,,,,,1752420633.822
2094,375488513,1752420639495,3,0.01,0.00999747,37.92,BTC-25JUL25-125000-C,118891.13,sell,0.5,0.5,,,,,,,1752420639.495
2095,375488555,1752420712878,3,0.01,0.00996684,38.01,BTC-25JUL25-125000-C,118867.87,sell,1.0,1.0,,,,,,,1752420712.878
2096,375489080,1752421142240,2,0.0095,0.0094952,37.94,BTC-25JUL25-125000-C,118651.81,sell,0.3,0.3,,,,,,,1752421142.24
2097,375497972,1752423868247,0,0.01,0.00994888,37.9,BTC-25JUL25-125000-C,118901.4,buy,0.5,0.5,,,,,,,1752423868.247
2098,375510190,1752431267785,1,0.01,0.01013664,37.58,BTC-25JUL25-125000-C,119042.13,buy,0.2,0.2,,,,,,,1752431267.785
2099,375511717,1752431756717,1,0.01,0.00997271,37.71,BTC-25JUL25-125000-C,118987.1,sell,1.0,1.0,,,,,,,1752431756.717
2100,375517462,1752434731328,0,0.0105,0.01050274,37.75,BTC-25JUL25-125000-C,119195.44,buy,0.2,0.2,,,,,,,1752434731.328
2101,375537377,1752441421910,0,0.011,0.01048456,39.39,BTC-25JUL25-125000-C,118968.07,buy,4.5,4.5,,,,,,,1752441421.91
2102,375538257,1752442280867,2,0.01,0.0104539,37.69,BTC-25JUL25-125000-C,118994.13,sell,0.5,0.5,,,,,,,1752442280.867
2103,375560596,1752447174741,2,0.0085,0.00898146,36.61,BTC-25JUL25-125000-C,118688.36,sell,1.0,1.0,,,,,,,1752447174.741
2104,375560597,1752447176328,3,0.0085,0.00897948,36.62,BTC-25JUL25-125000-C,118685.02,sell,1.0,1.0,,,,,,,1752447176.328
2105,375560598,1752447178983,3,0.0085,0.00897224,36.63,BTC-25JUL25-125000-C,118685.07,sell,1.0,1.0,,,,,,,1752447178.983
2108,375561238,1752447940068,1,0.009,0.00890011,37.64,BTC-25JUL25-125000-C,118662.68,buy,0.2,0.2,,,,,,,1752447940.068
2106,375561236,1752447940068,0,0.009,0.00890011,37.64,BTC-25JUL25-125000-C,118662.68,buy,8.5,8.5,,,,,,,1752447940.068
2107,375561237,1752447940068,1,0.009,0.00890011,37.64,BTC-25JUL25-125000-C,118662.68,buy,0.2,0.2,,,,,,,1752447940.068
2109,375574767,1752452106178,0,0.01,0.00996162,37.45,BTC-25JUL25-125000-C,119208.71,buy,1.0,1.0,,,,,,,1752452106.178
2110,375584149,1752455262602,2,0.0095,0.0097208,37.33,BTC-25JUL25-125000-C,119041.91,sell,0.2,0.2,,,,,,,1752455262.602
2111,375584678,1752455708145,3,0.0095,0.00962948,37.29,BTC-25JUL25-125000-C,119027.94,buy,0.1,0.1,,,,,,,1752455708.145
2112,375584710,1752455712453,3,0.0095,0.00965481,37.23,BTC-25JUL25-125000-C,119043.62,buy,0.1,0.1,,,,,,,1752455712.453
2113,375585479,1752455935229,3,0.0095,0.00958838,37.27,BTC-25JUL25-125000-C,119038.07,sell,0.3,0.3,,,,,,,1752455935.229
2114,375589696,1752459797984,0,0.01,0.00995002,36.96,BTC-25JUL25-125000-C,119367.84,buy,1.0,1.0,,,,,,,1752459797.984
2115,375590129,1752459810572,0,0.0105,0.01022088,37.36,BTC-25JUL25-125000-C,119491.61,buy,0.1,0.1,,,,,,,1752459810.572
2116,375599870,1752462782146,0,0.0115,0.01194232,37.28,BTC-25JUL25-125000-C,119941.21,sell,0.4,0.4,,,,,,,1752462782.146
2117,375603765,1752464547471,0,0.013,0.01277327,38.32,BTC-25JUL25-125000-C,120271.23,buy,10.8,10.8,,,,,,,1752464547.471
2118,375603766,1752464547471,1,0.013,0.01277327,38.32,BTC-25JUL25-125000-C,120271.23,buy,0.1,0.1,,,,,,,1752464547.471
2119,375604436,1752464548684,0,0.0135,0.01285231,38.85,BTC-25JUL25-125000-C,120335.67,buy,8.9,8.9,,,,,,,1752464548.684
2120,375604438,1752464548690,1,0.0135,0.01285231,38.85,BTC-25JUL25-125000-C,120335.67,buy,2.8,2.8,,,,,,,1752464548.69
2121,375604900,1752464549913,0,0.014,0.01292162,39.12,BTC-25JUL25-125000-C,120455.27,buy,5.4,5.4,,,,,,,1752464549.913
2122,375604903,1752464549926,1,0.014,0.01292162,39.12,BTC-25JUL25-125000-C,120455.27,buy,4.3,4.3,,,,,,,1752464549.926
2123,375604919,1752464549984,1,0.014,0.01292162,39.12,BTC-25JUL25-125000-C,120455.27,buy,2.3,2.3,,,,,,,1752464549.984
2124,375607156,1752464563920,0,0.0145,0.01400069,38.57,BTC-25JUL25-125000-C,120741.07,buy,6.3,6.3,,,,,,,1752464563.92
2126,375607167,1752464563930,1,0.0145,0.01400069,38.57,BTC-25JUL25-125000-C,120741.07,buy,0.4,0.4,,,,,,,1752464563.93
2125,375607166,1752464563930,1,0.0145,0.01400069,38.57,BTC-25JUL25-125000-C,120741.07,buy,5.9,5.9,,,,,,,1752464563.93
2127,375607173,1752464563939,1,0.0145,0.01400069,38.57,BTC-25JUL25-125000-C,120741.07,buy,2.8,2.8,,,,,,,1752464563.939
2128,375607195,1752464563949,1,0.0145,0.01400069,38.57,BTC-25JUL25-125000-C,120741.07,buy,0.2,0.2,,,,,,,1752464563.949
2129,375607212,1752464563961,1,0.0145,0.01400069,38.57,BTC-25JUL25-125000-C,120741.07,buy,0.3,0.3,,,,,,,1752464563.961
2130,375607219,1752464563974,1,0.0145,0.01400069,38.57,BTC-25JUL25-125000-C,120741.07,buy,0.1,0.1,,,,,,,1752464563.974
2131,375607224,1752464563987,1,0.0145,0.01400069,38.57,BTC-25JUL25-125000-C,120741.07,buy,1.2,1.2,,,,,,,1752464563.987
2132,375615713,1752464774287,0,0.015,0.01470114,38.6,BTC-25JUL25-125000-C,120893.64,buy,1.0,1.0,,,,,,,1752464774.287
2133,375615716,1752464774409,1,0.015,0.01470114,38.6,BTC-25JUL25-125000-C,120893.64,buy,1.0,1.0,,,,,,,1752464774.409
2134,375615921,1752464786659,2,0.0145,0.01474272,37.82,BTC-25JUL25-125000-C,120896.95,sell,2.6,2.6,,,,,,,1752464786.659
2135,375615925,1752464786698,3,0.0145,0.01474272,37.82,BTC-25JUL25-125000-C,120896.95,sell,0.6,0.6,,,,,,,1752464786.698
2136,375615926,1752464786706,3,0.0145,0.01474272,37.9,BTC-25JUL25-125000-C,120877.17,sell,0.9,0.9,,,,,,,1752464786.706
2137,375623931,1752465475977,3,0.0145,0.01453917,38.34,BTC-25JUL25-125000-C,120817.62,sell,0.2,0.2,,,,,,,1752465475.977
2138,375643293,1752468954585,0,0.0165,0.01606904,39.49,BTC-25JUL25-125000-C,121345.35,buy,0.1,0.1,,,,,,,1752468954.585
2139,375648279,1752469945770,2,0.016,0.01595226,38.49,BTC-25JUL25-125000-C,121368.06,buy,0.1,0.1,,,,,,,1752469945.77
2141,375649891,1752470469266,1,0.0165,0.01645267,38.44,BTC-25JUL25-125000-C,121553.62,buy,0.1,0.1,,,,,,,1752470469.266
2140,375649890,1752470469266,0,0.0165,0.01645267,38.44,BTC-25JUL25-125000-C,121553.62,buy,4.9,4.9,,,,,,,1752470469.266
2142,375655678,1752470669021,0,0.0185,0.01797651,39.02,BTC-25JUL25-125000-C,122048.54,buy,0.1,0.1,,,,,,,1752470669.021
2143,375658263,1752470684136,0,0.0195,0.01969663,38.2,BTC-25JUL25-125000-C,122492.28,sell,3.0,3.0,,,,,,,1752470684.136
2144,375658264,1752470684136,1,0.0195,0.01969663,38.2,BTC-25JUL25-125000-C,122492.28,sell,7.0,7.0,,,,,,,1752470684.136
2145,375661226,1752470805553,1,0.0195,0.01929725,38.8,BTC-25JUL25-125000-C,122424.56,buy,0.1,0.1,,,,,,,1752470805.553
2146,375661303,1752470817457,1,0.0195,0.01931244,38.79,BTC-25JUL25-125000-C,122428.05,buy,0.3,0.3,,,,,,,1752470817.457
2147,375661914,1752470882656,0,0.02,0.01936396,39.54,BTC-25JUL25-125000-C,122420.32,buy,0.6,0.6,,,,,,,1752470882.656
2148,375661915,1752470882656,1,0.02,0.01936396,39.54,BTC-25JUL25-125000-C,122420.32,buy,3.0,3.0,,,,,,,1752470882.656
2149,375661916,1752470882656,1,0.02,0.01936396,39.54,BTC-25JUL25-125000-C,122420.32,buy,4.0,4.0,,,,,,,1752470882.656
2150,375661917,1752470882665,1,0.02,0.01936396,39.54,BTC-25JUL25-125000-C,122420.32,sell,12.4,12.4,,,,,,,1752470882.665
2151,375663183,1752471043569,2,0.019,0.01896568,39.06,BTC-25JUL25-125000-C,122223.51,sell,2.1,2.1,,,,,,,1752471043.569
2152,375663184,1752471043572,3,0.019,0.01896568,39.06,BTC-25JUL25-125000-C,122223.51,buy,0.4,0.4,,,,,,,1752471043.572
2153,375663185,1752471043575,3,0.019,0.01896568,39.06,BTC-25JUL25-125000-C,122223.51,buy,1.0,1.0,,,,,,,1752471043.575
2154,375663450,1752471059458,3,0.019,0.01888238,39.17,BTC-25JUL25-125000-C,122198.21,buy,2.9,2.9,,,,,,,1752471059.458
2155,375663452,1752471059484,3,0.019,0.01888238,39.17,BTC-25JUL25-125000-C,122198.21,buy,0.1,0.1,,,,,,,1752471059.484
2156,375663453,1752471059538,3,0.019,0.01888238,39.17,BTC-25JUL25-125000-C,122198.21,buy,0.4,0.4,,,,,,,1752471059.538
2157,375663455,1752471059564,3,0.019,0.01888238,39.17,BTC-25JUL25-125000-C,122198.21,buy,0.1,0.1,,,,,,,1752471059.564
2158,375663456,1752471059568,3,0.019,0.01888238,39.17,BTC-25JUL25-125000-C,122198.21,buy,3.0,3.0,,,,,,,1752471059.568
2159,375663857,1752471140289,0,0.02,0.01957034,39.61,BTC-25JUL25-125000-C,122404.47,buy,0.1,0.1,,,,,,,1752471140.289
2160,375665260,1752471358597,1,0.02,0.01944461,39.89,BTC-25JUL25-125000-C,122356.41,buy,0.1,0.1,,,,,,,1752471358.597
2161,375666243,1752471586216,2,0.019,0.0189152,39.18,BTC-25JUL25-125000-C,122229.85,sell,0.1,0.1,,,,,,,1752471586.216
2162,375666251,1752471587029,3,0.019,0.0189152,39.18,BTC-25JUL25-125000-C,122223.8,sell,0.1,0.1,,,,,,,1752471587.029
2163,375666252,1752471588151,3,0.019,0.01891875,39.2,BTC-25JUL25-125000-C,122217.86,sell,0.8,0.8,,,,,,,1752471588.151
2164,375667194,1752471773303,3,0.019,0.0186525,39.31,BTC-25JUL25-125000-C,122234.38,buy,5.0,5.0,,,,,,,1752471773.303
2165,375669779,1752472213686,2,0.018,0.01789582,38.99,BTC-25JUL25-125000-C,121946.84,sell,1.0,1.0,,,,,,,1752472213.686
2166,375672350,1752472455136,0,0.019,0.01889312,38.91,BTC-25JUL25-125000-C,122256.65,buy,0.8,0.8,,,,,,,1752472455.136
2167,375676580,1752473040166,1,0.019,0.01898062,38.71,BTC-25JUL25-125000-C,122320.02,sell,0.3,0.3,,,,,,,1752473040.166
2168,375678094,1752473297345,2,0.0185,0.01859442,38.68,BTC-25JUL25-125000-C,122183.69,sell,0.1,0.1,,,,,,,1752473297.345
2171,375693208,1752478218542,1,0.019,0.01933273,38.68,BTC-25JUL25-125000-C,122350.66,sell,13.4,13.4,,,,,,,1752478218.542
2170,375693207,1752478218542,1,0.019,0.01933273,38.68,BTC-25JUL25-125000-C,122350.66,sell,0.6,0.6,,,,,,,1752478218.542
2169,375693206,1752478218542,0,0.019,0.01933273,38.68,BTC-25JUL25-125000-C,122350.66,sell,1.0,1.0,,,,,,,1752478218.542
2172,375694980,1752478600488,0,0.0205,0.02029508,39.33,BTC-25JUL25-125000-C,122672.53,buy,3.0,3.0,,,,,,,1752478600.488
2173,375699942,1752478956794,0,0.022,0.02185532,39.41,BTC-25JUL25-125000-C,123087.05,buy,0.1,0.1,,,,,,,1752478956.794
2174,375701310,1752479272921,2,0.0205,0.0208425,38.83,BTC-25JUL25-125000-C,122749.97,sell,0.1,0.1,,,,,,,1752479272.921
2175,375701593,1752479348702,3,0.0205,0.02095809,38.74,BTC-25JUL25-125000-C,122774.34,sell,50.0,50.0,,,1.0,BLOCK-210438,,,1752479348.702
2176,375701595,1752479349519,0,0.021,0.02095809,39.48,BTC-25JUL25-125000-C,122781.31,sell,9.7,9.7,,,,,,,1752479349.519
2178,375701597,1752479349528,1,0.021,0.02095809,39.48,BTC-25JUL25-125000-C,122781.31,sell,0.1,0.1,,,,,,,1752479349.528
2177,375701596,1752479349528,1,0.021,0.02095809,39.48,BTC-25JUL25-125000-C,122781.31,sell,1.3,1.3,,,,,,,1752479349.528
2179,375701809,1752479405356,2,0.0206,0.02134805,38.28,BTC-25JUL25-125000-C,122886.73,sell,50.0,50.0,,,1.0,BLOCK-210439,,,1752479405.356
2180,375703434,1752479734920,2,0.0202,0.0211111,37.76,BTC-25JUL25-125000-C,122901.94,sell,50.0,50.0,,,1.0,BLOCK-210443,,,1752479734.92
2181,375704167,1752479969497,2,0.02,0.020257,38.44,BTC-25JUL25-125000-C,122734.47,sell,0.2,0.2,,,,,,,1752479969.497
2182,375720429,1752483737293,2,0.0184,0.01783784,37.63,BTC-25JUL25-125000-C,122503.81,buy,20.0,20.0,,BTC-CSR12-25JUL25-125000_135000,2.0,BLOCK-210468,,,1752483737.293
2183,375721396,1752484309594,2,0.0176,0.01746521,36.85,BTC-25JUL25-125000-C,122413.98,buy,0.1,0.1,375721395,BTC-CCAL-25JUL25_16JUL25-125000,,,,,1752484309.594
2184,375721503,1752484319742,3,0.0176,0.01741638,36.93,BTC-25JUL25-125000-C,122392.03,buy,2.0,2.0,375721501,BTC-CCAL-25JUL25_16JUL25-125000,,,,,1752484319.742
2185,375721540,1752484326963,2,0.0175,0.01739305,36.82,BTC-25JUL25-125000-C,122387.96,buy,2.0,2.0,375721539,BTC-CCAL-25JUL25_16JUL25-125000,,,,,1752484326.963
2186,375721581,1752484338420,3,0.0175,0.01729136,37.03,BTC-25JUL25-125000-C,122343.38,buy,0.9,0.9,375721579,BTC-CCAL-25JUL25_16JUL25-125000,,,,,1752484338.42
2187,375721673,1752484368986,2,0.0172,0.01698327,36.98,BTC-25JUL25-125000-C,122267.99,buy,10.0,10.0,375721671,BTC-CCAL-25JUL25_16JUL25-125000,,,,,1752484368.986
2188,375722268,1752484576103,2,0.0171,0.01685973,37.11,BTC-25JUL25-125000-C,122209.49,buy,5.0,5.0,375722267,BTC-CCAL-25JUL25_16JUL25-125000,,,,,1752484576.103
2189,375722427,1752484641045,2,0.0165,0.01698731,36.01,BTC-25JUL25-125000-C,122246.9,sell,0.1,0.1,,,,,,,1752484641.045
2190,375728200,1752486246958,3,0.0165,0.01678523,36.79,BTC-25JUL25-125000-C,122080.04,buy,0.1,0.1,,,,,,,1752486246.958
2191,375728614,1752486398501,3,0.0165,0.01654356,37.02,BTC-25JUL25-125000-C,122039.65,buy,0.1,0.1,,,,,,,1752486398.501
2192,375729685,1752486928850,3,0.0165,0.01658011,37.26,BTC-25JUL25-125000-C,122002.81,buy,0.1,0.1,,,,,,,1752486928.85
2193,375731162,1752487521247,3,0.0165,0.01638797,37.68,BTC-25JUL25-125000-C,121906.99,sell,0.3,0.3,,,,,,,1752487521.247
2194,375733119,1752487843560,2,0.016,0.01597737,37.66,BTC-25JUL25-125000-C,121734.42,buy,0.1,0.1,,,,,,,1752487843.56
2195,375733122,1752487845497,3,0.016,0.01600183,37.63,BTC-25JUL25-125000-C,121746.5,buy,0.2,0.2,,,,,,,1752487845.497
2196,375733139,1752487853471,3,0.016,0.01608194,37.5,BTC-25JUL25-125000-C,121766.4,buy,0.2,0.2,,,,,,,1752487853.471
2201,375735588,1752488105539,1,0.0165,0.01603834,38.32,BTC-25JUL25-125000-C,121795.58,buy,0.1,0.1,,,,,,,1752488105.539
2197,375735584,1752488105539,0,0.0165,0.01603834,38.32,BTC-25JUL25-125000-C,121795.58,buy,1.5,1.5,,,,,,,1752488105.539
2203,375735590,1752488105539,1,0.0165,0.01603834,38.32,BTC-25JUL25-125000-C,121795.58,buy,1.3,1.3,,,,,,,1752488105.539
2199,375735586,1752488105539,1,0.0165,0.01603834,38.32,BTC-25JUL25-125000-C,121795.58,buy,5.0,5.0,,,,,,,1752488105.539
2198,375735585,1752488105539,1,0.0165,0.01603834,38.32,BTC-25JUL25-125000-C,121795.58,buy,1.0,1.0,,,,,,,1752488105.539
2200,375735587,1752488105539,1,0.0165,0.01603834,38.32,BTC-25JUL25-125000-C,121795.58,buy,0.1,0.1,,,,,,,1752488105.539
2202,375735589,1752488105539,1,0.0165,0.01603834,38.32,BTC-25JUL25-125000-C,121795.58,buy,6.0,6.0,,,,,,,1752488105.539
2204,375739341,1752489207019,2,0.016,0.01630652,37.15,BTC-25JUL25-125000-C,121930.08,buy,0.2,0.2,,,,,,,1752489207.019
2205,375750895,1752493507863,2,0.0155,0.01558769,37.77,BTC-25JUL25-125000-C,121600.54,buy,0.1,0.1,,,,,,,1752493507.863
2206,375757791,1752495041412,2,0.015,0.01568287,36.3,BTC-25JUL25-125000-C,121749.82,sell,0.1,0.1,,,,,,,1752495041.412
2207,375757878,1752495105531,3,0.015,0.01566906,36.32,BTC-25JUL25-125000-C,121736.85,sell,0.9,0.9,,,,,,,1752495105.531
2208,375763820,1752499113927,0,0.0155,0.01555863,37.22,BTC-25JUL25-125000-C,121756.34,sell,0.1,0.1,,,,,,,1752499113.927
2209,375764469,1752499688762,1,0.0155,0.01569425,36.95,BTC-25JUL25-125000-C,121792.97,buy,0.1,0.1,,,,,,,1752499688.762
2210,375766445,1752500144267,2,0.014,0.01395323,37.21,BTC-25JUL25-125000-C,121225.36,sell,0.1,0.1,,,,,,,1752500144.267
2211,375766446,1752500144272,3,0.014,0.01395323,37.21,BTC-25JUL25-125000-C,121225.36,buy,8.6,8.6,,,,,,,1752500144.272
2212,375767151,1752500209487,3,0.014,0.01420252,36.83,BTC-25JUL25-125000-C,121312.12,buy,0.3,0.3,,,,,,,1752500209.487
2213,375767157,1752500209532,3,0.014,0.01420252,36.83,BTC-25JUL25-125000-C,121312.12,buy,0.3,0.3,,,,,,,1752500209.532
2214,375767163,1752500210559,3,0.014,0.01419771,36.83,BTC-25JUL25-125000-C,121327.26,buy,1.1,1.1,,,,,,,1752500210.559
2215,375767164,1752500210566,3,0.014,0.01419771,36.83,BTC-25JUL25-125000-C,121327.26,buy,0.7,0.7,,,,,,,1752500210.566
2216,375767169,1752500212748,3,0.014,0.01425724,36.67,BTC-25JUL25-125000-C,121348.19,buy,2.7,2.7,,,,,,,1752500212.748
2217,375767171,1752500213168,3,0.014,0.01425724,36.67,BTC-25JUL25-125000-C,121354.8,buy,6.2,6.2,,,,,,,1752500213.168
2218,375771662,1752501320075,0,0.0165,0.01642407,37.3,BTC-25JUL25-125000-C,122087.7,sell,0.1,0.1,,,,,,,1752501320.075
2219,375771786,1752501352022,1,0.0165,0.01628587,37.48,BTC-25JUL25-125000-C,122054.77,sell,0.8,0.8,,,,,,,1752501352.022
2220,375771805,1752501352263,1,0.0165,0.01628587,37.48,BTC-25JUL25-125000-C,122054.77,sell,0.1,0.1,,,,,,,1752501352.263
2221,375773976,1752501712717,2,0.0155,0.01566555,37.28,BTC-25JUL25-125000-C,121752.57,buy,1.2,1.2,,,,,,,1752501712.717
2222,375773977,1752501712719,3,0.0155,0.01566555,37.28,BTC-25JUL25-125000-C,121752.57,buy,0.3,0.3,,,,,,,1752501712.719
2223,375773992,1752501720611,3,0.0155,0.01561146,37.31,BTC-25JUL25-125000-C,121750.33,buy,7.9,7.9,,,,,,,1752501720.611
2224,375773994,1752501720621,3,0.0155,0.01561146,37.31,BTC-25JUL25-125000-C,121750.33,buy,0.3,0.3,,,,,,,1752501720.621
2225,375773995,1752501720623,3,0.0155,0.01561146,37.31,BTC-25JUL25-125000-C,121750.33,buy,0.3,0.3,,,,,,,1752501720.623
2226,375775092,1752501928130,0,0.016,0.01583201,37.81,BTC-25JUL25-125000-C,121827.65,sell,0.1,0.1,,,,,,,1752501928.13
2227,375776984,1752502216633,2,0.0155,0.01523733,38.29,BTC-25JUL25-125000-C,121571.69,sell,0.1,0.1,,,,,,,1752502216.633
2228,375779035,1752502526287,0,0.016,0.0158902,38.22,BTC-25JUL25-125000-C,121770.74,sell,0.1,0.1,,,,,,,1752502526.287
2229,375787783,1752503520391,2,0.015,0.0149806,39.32,BTC-25JUL25-125000-C,121189.19,sell,8.4,8.4,,,,,,,1752503520.391
2230,375791945,1752503707840,3,0.015,0.01491427,39.73,BTC-25JUL25-125000-C,121077.88,buy,0.4,0.4,,,,,,,1752503707.84
2233,375794376,1752503968141,3,0.0145,0.01454694,39.98,BTC-25JUL25-125000-C,120835.05,sell,0.1,0.1,,,,,,,1752503968.141
2232,375794375,1752503968141,3,0.0145,0.01454694,39.98,BTC-25JUL25-125000-C,120835.05,sell,1.1,1.1,,,,,,,1752503968.141
2231,375794374,1752503968141,2,0.0145,0.01454694,39.98,BTC-25JUL25-125000-C,120835.05,sell,1.4,1.4,,,,,,,1752503968.141
2234,375794377,1752503968152,3,0.0145,0.01454694,39.98,BTC-25JUL25-125000-C,120835.05,buy,2.4,2.4,,,,,,,1752503968.152
2235,375796132,1752504145970,2,0.0142,0.01457349,39.54,BTC-25JUL25-125000-C,120832.14,sell,25.0,25.0,,,1.0,BLOCK-210599,,,1752504145.97
2236,375796171,1752504150250,2,0.0141,0.01456231,39.36,BTC-25JUL25-125000-C,120836.45,sell,25.0,25.0,,,1.0,BLOCK-210600,,,1752504150.25
2237,375796975,1752504197526,2,0.014,0.01451093,39.21,BTC-25JUL25-125000-C,120838.81,sell,0.2,0.2,,,,,,,1752504197.526
2238,375799101,1752504261029,3,0.014,0.01445142,39.38,BTC-25JUL25-125000-C,120796.0,sell,1.0,1.0,,,,,,,1752504261.029
2239,375799327,1752504283545,3,0.014,0.01449948,39.21,BTC-25JUL25-125000-C,120827.78,sell,0.3,0.3,,,,,,,1752504283.545
2240,375799333,1752504283664,2,0.0139,0.01449948,39.05,BTC-25JUL25-125000-C,120827.78,sell,25.0,25.0,,,1.0,BLOCK-210609,,,1752504283.664
2241,375800798,1752504369429,0,0.014,0.01448044,39.24,BTC-25JUL25-125000-C,120822.61,sell,0.7,0.7,,,,,,,1752504369.429
2242,375802023,1752504509047,1,0.014,0.01437013,39.26,BTC-25JUL25-125000-C,120804.85,buy,0.2,0.2,,,,,,,1752504509.047
2243,375802234,1752504547626,2,0.0135,0.01420365,38.67,BTC-25JUL25-125000-C,120753.29,sell,1.5,1.5,,,,,,,1752504547.626
2244,375804357,1752504688301,0,0.014,0.01410076,39.46,BTC-25JUL25-125000-C,120758.87,buy,0.3,0.3,,,,,,,1752504688.301
2245,375804365,1752504688738,1,0.014,0.01410076,39.46,BTC-25JUL25-125000-C,120758.87,buy,0.1,0.1,,,,,,,1752504688.738
2246,375805804,1752504813181,1,0.014,0.01446446,38.97,BTC-25JUL25-125000-C,120881.63,buy,0.1,0.1,,,,,,,1752504813.181
2247,375810475,1752505770438,2,0.0135,0.01390429,39.29,BTC-25JUL25-125000-C,120618.62,sell,0.7,0.7,,,,,,,1752505770.438
2248,375813518,1752506118528,3,0.0135,0.0140535,39.04,BTC-25JUL25-125000-C,120688.54,sell,0.4,0.4,,,,,,,1752506118.528
2250,375816234,1752506576882,3,0.013,0.01340983,39.18,BTC-25JUL25-125000-C,120446.86,sell,0.4,0.4,,,,,,,1752506576.882
2249,375816233,1752506576882,2,0.013,0.01340983,39.18,BTC-25JUL25-125000-C,120446.86,sell,0.1,0.1,,,,,,,1752506576.882
2251,375817794,1752507067858,3,0.013,0.01302606,39.74,BTC-25JUL25-125000-C,120330.25,buy,1.0,1.0,,,,,,,1752507067.858
