trade_seq,trade_id,timestamp,tick_direction,price,mark_price,iv,instrument_name,index_price,direction,contracts,amount,block_trade_leg_count,block_trade_id,block_rfq_id,combo_id,combo_trade_id,liquidation,unix_sec
2907,373887891,1751320320424,2,0.014,0.01409563,36.86,BTC-25JUL25-115000-C,107297.41,sell,1.1,1.1,,,,,,,1751320320.424
2908,373887892,1751320320457,3,0.014,0.01409563,36.86,BTC-25JUL25-115000-C,107297.41,sell,0.1,0.1,,,,,,,1751320320.457
2909,373887908,1751320320656,3,0.014,0.01409563,36.86,BTC-25JUL25-115000-C,107297.41,sell,3.7,3.7,,,,,,,1751320320.656
2910,373887909,1751320320662,3,0.014,0.01409563,36.86,BTC-25JUL25-115000-C,107297.41,sell,0.3,0.3,,,,,,,1751320320.662
2911,373887910,1751320320678,3,0.014,0.01409563,36.86,BTC-25JUL25-115000-C,107297.41,sell,0.3,0.3,,,,,,,1751320320.678
2912,373887920,1751320358656,3,0.014,0.01404106,36.94,BTC-25JUL25-115000-C,107272.15,sell,0.3,0.3,,,,,,,1751320358.656
2913,373887934,1751320365989,3,0.014,0.01403017,36.96,BTC-25JUL25-115000-C,107269.17,sell,3.0,3.0,,,,,,,1751320365.989
2914,373887935,1751320365996,3,0.014,0.01403017,36.96,BTC-25JUL25-115000-C,107269.17,sell,0.1,0.1,,,,,,,1751320365.996
2915,373887944,1751320366039,3,0.014,0.01403017,36.96,BTC-25JUL25-115000-C,107269.17,sell,11.5,11.5,,,,,,,1751320366.039
2916,373887945,1751320366039,3,0.014,0.01403017,36.96,BTC-25JUL25-115000-C,107269.17,sell,0.1,0.1,,,,,,,1751320366.039
2917,373887946,1751320366041,3,0.014,0.01403017,36.96,BTC-25JUL25-115000-C,107269.17,sell,0.3,0.3,,,,,,,1751320366.041
2918,373887947,1751320366044,3,0.014,0.01403017,36.96,BTC-25JUL25-115000-C,107269.17,sell,11.5,11.5,,,,,,,1751320366.044
2919,373887948,1751320366048,3,0.014,0.01403017,36.96,BTC-25JUL25-115000-C,107269.17,sell,0.3,0.3,,,,,,,1751320366.048
2920,373887971,1751320371466,3,0.014,0.01401712,36.98,BTC-25JUL25-115000-C,107262.48,sell,0.1,0.1,,,,,,,1751320371.466
2921,373887974,1751320371481,3,0.014,0.01401712,36.98,BTC-25JUL25-115000-C,107262.48,sell,0.1,0.1,,,,,,,1751320371.481
2922,373887984,1751320375636,3,0.014,0.01399216,37.04,BTC-25JUL25-115000-C,107242.22,sell,0.1,0.1,,,,,,,1751320375.636
2923,373887985,1751320375900,3,0.014,0.01396559,37.04,BTC-25JUL25-115000-C,107241.28,sell,0.1,0.1,,,,,,,1751320375.9
2924,373888041,1751320399148,3,0.014,0.01400423,37.01,BTC-25JUL25-115000-C,107250.15,sell,11.5,11.5,,,,,,,1751320399.148
2925,373888042,1751320399150,3,0.014,0.01400423,37.01,BTC-25JUL25-115000-C,107250.15,sell,0.3,0.3,,,,,,,1751320399.15
2927,373888062,1751320410115,3,0.014,0.01400553,37.01,BTC-25JUL25-115000-C,107247.51,sell,0.1,0.1,,,,,,,1751320410.115
2926,373888061,1751320410115,3,0.014,0.01400553,37.01,BTC-25JUL25-115000-C,107247.51,sell,55.2,55.2,,,,,,,1751320410.115
2928,373900194,1751338777100,2,0.013,0.01332645,36.1,BTC-25JUL25-115000-C,107132.56,buy,0.1,0.1,,,,,,,1751338777.1
2930,373900769,1751339313145,3,0.013,0.01315878,35.99,BTC-25JUL25-115000-C,107153.35,buy,0.6,0.6,,,,,,,1751339313.145
2929,373900768,1751339313145,3,0.013,0.01315878,35.99,BTC-25JUL25-115000-C,107153.35,buy,0.6,0.6,,,,,,,1751339313.145
2931,373900770,1751339313145,3,0.013,0.01315878,35.99,BTC-25JUL25-115000-C,107153.35,buy,0.1,0.1,,,,,,,1751339313.145
2937,373901636,1751340268562,1,0.0135,0.01314418,36.49,BTC-25JUL25-115000-C,107198.93,buy,7.8,7.8,,,,,,,1751340268.562
2933,373901632,1751340268562,1,0.0135,0.01314418,36.49,BTC-25JUL25-115000-C,107198.93,buy,8.0,8.0,,,,,,,1751340268.562
2936,373901635,1751340268562,1,0.0135,0.01314418,36.49,BTC-25JUL25-115000-C,107198.93,buy,15.0,15.0,,,,,,,1751340268.562
2934,373901633,1751340268562,1,0.0135,0.01314418,36.49,BTC-25JUL25-115000-C,107198.93,buy,5.2,5.2,,,,,,,1751340268.562
2938,373901637,1751340268562,1,0.0135,0.01314418,36.49,BTC-25JUL25-115000-C,107198.93,buy,1.6,1.6,,,,,,,1751340268.562
2932,373901631,1751340268562,0,0.0135,0.01314418,36.49,BTC-25JUL25-115000-C,107198.93,buy,3.4,3.4,,,,,,,1751340268.562
2935,373901634,1751340268562,1,0.0135,0.01314418,36.49,BTC-25JUL25-115000-C,107198.93,buy,11.6,11.6,,,,,,,1751340268.562
2939,373901638,1751340268565,1,0.0135,0.01314418,36.49,BTC-25JUL25-115000-C,107198.93,sell,17.8,17.8,,,,,,,1751340268.565
2940,373901639,1751340268573,1,0.0135,0.01314418,36.49,BTC-25JUL25-115000-C,107198.93,sell,1.0,1.0,,,,,,,1751340268.573
2941,373901640,1751340268575,1,0.0135,0.01314418,36.49,BTC-25JUL25-115000-C,107198.93,sell,11.6,11.6,,,,,,,1751340268.575
2942,373901641,1751340268585,1,0.0135,0.01314418,36.49,BTC-25JUL25-115000-C,107198.93,sell,5.0,5.0,,,,,,,1751340268.585
2943,373901642,1751340268589,1,0.0135,0.01314418,36.49,BTC-25JUL25-115000-C,107198.93,sell,1.3,1.3,,,,,,,1751340268.589
2944,373901643,1751340268590,1,0.0135,0.01314418,36.49,BTC-25JUL25-115000-C,107198.93,sell,0.1,0.1,,,,,,,1751340268.59
2945,373901644,1751340268593,1,0.0135,0.01314418,36.49,BTC-25JUL25-115000-C,107198.93,sell,10.6,10.6,,,,,,,1751340268.593
2946,373905415,1751346843363,2,0.012,0.01201012,35.73,BTC-25JUL25-115000-C,106823.99,sell,0.3,0.3,,,,,,,1751346843.363
2947,373905425,1751346878424,3,0.012,0.01202631,35.7,BTC-25JUL25-115000-C,106837.26,buy,4.7,4.7,,,,,,,1751346878.424
2948,373908962,1751351974800,2,0.0115,0.01181802,35.1,BTC-25JUL25-115000-C,106840.19,sell,0.2,0.2,,,,,,,1751351974.8
2949,373909774,1751353708165,0,0.012,0.01203763,35.24,BTC-25JUL25-115000-C,107037.35,buy,3.5,3.5,,,,,,,1751353708.165
2950,373910622,1751354425159,2,0.0113,0.01141069,35.26,BTC-25JUL25-115000-C,106718.83,sell,12.5,12.5,2.0,BLOCK-207982,7498.0,BTC-CDIAG-26SEP25_25JUL25-125000_115000,,,1751354425.159
2951,373912433,1751355019222,0,0.012,0.01191241,35.57,BTC-25JUL25-115000-C,106975.45,buy,0.5,0.5,,,,,,,1751355019.222
2952,373912434,1751355019222,1,0.012,0.01191241,35.57,BTC-25JUL25-115000-C,106975.45,buy,0.5,0.5,,,,,,,1751355019.222
2953,373912435,1751355019222,1,0.012,0.01191241,35.57,BTC-25JUL25-115000-C,106975.45,buy,2.2,2.2,,,,,,,1751355019.222
2954,373928527,1751361931077,2,0.011,0.01129826,35.03,BTC-25JUL25-115000-C,106726.67,sell,5.0,5.0,,,,,,,1751361931.077
2955,373928581,1751361999089,3,0.011,0.01123844,35.09,BTC-25JUL25-115000-C,106704.89,buy,1.0,1.0,,,,,,,1751361999.089
2956,373928984,1751362448604,3,0.011,0.01102677,35.25,BTC-25JUL25-115000-C,106664.09,buy,5.0,5.0,,,,,,,1751362448.604
2957,373934901,1751364979671,2,0.0105,0.01108394,34.88,BTC-25JUL25-115000-C,106534.21,sell,0.1,0.1,,,,,,,1751364979.671
2958,373938060,1751366510261,3,0.0105,0.01088629,35.21,BTC-25JUL25-115000-C,106398.61,sell,0.1,0.1,,,,,,,1751366510.261
2961,373938096,1751366547126,3,0.0105,0.01088897,35.22,BTC-25JUL25-115000-C,106395.76,sell,7.7,7.7,,,,,,,1751366547.126
2960,373938095,1751366547126,3,0.0105,0.01088897,35.22,BTC-25JUL25-115000-C,106395.76,sell,1.2,1.2,,,,,,,1751366547.126
2959,373938094,1751366547126,3,0.0105,0.01088897,35.22,BTC-25JUL25-115000-C,106395.76,sell,1.1,1.1,,,,,,,1751366547.126
2962,373938409,1751366715109,3,0.0105,0.01089481,35.17,BTC-25JUL25-115000-C,106400.65,sell,0.1,0.1,,,,,,,1751366715.109
2963,373938560,1751366897380,3,0.0105,0.01084299,35.17,BTC-25JUL25-115000-C,106399.53,sell,0.1,0.1,,,,,,,1751366897.38
2964,373939013,1751367080709,3,0.0105,0.01074446,35.24,BTC-25JUL25-115000-C,106369.14,sell,0.1,0.1,,,,,,,1751367080.709
2965,373940082,1751367263655,3,0.0105,0.0107285,35.24,BTC-25JUL25-115000-C,106385.71,sell,0.1,0.1,,,,,,,1751367263.655
2967,373940782,1751367564016,1,0.011,0.01096005,35.58,BTC-25JUL25-115000-C,106508.52,buy,1.2,1.2,,,,,,,1751367564.016
2966,373940781,1751367564016,0,0.011,0.01096005,35.58,BTC-25JUL25-115000-C,106508.52,buy,0.1,0.1,,,,,,,1751367564.016
2968,373941562,1751367912050,1,0.011,0.01113192,35.39,BTC-25JUL25-115000-C,106580.18,sell,0.1,0.1,,,,,,,1751367912.05
2969,373942118,1751368272045,1,0.011,0.01103676,35.5,BTC-25JUL25-115000-C,106551.87,sell,0.1,0.1,,,,,,,1751368272.045
2970,373942432,1751368383574,1,0.011,0.01087521,35.78,BTC-25JUL25-115000-C,106449.61,sell,0.4,0.4,,,,,,,1751368383.574
2971,373942448,1751368385756,1,0.011,0.01083486,35.8,BTC-25JUL25-115000-C,106434.1,sell,0.1,0.1,,,,,,,1751368385.756
2972,373943857,1751369078050,2,0.0105,0.01098329,34.93,BTC-25JUL25-115000-C,106501.66,sell,0.1,0.1,,,,,,,1751369078.05
2976,373950894,1751375607784,1,0.011,0.01071461,35.7,BTC-25JUL25-115000-C,106513.39,buy,0.8,0.8,,,,,,,1751375607.784
2977,373950895,1751375607784,1,0.011,0.01071461,35.7,BTC-25JUL25-115000-C,106513.39,buy,0.1,0.1,,,,,,,1751375607.784
2973,373950891,1751375607784,0,0.011,0.01071461,35.7,BTC-25JUL25-115000-C,106513.39,buy,5.0,5.0,,,,,,,1751375607.784
2975,373950893,1751375607784,1,0.011,0.01071461,35.7,BTC-25JUL25-115000-C,106513.39,buy,5.2,5.2,,,,,,,1751375607.784
2978,373950896,1751375607784,1,0.011,0.01071461,35.7,BTC-25JUL25-115000-C,106513.39,buy,0.1,0.1,,,,,,,1751375607.784
2974,373950892,1751375607784,1,0.011,0.01071461,35.7,BTC-25JUL25-115000-C,106513.39,buy,1.0,1.0,,,,,,,1751375607.784
2979,373950897,1751375607893,1,0.011,0.01071461,35.7,BTC-25JUL25-115000-C,106513.39,buy,12.2,12.2,,,,,,,1751375607.893
2980,373955826,1751377430086,1,0.011,0.01098687,36.1,BTC-25JUL25-115000-C,106330.67,buy,0.5,0.5,,,,,,,1751377430.086
2981,373958363,1751378470541,0,0.012,0.01217805,35.75,BTC-25JUL25-115000-C,106964.84,buy,0.2,0.2,,,,,,,1751378470.541
2982,373965973,1751380716400,2,0.011,0.01101468,35.94,BTC-25JUL25-115000-C,106395.81,buy,0.2,0.2,,,,,,,1751380716.4
2983,373965974,1751380716405,3,0.011,0.01101468,35.94,BTC-25JUL25-115000-C,106395.81,buy,0.1,0.1,,,,,,,1751380716.405
2984,373967657,1751380978936,2,0.0105,0.01047909,36.21,BTC-25JUL25-115000-C,106023.14,sell,0.2,0.2,,,,,,,1751380978.936
2985,373967669,1751380983041,3,0.0105,0.01047323,36.2,BTC-25JUL25-115000-C,106024.4,sell,0.5,0.5,,,,,,,1751380983.041
2986,373968305,1751381090042,3,0.0105,0.01060892,36.05,BTC-25JUL25-115000-C,106097.15,sell,0.8,0.8,,,,,,,1751381090.042
2988,373968307,1751381090045,3,0.0105,0.01060892,36.05,BTC-25JUL25-115000-C,106097.15,buy,2.2,2.2,,,,,,,1751381090.045
2987,373968306,1751381090045,3,0.0105,0.01060892,36.05,BTC-25JUL25-115000-C,106097.15,buy,2.0,2.0,,,,,,,1751381090.045
2989,373971777,1751381827921,3,0.0105,0.01053697,36.3,BTC-25JUL25-115000-C,106000.09,buy,0.3,0.3,,,,,,,1751381827.921
2990,373971803,1751381844961,3,0.0105,0.01045424,36.4,BTC-25JUL25-115000-C,105965.88,buy,0.1,0.1,,,,,,,1751381844.961
2991,373971850,1751381885836,3,0.0105,0.01050772,36.3,BTC-25JUL25-115000-C,105994.62,buy,0.4,0.4,,,,,,,1751381885.836
2992,373976674,1751383875862,3,0.0105,0.01051756,36.24,BTC-25JUL25-115000-C,106069.35,buy,0.1,0.1,,,,,,,1751383875.862
2993,373976822,1751384003891,3,0.0105,0.01044309,36.29,BTC-25JUL25-115000-C,106052.3,buy,10.0,10.0,,,,,,,1751384003.891
2994,373977002,1751384082927,3,0.0105,0.01061357,35.91,BTC-25JUL25-115000-C,106191.58,buy,3.0,3.0,,,,,,,1751384082.927
2995,373977032,1751384087801,3,0.0105,0.01059534,35.91,BTC-25JUL25-115000-C,106192.95,buy,6.1,6.1,,,,,,,1751384087.801
2996,373977167,1751384135037,3,0.0105,0.01056283,35.92,BTC-25JUL25-115000-C,106190.64,buy,12.3,12.3,,,,,,,1751384135.037
2997,373977170,1751384135046,3,0.0105,0.01056283,35.92,BTC-25JUL25-115000-C,106190.64,buy,0.4,0.4,,,,,,,1751384135.046
2998,373977171,1751384135059,3,0.0105,0.01056283,35.92,BTC-25JUL25-115000-C,106190.64,buy,2.3,2.3,,,,,,,1751384135.059
2999,373981169,1751387820890,0,0.0109,0.01086992,36.5,BTC-25JUL25-115000-C,106202.06,buy,20.0,20.0,2.0,BLOCK-208036,,BTC-CS-25JUL25-106000_115000,,,1751387820.89
3000,373985655,1751393847032,0,0.011,0.01094701,36.76,BTC-25JUL25-115000-C,106124.34,sell,0.3,0.3,,,,,,,1751393847.032
3001,373986182,1751394166284,2,0.0105,0.01062778,36.51,BTC-25JUL25-115000-C,105964.43,sell,0.2,0.2,,,,,,,1751394166.284
3002,373986224,1751394202335,3,0.0105,0.01060087,36.55,BTC-25JUL25-115000-C,105947.85,sell,0.3,0.3,,,,,,,1751394202.335
3005,373986729,1751394581356,3,0.01,0.01033077,36.12,BTC-25JUL25-115000-C,105856.66,sell,3.7,3.7,,,,,,,1751394581.356
3004,373986728,1751394581356,3,0.01,0.01033077,36.12,BTC-25JUL25-115000-C,105856.66,sell,1.8,1.8,,,,,,,1751394581.356
3003,373986727,1751394581356,2,0.01,0.01033077,36.12,BTC-25JUL25-115000-C,105856.66,sell,1.2,1.2,,,,,,,1751394581.356
3006,374005429,1751404234040,3,0.01,0.01005804,36.34,BTC-25JUL25-115000-C,105807.07,buy,0.3,0.3,,,,,,,1751404234.04
3007,374005971,1751404824856,0,0.0105,0.01020724,36.66,BTC-25JUL25-115000-C,105966.33,buy,0.1,0.1,,,,,,,1751404824.856
3008,374011246,1751411760338,2,0.009,0.00896146,35.97,BTC-25JUL25-115000-C,105438.36,buy,0.5,0.5,,,,,,,1751411760.338
3009,374012421,1751413841909,3,0.009,0.00910549,35.6,BTC-25JUL25-115000-C,105604.57,buy,0.4,0.4,,,,,,,1751413841.909
3010,374012424,1751413849960,3,0.009,0.00910478,35.6,BTC-25JUL25-115000-C,105606.06,buy,0.1,0.1,,,,,,,1751413849.96
3011,374014237,1751414423735,0,0.0095,0.00916436,36.16,BTC-25JUL25-115000-C,105681.02,buy,0.1,0.1,,,,,,,1751414423.735
3012,374019315,1751417677671,2,0.009,0.0088751,36.02,BTC-25JUL25-115000-C,105463.45,buy,0.2,0.2,,,,,,,1751417677.671
3013,374019382,1751417696636,2,0.0085,0.00883787,35.31,BTC-25JUL25-115000-C,105451.47,sell,0.2,0.2,,,,,,,1751417696.636
3014,374019695,1751418180910,3,0.0085,0.00889822,35.4,BTC-25JUL25-115000-C,105403.32,sell,0.1,0.1,,,,,,,1751418180.91
3015,374025643,1751422281272,0,0.009,0.00920183,35.62,BTC-25JUL25-115000-C,105626.39,sell,2.0,2.0,,,,,,,1751422281.272
3016,374028466,1751426358357,0,0.01,0.00990033,35.95,BTC-25JUL25-115000-C,106055.19,buy,0.5,0.5,,,,,,,1751426358.357
3017,374035454,1751436261378,0,0.0105,0.01108529,35.04,BTC-25JUL25-115000-C,106698.66,sell,0.2,0.2,,,,,,,1751436261.378
3018,374039201,1751440112714,0,0.012,0.01193407,36.31,BTC-25JUL25-115000-C,106973.59,buy,0.2,0.2,,,,,,,1751440112.714
3019,374039202,1751440112721,1,0.012,0.01193407,36.31,BTC-25JUL25-115000-C,106973.59,buy,0.2,0.2,,,,,,,1751440112.721
3020,374039203,1751440112726,1,0.012,0.01193407,36.31,BTC-25JUL25-115000-C,106973.59,buy,0.1,0.1,,,,,,,1751440112.726
3021,374044234,1751443258771,0,0.0125,0.01272222,36.08,BTC-25JUL25-115000-C,107307.55,buy,0.1,0.1,,,,,,,1751443258.771
3022,374044242,1751443262612,1,0.0125,0.0126921,36.08,BTC-25JUL25-115000-C,107309.87,buy,0.9,0.9,,,,,,,1751443262.612
3023,374044288,1751443267923,1,0.0125,0.01271514,36.03,BTC-25JUL25-115000-C,107328.35,buy,1.0,1.0,,,,,,,1751443267.923
3024,374046635,1751443953088,0,0.013,0.01270212,36.5,BTC-25JUL25-115000-C,107377.25,buy,0.1,0.1,,,,,,,1751443953.088
3025,374047529,1751444428242,1,0.013,0.01301737,35.88,BTC-25JUL25-115000-C,107568.77,buy,3.0,3.0,,,,,,,1751444428.242
3026,374048420,1751444861653,1,0.013,0.01317151,35.77,BTC-25JUL25-115000-C,107620.92,sell,0.5,0.5,,,,,,,1751444861.653
3027,374049317,1751445213776,1,0.013,0.01326836,35.69,BTC-25JUL25-115000-C,107659.1,sell,0.5,0.5,,,,,,,1751445213.776
3028,374051155,1751446226671,1,0.013,0.01304502,35.96,BTC-25JUL25-115000-C,107545.64,buy,0.2,0.2,,,,,,,1751446226.671
3029,374051159,1751446227219,1,0.013,0.0130435,35.92,BTC-25JUL25-115000-C,107561.11,buy,0.1,0.1,,,,,,,1751446227.219
3030,374051274,1751446267973,1,0.013,0.01312029,35.86,BTC-25JUL25-115000-C,107587.92,buy,0.2,0.2,,,,,,,1751446267.973
3031,374063203,1751456176870,1,0.013,0.01292793,35.86,BTC-25JUL25-115000-C,107604.36,sell,5.0,5.0,,,,,,,1751456176.87
3032,374066146,1751457983252,2,0.0125,0.01258005,35.45,BTC-25JUL25-115000-C,107507.91,buy,0.4,0.4,,,,,,,1751457983.252
3033,374066729,1751458365981,3,0.0125,0.01239129,35.72,BTC-25JUL25-115000-C,107418.56,buy,0.1,0.1,,,,,,,1751458365.981
3034,374072995,1751462196038,0,0.0126,0.01284907,35.22,BTC-25JUL25-115000-C,107678.76,sell,25.0,25.0,1.0,BLOCK-208182,,,,,1751462196.038
3035,374073251,1751462488138,2,0.0125,0.01250711,35.5,BTC-25JUL25-115000-C,107551.37,buy,0.4,0.4,,,,,,,1751462488.138
3036,374073478,1751462969820,3,0.0125,0.01252376,35.46,BTC-25JUL25-115000-C,107559.36,buy,0.9,0.9,,,,,,,1751462969.82
3037,374075148,1751463874844,0,0.013,0.01307938,35.36,BTC-25JUL25-115000-C,107837.66,buy,0.1,0.1,,,,,,,1751463874.844
3038,374075149,1751463874873,1,0.013,0.01307938,35.36,BTC-25JUL25-115000-C,107837.66,sell,0.4,0.4,,,,,,,1751463874.873
3039,374075150,1751463874927,1,0.013,0.01307938,35.36,BTC-25JUL25-115000-C,107837.66,sell,0.1,0.1,,,,,,,1751463874.927
3040,374076543,1751464285926,1,0.013,0.01290023,35.61,BTC-25JUL25-115000-C,107771.27,sell,0.4,0.4,,,,,,,1751464285.926
3041,374078689,1751465240062,0,0.0135,0.01338314,35.65,BTC-25JUL25-115000-C,107946.14,buy,0.1,0.1,,,,,,,1751465240.062
3042,374079054,1751465419834,1,0.0135,0.0133063,35.72,BTC-25JUL25-115000-C,107918.5,sell,0.2,0.2,,,,,,,1751465419.834
3043,374079247,1751465554337,0,0.014,0.01351553,36.14,BTC-25JUL25-115000-C,107975.15,buy,0.1,0.1,,,,,,,1751465554.337
3044,374079248,1751465554424,1,0.014,0.01351553,36.14,BTC-25JUL25-115000-C,107975.15,buy,0.8,0.8,,,,,,,1751465554.424
3045,374080237,1751465718085,2,0.0135,0.01349466,35.53,BTC-25JUL25-115000-C,107977.12,sell,0.1,0.1,,,,,,,1751465718.085
3046,374085649,1751467237289,3,0.0135,0.01360036,35.44,BTC-25JUL25-115000-C,107988.79,buy,0.2,0.2,,,,,,,1751467237.289
3050,374086074,1751467365106,1,0.014,0.0138505,35.73,BTC-25JUL25-115000-C,108094.44,buy,0.8,0.8,,,,,,,1751467365.106
3048,374086072,1751467365106,1,0.014,0.0138505,35.73,BTC-25JUL25-115000-C,108094.44,buy,5.0,5.0,,,,,,,1751467365.106
3047,374086071,1751467365106,0,0.014,0.0138505,35.73,BTC-25JUL25-115000-C,108094.44,buy,0.7,0.7,,,,,,,1751467365.106
3049,374086073,1751467365106,1,0.014,0.0138505,35.73,BTC-25JUL25-115000-C,108094.44,buy,0.5,0.5,,,,,,,1751467365.106
3051,374086077,1751467365111,1,0.014,0.0138505,35.73,BTC-25JUL25-115000-C,108094.44,sell,0.5,0.5,,,,,,,1751467365.111
3052,374086078,1751467365114,1,0.014,0.0138505,35.73,BTC-25JUL25-115000-C,108094.44,sell,0.5,0.5,,,,,,,1751467365.114
3053,374086081,1751467365500,0,0.0145,0.0138505,36.33,BTC-25JUL25-115000-C,108094.44,buy,0.2,0.2,,,,,,,1751467365.5
3054,374088593,1751468018080,2,0.014,0.01396719,35.65,BTC-25JUL25-115000-C,108116.16,sell,0.2,0.2,,,,,,,1751468018.08
3055,374089712,1751468377363,3,0.014,0.0141539,35.42,BTC-25JUL25-115000-C,108197.13,buy,0.1,0.1,,,,,,,1751468377.363
3056,374091284,1751468657778,2,0.0139,0.01454537,34.87,BTC-25JUL25-115000-C,108335.32,buy,900.0,900.0,3.0,BLOCK-208220,,BTC-CBUT-25JUL25-115000_120000_122000,,,1751468657.778
3057,374092095,1751468864045,3,0.0139,0.01442159,35.06,BTC-25JUL25-115000-C,108297.29,buy,450.0,450.0,3.0,BLOCK-208222,,BTC-CBUT-25JUL25-115000_120000_122000,,,1751468864.045
3058,374093489,1751469095563,0,0.015,0.01501271,35.76,BTC-25JUL25-115000-C,108495.91,buy,0.1,0.1,,,,,,,1751469095.563
3059,374093825,1751469131275,0,0.0155,0.01512676,36.24,BTC-25JUL25-115000-C,108526.86,buy,0.1,0.1,,,,,,,1751469131.275
3060,374093826,1751469131275,1,0.0155,0.01512676,36.24,BTC-25JUL25-115000-C,108526.86,buy,1.5,1.5,,,,,,,1751469131.275
3061,374093836,1751469145809,1,0.0155,0.01510046,36.26,BTC-25JUL25-115000-C,108517.34,buy,1.5,1.5,,,,,,,1751469145.809
3062,374093837,1751469145809,1,0.0155,0.01510046,36.26,BTC-25JUL25-115000-C,108517.34,buy,0.1,0.1,,,,,,,1751469145.809
3063,374093930,1751469160908,1,0.0155,0.01505055,36.39,BTC-25JUL25-115000-C,108476.28,buy,1.8,1.8,,,,,,,1751469160.908
3064,374093931,1751469161455,2,0.015,0.01501657,35.8,BTC-25JUL25-115000-C,108475.09,sell,0.5,0.5,,,,,,,1751469161.455
3065,374093953,1751469175908,0,0.0155,0.01501412,36.38,BTC-25JUL25-115000-C,108481.37,buy,1.1,1.1,,,,,,,1751469175.908
3066,374094007,1751469191007,1,0.0155,0.01501317,36.42,BTC-25JUL25-115000-C,108472.18,buy,0.6,0.6,,,,,,,1751469191.007
3067,374094018,1751469195379,2,0.015,0.01498606,35.81,BTC-25JUL25-115000-C,108480.36,sell,0.1,0.1,,,,,,,1751469195.379
3068,374094053,1751469206108,0,0.0155,0.01499027,36.41,BTC-25JUL25-115000-C,108476.45,buy,0.8,0.8,,,,,,,1751469206.108
3069,374094067,1751469221209,1,0.0155,0.01499559,36.42,BTC-25JUL25-115000-C,108471.92,buy,0.5,0.5,,,,,,,1751469221.209
3072,374094182,1751469236308,1,0.0155,0.01500412,36.47,BTC-25JUL25-115000-C,108453.6,buy,0.4,0.4,,,,,,,1751469236.308
3071,374094181,1751469236308,1,0.0155,0.01500412,36.47,BTC-25JUL25-115000-C,108453.6,buy,0.3,0.3,,,,,,,1751469236.308
3070,374094180,1751469236308,1,0.0155,0.01500412,36.47,BTC-25JUL25-115000-C,108453.6,buy,0.1,0.1,,,,,,,1751469236.308
3073,374094267,1751469251407,1,0.0155,0.01485146,36.62,BTC-25JUL25-115000-C,108404.99,buy,0.8,0.8,,,,,,,1751469251.407
3074,374094268,1751469251407,1,0.0155,0.01485146,36.62,BTC-25JUL25-115000-C,108404.99,buy,0.3,0.3,,,,,,,1751469251.407
3075,374094299,1751469266409,1,0.0155,0.01486926,36.63,BTC-25JUL25-115000-C,108402.96,buy,1.4,1.4,,,,,,,1751469266.409
3076,374094363,1751469281507,1,0.0155,0.01489373,36.61,BTC-25JUL25-115000-C,108417.22,buy,2.5,2.5,,,,,,,1751469281.507
3077,374094440,1751469296607,1,0.0155,0.01489755,36.61,BTC-25JUL25-115000-C,108419.77,buy,1.2,1.2,,,,,,,1751469296.607
3083,374095823,1751469620867,3,0.015,0.0152557,35.75,BTC-25JUL25-115000-C,108500.69,sell,0.3,0.3,,,,,,,1751469620.867
3078,374095818,1751469620867,2,0.015,0.0152557,35.75,BTC-25JUL25-115000-C,108500.69,sell,1.4,1.4,,,,,,,1751469620.867
3082,374095822,1751469620867,3,0.015,0.0152557,35.75,BTC-25JUL25-115000-C,108500.69,sell,1.0,1.0,,,,,,,1751469620.867
3081,374095821,1751469620867,3,0.015,0.0152557,35.75,BTC-25JUL25-115000-C,108500.69,sell,1.0,1.0,,,,,,,1751469620.867
3079,374095819,1751469620867,3,0.015,0.0152557,35.75,BTC-25JUL25-115000-C,108500.69,sell,1.3,1.3,,,,,,,1751469620.867
3080,374095820,1751469620867,3,0.015,0.0152557,35.75,BTC-25JUL25-115000-C,108500.69,sell,5.0,5.0,,,,,,,1751469620.867
3089,374095918,1751469652718,3,0.015,0.01527289,35.69,BTC-25JUL25-115000-C,108518.59,sell,1.0,1.0,,,,,,,1751469652.718
3084,374095913,1751469652718,3,0.015,0.01527289,35.69,BTC-25JUL25-115000-C,108518.59,sell,0.7,0.7,,,,,,,1751469652.718
3088,374095917,1751469652718,3,0.015,0.01527289,35.69,BTC-25JUL25-115000-C,108518.59,sell,4.4,4.4,,,,,,,1751469652.718
3086,374095915,1751469652718,3,0.015,0.01527289,35.69,BTC-25JUL25-115000-C,108518.59,sell,1.2,1.2,,,,,,,1751469652.718
3087,374095916,1751469652718,3,0.015,0.01527289,35.69,BTC-25JUL25-115000-C,108518.59,sell,0.9,0.9,,,,,,,1751469652.718
3085,374095914,1751469652718,3,0.015,0.01527289,35.69,BTC-25JUL25-115000-C,108518.59,sell,1.0,1.0,,,,,,,1751469652.718
3090,374095919,1751469652721,3,0.015,0.01527289,35.69,BTC-25JUL25-115000-C,108518.59,buy,0.8,0.8,,,,,,,1751469652.721
3091,374099472,1751470763821,2,0.014,0.01512127,34.72,BTC-25JUL25-115000-C,108444.88,buy,150.0,150.0,3.0,BLOCK-208250,,BTC-CBUT-25JUL25-115000_120000_122000,,,1751470763.821
3092,374100961,1751471120920,0,0.0155,0.01539919,36.22,BTC-25JUL25-115000-C,108524.23,buy,3.0,3.0,,,,,,,1751471120.92
3093,374102465,1751471340639,2,0.015,0.01541264,35.63,BTC-25JUL25-115000-C,108523.55,sell,0.1,0.1,,,,,,,1751471340.639
3094,374113710,1751472447553,0,0.0175,0.01752519,36.41,BTC-25JUL25-115000-C,109214.92,sell,0.1,0.1,,,,,,,1751472447.553
3095,374114094,1751472468493,1,0.0175,0.01747718,36.45,BTC-25JUL25-115000-C,109202.39,buy,0.4,0.4,,,,,,,1751472468.493
3096,374115981,1751472555052,0,0.0185,0.01845255,36.58,BTC-25JUL25-115000-C,109515.07,buy,0.1,0.1,,,,,,,1751472555.052
3097,374129077,1751473347978,0,0.0194,0.01888594,37.89,BTC-25JUL25-115000-C,109413.57,buy,7.0,7.0,3.0,BLOCK-208271,7645.0,BTC-CBUT-25JUL25-115000_120000_122000,,,1751473347.978
3098,374134815,1751474047031,2,0.019,0.01875402,37.73,BTC-25JUL25-115000-C,109337.32,buy,0.7,0.7,,,,,,,1751474047.031
3099,374138291,1751474973997,0,0.0195,0.0195176,37.45,BTC-25JUL25-115000-C,109620.22,buy,0.5,0.5,,,,,,,1751474973.997
3100,374138436,1751475009871,0,0.02,0.01969103,37.81,BTC-25JUL25-115000-C,109670.43,buy,1.0,1.0,,,,,,,1751475009.871
3101,374138657,1751475047769,0,0.0201,0.01963052,37.98,BTC-25JUL25-115000-C,109646.55,buy,25.0,25.0,1.0,BLOCK-208277,,,,,1751475047.769
3102,374138658,1751475047837,1,0.0201,0.01963052,37.98,BTC-25JUL25-115000-C,109646.55,buy,25.0,25.0,1.0,BLOCK-208278,,,,,1751475047.837
3103,374138951,1751475113557,2,0.019,0.01928252,37.18,BTC-25JUL25-115000-C,109528.92,sell,25.0,25.0,1.0,BLOCK-208279,,,,,1751475113.557
3104,374140052,1751475362845,3,0.019,0.01932217,37.25,BTC-25JUL25-115000-C,109510.89,sell,0.1,0.1,,,,,,,1751475362.845
3105,374141976,1751476016629,3,0.019,0.0190604,37.41,BTC-25JUL25-115000-C,109462.58,buy,0.2,0.2,,,,,,,1751476016.629
3106,374141977,1751476017630,3,0.019,0.01904287,37.41,BTC-25JUL25-115000-C,109462.0,buy,0.1,0.1,,,,,,,1751476017.63
3107,374141978,1751476017634,3,0.019,0.01904287,37.41,BTC-25JUL25-115000-C,109462.0,buy,0.1,0.1,,,,,,,1751476017.634
3108,374141979,1751476018193,3,0.019,0.01904287,37.41,BTC-25JUL25-115000-C,109462.0,buy,0.1,0.1,,,,,,,1751476018.193
3109,374142150,1751476181854,3,0.019,0.01902738,37.43,BTC-25JUL25-115000-C,109452.74,buy,0.1,0.1,,,,,,,1751476181.854
3110,374142527,1751476354323,2,0.0185,0.0189436,36.93,BTC-25JUL25-115000-C,109431.1,sell,0.9,0.9,,,,,,,1751476354.323
3113,374143094,1751476704326,1,0.0195,0.01919626,37.82,BTC-25JUL25-115000-C,109522.44,buy,1.6,1.6,,,,,,,1751476704.326
3112,374143093,1751476704326,1,0.0195,0.01919626,37.82,BTC-25JUL25-115000-C,109522.44,buy,1.3,1.3,,,,,,,1751476704.326
3111,374143092,1751476704326,0,0.0195,0.01919626,37.82,BTC-25JUL25-115000-C,109522.44,buy,7.8,7.8,,,,,,,1751476704.326
3114,374145885,1751477888295,2,0.019,0.01903975,37.9,BTC-25JUL25-115000-C,109302.92,sell,0.1,0.1,,,,,,,1751477888.295
3115,374146824,1751478009815,2,0.0185,0.01838605,38.1,BTC-25JUL25-115000-C,109070.3,sell,1.0,1.0,,,,,,,1751478009.815
3116,374147995,1751478401726,3,0.0185,0.01848465,38.28,BTC-25JUL25-115000-C,109027.72,buy,0.1,0.1,,,,,,,1751478401.726
3117,374148013,1751478403530,3,0.0185,0.01838865,38.23,BTC-25JUL25-115000-C,109042.22,buy,0.1,0.1,,,,,,,1751478403.53
3118,374148014,1751478403535,3,0.0185,0.01838865,38.23,BTC-25JUL25-115000-C,109042.22,buy,0.1,0.1,,,,,,,1751478403.535
3119,374148024,1751478404543,3,0.0185,0.01842947,38.22,BTC-25JUL25-115000-C,109046.76,buy,0.2,0.2,,,,,,,1751478404.543
3120,374148939,1751478729550,3,0.0185,0.01853592,38.13,BTC-25JUL25-115000-C,109068.2,buy,0.5,0.5,,,,,,,1751478729.55
3121,374149375,1751478873346,3,0.0185,0.01892169,37.66,BTC-25JUL25-115000-C,109230.06,sell,0.3,0.3,,,,,,,1751478873.346
3122,374149499,1751478920930,3,0.0185,0.01870474,37.91,BTC-25JUL25-115000-C,109171.87,buy,0.5,0.5,,,,,,,1751478920.93
3123,374149782,1751479087043,2,0.018,0.01843793,37.58,BTC-25JUL25-115000-C,109102.81,sell,1.0,1.0,,,,,,,1751479087.043
3124,374149840,1751479142035,0,0.0185,0.01848497,38.11,BTC-25JUL25-115000-C,109113.26,buy,0.5,0.5,,,,,,,1751479142.035
3125,374150211,1751479298456,1,0.0185,0.01874165,37.8,BTC-25JUL25-115000-C,109215.08,buy,0.3,0.3,,,,,,,1751479298.456
3126,374150693,1751479524726,1,0.0185,0.01880989,37.69,BTC-25JUL25-115000-C,109256.15,sell,0.1,0.1,,,,,,,1751479524.726
3127,374152438,1751480181434,2,0.018,0.0186351,37.08,BTC-25JUL25-115000-C,109249.65,sell,0.4,0.4,,,,,,,1751480181.434
3128,374152773,1751480569367,3,0.018,0.01852615,36.97,BTC-25JUL25-115000-C,109285.39,sell,0.4,0.4,,,,,,,1751480569.367
3130,374153005,1751480762645,1,0.0185,0.01866574,37.26,BTC-25JUL25-115000-C,109368.28,buy,0.1,0.1,,,,,,,1751480762.645
3129,374153004,1751480762645,0,0.0185,0.01866574,37.26,BTC-25JUL25-115000-C,109368.28,buy,2.0,2.0,,,,,,,1751480762.645
3131,374153496,1751481122103,2,0.018,0.01855096,36.71,BTC-25JUL25-115000-C,109387.25,sell,0.2,0.2,,,,,,,1751481122.103
3132,374154098,1751481695765,3,0.018,0.01850756,36.64,BTC-25JUL25-115000-C,109407.0,sell,0.4,0.4,,,,,,,1751481695.765
3133,374155125,1751482374799,3,0.018,0.01865248,36.39,BTC-25JUL25-115000-C,109475.08,sell,0.1,0.1,,,,,,,1751482374.799
3134,374155838,1751482814839,0,0.0185,0.01884308,36.64,BTC-25JUL25-115000-C,109582.88,sell,0.4,0.4,,,,,,,1751482814.839
3135,374155839,1751482814841,1,0.0185,0.01884308,36.64,BTC-25JUL25-115000-C,109582.88,buy,0.8,0.8,,,,,,,1751482814.841
3136,374156997,1751483517914,1,0.0185,0.01830508,37.2,BTC-25JUL25-115000-C,109405.54,sell,2.0,2.0,,,,,,,1751483517.914
3137,374157049,1751483582814,1,0.0185,0.01842305,37.1,BTC-25JUL25-115000-C,109431.39,sell,10.0,10.0,,,,,,,1751483582.814
3138,374158422,1751485102004,1,0.0185,0.01885468,36.89,BTC-25JUL25-115000-C,109522.76,sell,0.2,0.2,,,,,,,1751485102.004
3139,374158663,1751485271848,1,0.0185,0.0188878,36.9,BTC-25JUL25-115000-C,109513.07,sell,0.2,0.2,,,,,,,1751485271.848
3140,374158861,1751485551270,1,0.0185,0.01874115,37.1,BTC-25JUL25-115000-C,109456.6,sell,0.1,0.1,,,,,,,1751485551.27
3141,374159393,1751485907768,1,0.0185,0.01885112,36.98,BTC-25JUL25-115000-C,109488.44,sell,0.2,0.2,,,,,,,1751485907.768
3142,374160372,1751486222660,0,0.019,0.01925055,37.09,BTC-25JUL25-115000-C,109635.42,buy,0.1,0.1,,,,,,,1751486222.66
3143,374160803,1751486384971,0,0.0195,0.01940552,37.45,BTC-25JUL25-115000-C,109704.29,buy,0.1,0.1,,,,,,,1751486384.971
3144,374161642,1751486659287,1,0.0195,0.01919054,37.81,BTC-25JUL25-115000-C,109590.34,buy,0.3,0.3,,,,,,,1751486659.287
3145,374162711,1751487416963,1,0.0195,0.01955833,37.8,BTC-25JUL25-115000-C,109554.15,buy,0.1,0.1,,,,,,,1751487416.963
3146,374164636,1751487906779,2,0.0185,0.01892714,37.52,BTC-25JUL25-115000-C,109308.9,sell,0.7,0.7,,,,,,,1751487906.779
3147,374165797,1751488573150,0,0.019,0.01943307,37.61,BTC-25JUL25-115000-C,109464.95,sell,0.2,0.2,,,,,,,1751488573.15
3148,374165844,1751488728696,1,0.019,0.01942122,37.64,BTC-25JUL25-115000-C,109451.77,sell,1.0,1.0,,,,,,,1751488728.696
3149,374166324,1751489325716,1,0.019,0.01923337,38.0,BTC-25JUL25-115000-C,109307.65,sell,0.2,0.2,,,,,,,1751489325.716
3150,374166371,1751489465792,1,0.019,0.01931907,37.97,BTC-25JUL25-115000-C,109318.19,sell,0.2,0.2,,,,,,,1751489465.792
3151,374171817,1751493896936,2,0.0185,0.01860037,37.42,BTC-25JUL25-115000-C,109365.78,buy,0.2,0.2,,,,,,,1751493896.936
3152,374171974,1751494140842,3,0.0185,0.01832138,37.65,BTC-25JUL25-115000-C,109297.1,buy,0.2,0.2,,,,,,,1751494140.842
3153,374172457,1751495088007,3,0.0185,0.01839233,37.51,BTC-25JUL25-115000-C,109317.1,buy,1.1,1.1,,,,,,,1751495088.007
3154,374176131,1751498848019,2,0.0175,0.01744746,37.42,BTC-25JUL25-115000-C,109015.16,sell,0.2,0.2,,,,,,,1751498848.019
3155,374181910,1751505436584,2,0.017,0.01741248,36.96,BTC-25JUL25-115000-C,109000.38,sell,0.1,0.1,,,,,,,1751505436.584
3156,374182122,1751505726905,0,0.0175,0.01769571,37.22,BTC-25JUL25-115000-C,109082.0,buy,0.2,0.2,,,,,,,1751505726.905
3157,374201271,1751520994357,0,0.0185,0.0183106,37.93,BTC-25JUL25-115000-C,109255.73,buy,0.3,0.3,,,,,,,1751520994.357
3158,374201272,1751520994369,1,0.0185,0.0183106,37.93,BTC-25JUL25-115000-C,109255.73,sell,2.8,2.8,,,,,,,1751520994.369
3159,374202877,1751522677749,1,0.0185,0.01867131,37.78,BTC-25JUL25-115000-C,109316.74,sell,0.5,0.5,,,,,,,1751522677.749
3160,374206422,1751525042624,0,0.019,0.01902647,37.83,BTC-25JUL25-115000-C,109460.92,buy,0.2,0.2,,,,,,,1751525042.624
3161,374207979,1751525728538,1,0.019,0.01941034,37.55,BTC-25JUL25-115000-C,109543.26,sell,0.1,0.1,,,,,,,1751525728.538
3162,374220036,1751532260432,0,0.0195,0.0194656,38.09,BTC-25JUL25-115000-C,109576.56,buy,0.9,0.9,,,,,,,1751532260.432
3163,374220037,1751532260435,1,0.0195,0.0194656,38.09,BTC-25JUL25-115000-C,109576.56,buy,0.2,0.2,,,,,,,1751532260.435
3164,374228110,1751534817918,0,0.0209,0.02070689,38.32,BTC-25JUL25-115000-C,109964.42,sell,0.3,0.3,,,,BTC-CSR12-25JUL25-115000_120000,374228109,,1751534817.918
3165,374228130,1751534829051,1,0.0209,0.02070112,38.33,BTC-25JUL25-115000-C,109964.54,sell,4.7,4.7,,,,BTC-CSR12-25JUL25-115000_120000,374228129,,1751534829.051
3166,374228149,1751534841540,2,0.0207,0.02069272,38.11,BTC-25JUL25-115000-C,109968.13,sell,0.2,0.2,,,,BTC-CSR12-25JUL25-115000_120000,374228147,,1751534841.54
3167,374229211,1751535018011,0,0.021,0.02090722,38.29,BTC-25JUL25-115000-C,110011.52,sell,0.1,0.1,,,,,,,1751535018.011
3168,374229316,1751535050427,1,0.021,0.02088219,38.32,BTC-25JUL25-115000-C,109998.58,buy,0.1,0.1,,,,,,,1751535050.427
3169,374230256,1751535236556,1,0.021,0.02091438,38.29,BTC-25JUL25-115000-C,110014.21,buy,4.8,4.8,,,,,,,1751535236.556
3170,374233966,1751535853807,0,0.022,0.02176291,38.62,BTC-25JUL25-115000-C,110232.88,buy,0.2,0.2,,,,,,,1751535853.807
3171,374235649,1751536087231,2,0.0215,0.02160882,38.35,BTC-25JUL25-115000-C,110148.68,buy,1.0,1.0,,,,,,,1751536087.231
3172,374242955,1751536889387,3,0.0215,0.02136738,39.03,BTC-25JUL25-115000-C,109957.47,sell,3.3,3.3,,,,,,,1751536889.387
3173,374242966,1751536892160,3,0.0215,0.02136048,39.13,BTC-25JUL25-115000-C,109926.5,sell,0.7,0.7,,,,,,,1751536892.16
3174,374245296,1751537186591,3,0.0215,0.02148934,39.0,BTC-25JUL25-115000-C,109959.71,buy,0.1,0.1,,,,,,,1751537186.591
3175,374245297,1751537186733,2,0.021,0.02149333,38.44,BTC-25JUL25-115000-C,109960.72,sell,0.1,0.1,,,,,,,1751537186.733
3176,374251112,1751538587605,0,0.0215,0.02100573,39.57,BTC-25JUL25-115000-C,109784.93,buy,0.1,0.1,,,,,,,1751538587.605
3177,374260139,1751544007105,2,0.02,0.0203081,38.46,BTC-25JUL25-115000-C,109613.98,sell,3.0,3.0,,,,,,,1751544007.105
3178,374260218,1751544011422,0,0.0212,0.02011072,39.92,BTC-25JUL25-115000-C,109579.13,buy,175.0,175.0,3.0,BLOCK-208475,,BTC-CBUT-25JUL25-115000_120000_122000,,,1751544011.422
3179,374260807,1751544212384,1,0.0212,0.02014017,39.87,BTC-25JUL25-115000-C,109599.72,buy,175.0,175.0,3.0,BLOCK-208476,,BTC-CBUT-25JUL25-115000_120000_122000,,,1751544212.384
3180,374262207,1751544935335,1,0.0212,0.02003383,39.9,BTC-25JUL25-115000-C,109591.23,buy,25.0,25.0,3.0,BLOCK-208477,,BTC-CBUT-25JUL25-115000_120000_122000,,,1751544935.335
3181,374262222,1751544945687,1,0.0212,0.02002966,39.91,BTC-25JUL25-115000-C,109591.53,buy,25.0,25.0,3.0,BLOCK-208478,,BTC-CBUT-25JUL25-115000_120000_122000,,,1751544945.687
3182,374264119,1751545801626,2,0.0205,0.02028132,38.81,BTC-25JUL25-115000-C,109657.37,buy,3.5,3.5,,,,,,,1751545801.626
3183,374264155,1751545801711,3,0.0205,0.02028132,38.81,BTC-25JUL25-115000-C,109657.37,buy,0.5,0.5,,,,,,,1751545801.711
3184,374264163,1751545801722,3,0.0205,0.02028132,38.81,BTC-25JUL25-115000-C,109657.37,buy,0.6,0.6,,,,,,,1751545801.722
3185,374264165,1751545801738,3,0.0205,0.02028132,38.81,BTC-25JUL25-115000-C,109657.37,buy,5.4,5.4,,,,,,,1751545801.738
3186,374264167,1751545801746,3,0.0205,0.02028132,38.81,BTC-25JUL25-115000-C,109657.37,buy,0.1,0.1,,,,,,,1751545801.746
3187,374264172,1751545801754,3,0.0205,0.02028132,38.81,BTC-25JUL25-115000-C,109657.37,buy,0.1,0.1,,,,,,,1751545801.754
3188,374264173,1751545801765,3,0.0205,0.02028132,38.81,BTC-25JUL25-115000-C,109657.37,buy,11.2,11.2,,,,,,,1751545801.765
3189,374264224,1751545802449,0,0.021,0.02028132,39.37,BTC-25JUL25-115000-C,109657.37,buy,2.5,2.5,,,,,,,1751545802.449
3190,374264226,1751545802460,1,0.021,0.02028132,39.37,BTC-25JUL25-115000-C,109657.37,buy,1.6,1.6,,,,,,,1751545802.46
3191,374264227,1751545802470,1,0.021,0.02028132,39.37,BTC-25JUL25-115000-C,109657.37,buy,0.9,0.9,,,,,,,1751545802.47
3192,374264228,1751545802470,1,0.021,0.02028132,39.37,BTC-25JUL25-115000-C,109657.37,buy,0.4,0.4,,,,,,,1751545802.47
3193,374269433,1751546344480,2,0.0185,0.01844494,38.57,BTC-25JUL25-115000-C,109074.07,sell,1.4,1.4,,,,,,,1751546344.48
3194,374278392,1751549599982,0,0.0196,0.01993275,37.35,BTC-25JUL25-115000-C,109874.96,sell,10.0,10.0,3.0,BLOCK-208498,7752.0,,,,1751549599.982
3195,374278858,1751549684411,0,0.02,0.01980025,38.0,BTC-25JUL25-115000-C,109828.23,buy,0.6,0.6,,,,,,,1751549684.411
3196,374278859,1751549684411,1,0.02,0.01980025,38.0,BTC-25JUL25-115000-C,109828.23,buy,4.4,4.4,,,,,,,1751549684.411
3197,374279366,1751549808904,1,0.02,0.01985103,37.86,BTC-25JUL25-115000-C,109865.96,sell,0.2,0.2,,,,,,,1751549808.904
3198,374279370,1751549809909,1,0.02,0.01985373,37.84,BTC-25JUL25-115000-C,109872.39,sell,0.2,0.2,,,,,,,1751549809.909
3199,374279372,1751549810165,1,0.02,0.01985373,37.84,BTC-25JUL25-115000-C,109872.39,sell,0.1,0.1,,,,,,,1751549810.165
3200,374279374,1751549810922,1,0.02,0.01989033,37.85,BTC-25JUL25-115000-C,109870.51,sell,0.1,0.1,,,,,,,1751549810.922
3201,374279375,1751549810926,1,0.02,0.01989033,37.85,BTC-25JUL25-115000-C,109870.51,sell,0.3,0.3,,,,,,,1751549810.926
3202,374279377,1751549811372,1,0.02,0.01989033,37.85,BTC-25JUL25-115000-C,109870.51,sell,0.1,0.1,,,,,,,1751549811.372
3203,374279718,1751549851041,0,0.0205,0.02036098,37.87,BTC-25JUL25-115000-C,110011.9,buy,0.8,0.8,,,,,,,1751549851.041
3204,374279846,1751549883748,1,0.0205,0.02041704,37.83,BTC-25JUL25-115000-C,110031.49,sell,0.2,0.2,,,,,,,1751549883.748
3205,374281059,1751550064648,2,0.02,0.01988819,37.89,BTC-25JUL25-115000-C,109846.21,sell,0.1,0.1,,,,,,,1751550064.648
3206,374284646,1751550636387,0,0.022,0.02167445,38.11,BTC-25JUL25-115000-C,110418.07,buy,0.3,0.3,,,,,,,1751550636.387
3208,374285575,1751550702606,1,0.022,0.02130481,38.53,BTC-25JUL25-115000-C,110292.55,buy,0.1,0.1,,,,,,,1751550702.606
3207,374285574,1751550702606,1,0.022,0.02130481,38.53,BTC-25JUL25-115000-C,110292.55,buy,0.7,0.7,,,,,,,1751550702.606
3209,374285576,1751550702606,1,0.022,0.02130481,38.53,BTC-25JUL25-115000-C,110292.55,buy,0.7,0.7,,,,,,,1751550702.606
3210,374285586,1751550705245,1,0.022,0.02133845,38.55,BTC-25JUL25-115000-C,110286.82,buy,0.1,0.1,,,,,,,1751550705.245
3211,374285591,1751550705422,1,0.022,0.02133845,38.55,BTC-25JUL25-115000-C,110286.82,buy,8.4,8.4,,,,,,,1751550705.422
3212,374288330,1751551037913,0,0.0225,0.02233651,38.23,BTC-25JUL25-115000-C,110531.02,sell,0.1,0.1,,,,,,,1751551037.913
3213,374288984,1751551104780,1,0.0225,0.02236992,38.23,BTC-25JUL25-115000-C,110536.27,sell,0.1,0.1,,,,,,,1751551104.78
3214,374291154,1751551425263,1,0.0225,0.02243277,38.25,BTC-25JUL25-115000-C,110522.85,sell,0.1,0.1,,,,,,,1751551425.263
3215,374291155,1751551425276,1,0.0225,0.02243277,38.25,BTC-25JUL25-115000-C,110522.85,sell,0.2,0.2,,,,,,,1751551425.276
3216,374291156,1751551425287,1,0.0225,0.02243277,38.25,BTC-25JUL25-115000-C,110522.85,sell,0.6,0.6,,,,,,,1751551425.287
3217,374301781,1751555134595,2,0.019,0.01913308,37.77,BTC-25JUL25-115000-C,109561.53,buy,0.5,0.5,,,,,,,1751555134.595
3218,374301784,1751555134600,3,0.019,0.01913308,37.77,BTC-25JUL25-115000-C,109561.53,buy,0.4,0.4,,,,,,,1751555134.6
3219,374301785,1751555134607,3,0.019,0.01913308,37.77,BTC-25JUL25-115000-C,109561.53,buy,0.5,0.5,,,,,,,1751555134.607
3220,374301786,1751555134615,3,0.019,0.01913308,37.77,BTC-25JUL25-115000-C,109561.53,buy,0.4,0.4,,,,,,,1751555134.615
3221,374301787,1751555134617,3,0.019,0.01913308,37.77,BTC-25JUL25-115000-C,109561.53,buy,0.1,0.1,,,,,,,1751555134.617
3222,374301788,1751555134622,3,0.019,0.01913308,37.77,BTC-25JUL25-115000-C,109561.53,buy,0.1,0.1,,,,,,,1751555134.622
3223,374301834,1751555162215,3,0.019,0.01911947,37.8,BTC-25JUL25-115000-C,109550.38,buy,0.1,0.1,,,,,,,1751555162.215
3224,374301886,1751555192793,2,0.0185,0.01906213,37.29,BTC-25JUL25-115000-C,109529.83,sell,0.1,0.1,,,,,,,1751555192.793
3225,374312132,1751561136357,2,0.0175,0.01752936,36.36,BTC-25JUL25-115000-C,109471.6,buy,2.5,2.5,,,,,,,1751561136.357
3226,374315298,1751563826445,3,0.0175,0.01763154,36.2,BTC-25JUL25-115000-C,109500.25,sell,0.6,0.6,,,,,,,1751563826.445
3227,374321960,1751571192511,0,0.0185,0.01846386,36.34,BTC-25JUL25-115000-C,109852.17,sell,0.4,0.4,,,,,,,1751571192.511
3228,374323188,1751573389672,1,0.0185,0.0185662,36.16,BTC-25JUL25-115000-C,109911.34,buy,0.1,0.1,,,,,,,1751573389.672
3230,374332788,1751583567052,3,0.0175,0.0179011,35.99,BTC-25JUL25-115000-C,109740.8,sell,0.9,0.9,,,,,,,1751583567.052
3229,374332787,1751583567052,2,0.0175,0.0179011,35.99,BTC-25JUL25-115000-C,109740.8,sell,0.1,0.1,,,,,,,1751583567.052
3231,374334775,1751585970074,2,0.017,0.01744549,35.86,BTC-25JUL25-115000-C,109620.65,sell,0.1,0.1,,,,,,,1751585970.074
3232,374340676,1751589836572,3,0.017,0.01731422,35.69,BTC-25JUL25-115000-C,109693.87,sell,0.1,0.1,,,,,,,1751589836.572
3233,374342711,1751590871886,2,0.0165,0.01681277,35.83,BTC-25JUL25-115000-C,109490.35,sell,0.1,0.1,,,,,,,1751590871.886
3234,374352013,1751595102720,2,0.016,0.01616418,35.37,BTC-25JUL25-115000-C,109481.11,sell,0.1,0.1,,,,,,,1751595102.72
3235,374352014,1751595102722,3,0.016,0.01616418,35.37,BTC-25JUL25-115000-C,109481.11,buy,3.0,3.0,,,,,,,1751595102.722
3237,374355493,1751596346328,3,0.016,0.01577107,35.64,BTC-25JUL25-115000-C,109397.67,buy,6.1,6.1,,,,,,,1751596346.328
3236,374355492,1751596346328,3,0.016,0.01577107,35.64,BTC-25JUL25-115000-C,109397.67,buy,3.9,3.9,,,,,,,1751596346.328
3238,374366905,1751600097332,2,0.0155,0.01584622,35.18,BTC-25JUL25-115000-C,109349.4,sell,0.1,0.1,,,,,,,1751600097.332
3239,374371006,1751603155199,3,0.0155,0.01544549,35.51,BTC-25JUL25-115000-C,109250.42,sell,0.5,0.5,,,,BTC-CBUT-25JUL25-115000_120000_125000,374371004,,1751603155.199
3240,374371031,1751603161146,3,0.0155,0.01543733,35.54,BTC-25JUL25-115000-C,109245.54,buy,4.5,4.5,,,,BTC-CBUT-25JUL25-115000_120000_125000,374371030,,1751603161.146
3241,374371039,1751603184194,3,0.0155,0.01545165,35.51,BTC-25JUL25-115000-C,109256.28,buy,0.1,0.1,,,,BTC-CBUT-25JUL25-115000_120000_125000,374371037,,1751603184.194
3242,374377582,1751607435589,0,0.016,0.01548478,36.25,BTC-25JUL25-115000-C,109223.31,buy,0.1,0.1,,,,,,,1751607435.589
3243,374377633,1751607460473,2,0.0157,0.01550286,35.87,BTC-25JUL25-115000-C,109229.83,buy,40.0,40.0,3.0,BLOCK-208628,7788.0,,,,1751607460.473
3244,374377762,1751607563753,3,0.0157,0.01547688,35.9,BTC-25JUL25-115000-C,109222.55,buy,40.0,40.0,3.0,BLOCK-208630,7789.0,,,,1751607563.753
3245,374379656,1751608724653,2,0.015,0.01502356,35.55,BTC-25JUL25-115000-C,109058.18,buy,0.3,0.3,,,,,,,1751608724.653
3246,374387543,1751612572325,3,0.015,0.01541734,35.21,BTC-25JUL25-115000-C,109130.41,sell,0.1,0.1,,,,,,,1751612572.325
3247,374388764,1751613005725,3,0.015,0.01501494,35.64,BTC-25JUL25-115000-C,108997.43,sell,0.5,0.5,,,,,,,1751613005.725
3248,374391666,1751614468604,3,0.015,0.01487705,36.19,BTC-25JUL25-115000-C,108809.1,sell,1.0,1.0,,,,,,,1751614468.604
3250,374400744,1751618277914,3,0.0135,0.0141241,34.42,BTC-25JUL25-115000-C,108865.32,sell,2.0,2.0,,,,,,,1751618277.914
3249,374400743,1751618277914,2,0.0135,0.0141241,34.42,BTC-25JUL25-115000-C,108865.32,sell,8.0,8.0,,,,,,,1751618277.914
3252,374401625,1751618475186,1,0.014,0.01387622,35.02,BTC-25JUL25-115000-C,108878.48,buy,1.1,1.1,,,,,,,1751618475.186
3254,374401627,1751618475186,1,0.014,0.01387622,35.02,BTC-25JUL25-115000-C,108878.48,buy,4.4,4.4,,,,,,,1751618475.186
3253,374401626,1751618475186,1,0.014,0.01387622,35.02,BTC-25JUL25-115000-C,108878.48,buy,2.0,2.0,,,,,,,1751618475.186
3251,374401624,1751618475186,0,0.014,0.01387622,35.02,BTC-25JUL25-115000-C,108878.48,buy,3.5,3.5,,,,,,,1751618475.186
3255,374404100,1751620867919,2,0.0135,0.01392487,34.19,BTC-25JUL25-115000-C,108960.92,sell,0.1,0.1,,,,,,,1751620867.919
3256,374404690,1751621736256,0,0.014,0.01391188,34.64,BTC-25JUL25-115000-C,109018.24,buy,0.1,0.1,,,,,,,1751621736.256
3257,374407206,1751624036093,2,0.0135,0.01366179,33.97,BTC-25JUL25-115000-C,109041.0,sell,0.4,0.4,,,,,,,1751624036.093
3258,374408244,1751625515225,3,0.0135,0.01360012,33.95,BTC-25JUL25-115000-C,109039.89,buy,0.1,0.1,,,,,,,1751625515.225
3260,374411640,1751630633608,3,0.0135,0.01317629,34.13,BTC-25JUL25-115000-C,109007.48,buy,0.6,0.6,,,,,,,1751630633.608
3259,374411639,1751630633608,3,0.0135,0.01317629,34.13,BTC-25JUL25-115000-C,109007.48,buy,2.0,2.0,,,,,,,1751630633.608
3261,374411955,1751631133674,3,0.0135,0.01299546,34.35,BTC-25JUL25-115000-C,108941.37,buy,0.7,0.7,,,,,,,1751631133.674
3262,374412474,1751631633682,2,0.013,0.01277129,33.98,BTC-25JUL25-115000-C,108858.13,buy,2.7,2.7,,,,,,,1751631633.682
3263,374412712,1751632133655,0,0.0135,0.01294504,34.53,BTC-25JUL25-115000-C,108874.8,buy,2.6,2.6,,,,,,,1751632133.655
3264,374413027,1751632633775,1,0.0135,0.01295355,34.6,BTC-25JUL25-115000-C,108854.22,buy,2.5,2.5,,,,,,,1751632633.775
3265,374413347,1751633133866,2,0.013,0.01273393,34.24,BTC-25JUL25-115000-C,108788.96,buy,1.2,1.2,,,,,,,1751633133.866
3266,374413348,1751633133866,3,0.013,0.01273393,34.24,BTC-25JUL25-115000-C,108788.96,buy,0.1,0.1,,,,,,,1751633133.866
3268,374413766,1751633633963,3,0.013,0.01251217,34.46,BTC-25JUL25-115000-C,108705.88,buy,1.2,1.2,,,,,,,1751633633.963
3267,374413765,1751633633963,3,0.013,0.01251217,34.46,BTC-25JUL25-115000-C,108705.88,buy,1.0,1.0,,,,,,,1751633633.963
3269,374414064,1751634134061,3,0.013,0.01264923,34.19,BTC-25JUL25-115000-C,108787.59,buy,2.3,2.3,,,,,,,1751634134.061
3270,374414926,1751634634167,3,0.013,0.01252444,34.36,BTC-25JUL25-115000-C,108739.45,buy,2.6,2.6,,,,,,,1751634634.167
3271,374415354,1751635134166,3,0.013,0.01243846,34.52,BTC-25JUL25-115000-C,108690.39,buy,2.3,2.3,,,,,,,1751635134.166
3272,374416288,1751635634255,2,0.0125,0.01243328,33.9,BTC-25JUL25-115000-C,108666.93,buy,0.7,0.7,,,,,,,1751635634.255
3275,374418409,1751636134262,3,0.0125,0.01198985,34.32,BTC-25JUL25-115000-C,108495.65,buy,1.1,1.1,,,,,,,1751636134.262
3273,374418407,1751636134262,3,0.0125,0.01198985,34.32,BTC-25JUL25-115000-C,108495.65,buy,1.0,1.0,,,,,,,1751636134.262
3274,374418408,1751636134262,3,0.0125,0.01198985,34.32,BTC-25JUL25-115000-C,108495.65,buy,0.7,0.7,,,,,,,1751636134.262
3276,374419356,1751636634348,3,0.0125,0.01201652,34.37,BTC-25JUL25-115000-C,108473.16,buy,2.0,2.0,,,,,,,1751636634.348
3277,374419357,1751636634348,3,0.0125,0.01201652,34.37,BTC-25JUL25-115000-C,108473.16,buy,0.9,0.9,,,,,,,1751636634.348
3278,374421469,1751637134358,2,0.012,0.01147286,34.58,BTC-25JUL25-115000-C,108169.26,buy,1.0,1.0,,,,,,,1751637134.358
3279,374421470,1751637134358,0,0.0125,0.01147286,35.23,BTC-25JUL25-115000-C,108169.26,buy,0.4,0.4,,,,,,,1751637134.358
3280,374421845,1751637339707,2,0.0115,0.01174302,33.8,BTC-25JUL25-115000-C,108213.59,sell,0.1,0.1,,,,,,,1751637339.707
3281,374422651,1751637536416,0,0.012,0.01167518,35.02,BTC-25JUL25-115000-C,108041.04,buy,5.0,5.0,,,,,,,1751637536.416
3282,374423095,1751637634455,1,0.012,0.01157298,35.13,BTC-25JUL25-115000-C,107997.96,buy,0.2,0.2,,,,,,,1751637634.455
3284,374423097,1751637634455,1,0.012,0.01157298,35.13,BTC-25JUL25-115000-C,107997.96,buy,0.3,0.3,,,,,,,1751637634.455
3283,374423096,1751637634455,1,0.012,0.01157298,35.13,BTC-25JUL25-115000-C,107997.96,buy,0.7,0.7,,,,,,,1751637634.455
3285,374426220,1751638134475,1,0.012,0.01128119,35.53,BTC-25JUL25-115000-C,107868.2,buy,3.0,3.0,,,,,,,1751638134.475
3286,374427691,1751638319567,2,0.0113,0.01124065,34.82,BTC-25JUL25-115000-C,107797.91,buy,1.0,1.0,,,,BTC-STRG-25JUL25-104000_115000,374427689,,1751638319.567
3287,374429534,1751638634575,0,0.012,0.0115066,35.79,BTC-25JUL25-115000-C,107794.57,buy,0.6,0.6,,,,,,,1751638634.575
3288,374431161,1751638852949,1,0.012,0.0112269,36.27,BTC-25JUL25-115000-C,107621.72,buy,0.1,0.1,,,,,,,1751638852.949
3289,374433033,1751639134673,0,0.013,0.01231943,36.69,BTC-25JUL25-115000-C,107970.19,buy,1.9,1.9,,,,,,,1751639134.673
3290,374434000,1751639383216,1,0.013,0.01272938,36.38,BTC-25JUL25-115000-C,108093.26,buy,0.6,0.6,,,,,,,1751639383.216
3291,374434887,1751639634762,1,0.013,0.01246511,36.91,BTC-25JUL25-115000-C,107923.26,buy,0.3,0.3,,,,,,,1751639634.762
3292,374434888,1751639634762,1,0.013,0.01246511,36.91,BTC-25JUL25-115000-C,107923.26,buy,0.2,0.2,,,,,,,1751639634.762
3294,374436213,1751640134858,0,0.0135,0.01284606,37.17,BTC-25JUL25-115000-C,108030.32,buy,0.7,0.7,,,,,,,1751640134.858
3295,374436214,1751640134858,1,0.0135,0.01284606,37.17,BTC-25JUL25-115000-C,108030.32,buy,0.1,0.1,,,,,,,1751640134.858
3293,374436212,1751640134858,1,0.013,0.01284606,36.53,BTC-25JUL25-115000-C,108030.32,buy,0.3,0.3,,,,,,,1751640134.858
3297,374437212,1751640634964,3,0.013,0.01249618,37.0,BTC-25JUL25-115000-C,107894.06,buy,2.5,2.5,,,,,,,1751640634.964
3296,374437211,1751640634964,2,0.013,0.01249618,37.0,BTC-25JUL25-115000-C,107894.06,buy,0.3,0.3,,,,,,,1751640634.964
3298,374438054,1751641134973,3,0.013,0.01242554,37.18,BTC-25JUL25-115000-C,107844.12,buy,0.7,0.7,,,,,,,1751641134.973
3299,374438634,1751641565077,2,0.0123,0.01235569,36.49,BTC-25JUL25-115000-C,107772.25,buy,0.5,0.5,,,,BTC-CDIAG-25JUL25_18JUL25-115000_108000,374438633,,1751641565.077
3300,374438638,1751641567634,3,0.0123,0.01234542,36.49,BTC-25JUL25-115000-C,107772.47,buy,0.3,0.3,,,,BTC-CDIAG-25JUL25_18JUL25-115000_108000,374438636,,1751641567.634
3301,374438876,1751641635054,0,0.013,0.01228836,37.54,BTC-25JUL25-115000-C,107725.13,buy,2.9,2.9,,,,,,,1751641635.054
3302,374439629,1751642135076,1,0.013,0.01253547,37.27,BTC-25JUL25-115000-C,107805.94,buy,1.3,1.3,,,,,,,1751642135.076
3304,374440893,1751642635155,1,0.013,0.01292916,36.78,BTC-25JUL25-115000-C,107925.34,buy,1.4,1.4,,,,,,,1751642635.155
3303,374440892,1751642635155,1,0.013,0.01292916,36.78,BTC-25JUL25-115000-C,107925.34,buy,0.3,0.3,,,,,,,1751642635.155
3305,374440894,1751642635155,0,0.0135,0.01292916,37.42,BTC-25JUL25-115000-C,107925.34,buy,0.5,0.5,,,,,,,1751642635.155
3306,374441851,1751643135157,2,0.013,0.01266379,37.04,BTC-25JUL25-115000-C,107846.83,buy,1.9,1.9,,,,,,,1751643135.157
3307,374442545,1751643635936,3,0.013,0.0126061,37.1,BTC-25JUL25-115000-C,107832.52,buy,0.3,0.3,,,,,,,1751643635.936
3308,374449058,1751646353468,2,0.0115,0.01172506,35.93,BTC-25JUL25-115000-C,107568.81,sell,0.1,0.1,,,,,,,1751646353.468
3309,374454501,1751652378814,0,0.0125,0.01217748,36.4,BTC-25JUL25-115000-C,107886.85,buy,0.1,0.1,,,,,,,1751652378.814
3310,374454503,1751652379945,1,0.0125,0.01217301,36.41,BTC-25JUL25-115000-C,107883.73,buy,0.1,0.1,,,,,,,1751652379.945
3311,374454506,1751652383308,1,0.0125,0.01216922,36.41,BTC-25JUL25-115000-C,107880.6,buy,0.1,0.1,,,,,,,1751652383.308
3312,374456113,1751655141091,2,0.012,0.0121158,36.23,BTC-25JUL25-115000-C,107688.3,sell,11.7,11.7,,,,,,,1751655141.091
3313,374456127,1751655141141,3,0.012,0.0121158,36.23,BTC-25JUL25-115000-C,107688.3,sell,11.7,11.7,,,,,,,1751655141.141
3314,374456131,1751655141194,3,0.012,0.0121158,36.23,BTC-25JUL25-115000-C,107688.3,sell,3.9,3.9,,,,,,,1751655141.194
3315,374456548,1751655517926,3,0.012,0.01196604,36.63,BTC-25JUL25-115000-C,107558.56,sell,11.7,11.7,,,,,,,1751655517.926
3316,374456549,1751655517931,3,0.012,0.01196604,36.63,BTC-25JUL25-115000-C,107558.56,sell,15.6,15.6,,,,,,,1751655517.931
3317,374456594,1751655556053,3,0.012,0.01194277,36.7,BTC-25JUL25-115000-C,107534.73,sell,10.0,10.0,,,,,,,1751655556.053
3318,374456823,1751655677175,3,0.012,0.01196315,36.78,BTC-25JUL25-115000-C,107490.56,sell,0.9,0.9,,,,,,,1751655677.175
3319,374456824,1751655677178,3,0.012,0.01196315,36.78,BTC-25JUL25-115000-C,107490.56,sell,0.1,0.1,,,,,,,1751655677.178
3320,374456825,1751655677180,3,0.012,0.01196315,36.78,BTC-25JUL25-115000-C,107490.56,sell,2.9,2.9,,,,,,,1751655677.18
3321,374456826,1751655677184,3,0.012,0.01196315,36.78,BTC-25JUL25-115000-C,107490.56,sell,2.9,2.9,,,,,,,1751655677.184
3322,374456973,1751655701304,3,0.012,0.01196354,36.78,BTC-25JUL25-115000-C,107488.97,sell,10.5,10.5,,,,,,,1751655701.304
3323,374457039,1751655704784,3,0.012,0.0119001,36.94,BTC-25JUL25-115000-C,107438.01,sell,8.1,8.1,,,,,,,1751655704.784
3324,374460515,1751658679061,2,0.0115,0.01201061,36.13,BTC-25JUL25-115000-C,107505.97,sell,0.4,0.4,,,,,,,1751658679.061
3325,374461023,1751659904577,3,0.0115,0.01202939,36.04,BTC-25JUL25-115000-C,107550.39,sell,0.3,0.3,,,,,,,1751659904.577
3327,374465768,1751667452461,1,0.0125,0.01269864,36.02,BTC-25JUL25-115000-C,108080.94,sell,0.1,0.1,,,,,,,1751667452.461
3326,374465767,1751667452461,0,0.0125,0.01269864,36.02,BTC-25JUL25-115000-C,108080.94,sell,0.3,0.3,,,,,,,1751667452.461
3328,374468173,1751670338115,1,0.0125,0.01272252,35.85,BTC-25JUL25-115000-C,108152.47,sell,0.4,0.4,,,,,,,1751670338.115
3329,374468214,1751670353339,1,0.0125,0.01267205,35.9,BTC-25JUL25-115000-C,108137.17,sell,0.4,0.4,,,,,,,1751670353.339
3330,374468921,1751672670071,1,0.0125,0.0124901,36.29,BTC-25JUL25-115000-C,108019.75,buy,0.4,0.4,,,,,,,1751672670.071
3331,374469049,1751672909409,1,0.0125,0.01272653,36.05,BTC-25JUL25-115000-C,108073.87,sell,0.4,0.4,,,,,,,1751672909.409
3332,374469117,1751673104499,1,0.0125,0.01262223,36.2,BTC-25JUL25-115000-C,108045.25,sell,0.4,0.4,,,,,,,1751673104.499
3333,374469578,1751674525137,1,0.0125,0.01270502,36.11,BTC-25JUL25-115000-C,108066.88,sell,0.4,0.4,,,,,,,1751674525.137
3334,374469938,1751675436395,1,0.0125,0.0126049,36.02,BTC-25JUL25-115000-C,108122.64,sell,0.4,0.4,,,,,,,1751675436.395
3335,374471494,1751678276038,2,0.012,0.01223992,35.62,BTC-25JUL25-115000-C,108034.19,sell,0.4,0.4,,,,,,,1751678276.038
3336,374472201,1751679200629,3,0.012,0.01206907,35.63,BTC-25JUL25-115000-C,108011.45,buy,0.4,0.4,,,,,,,1751679200.629
3337,374475259,1751685530820,0,0.0127,0.01255855,36.09,BTC-25JUL25-115000-C,108196.76,buy,0.6,0.6,,,,BTC-CBUT-25JUL25-115000_120000_125000,374475256,,1751685530.82
3338,374477332,1751689630143,2,0.012,0.01227803,35.35,BTC-25JUL25-115000-C,108145.72,sell,10.0,10.0,,,,BTC-CCAL-29AUG25_25JUL25-115000,374477331,,1751689630.143
3339,374480363,1751696613397,0,0.0125,0.01216147,35.88,BTC-25JUL25-115000-C,108244.89,buy,0.2,0.2,,,,,,,1751696613.397
3340,374480364,1751696620283,1,0.0125,0.01216119,35.88,BTC-25JUL25-115000-C,108244.34,buy,0.2,0.2,,,,,,,1751696620.283
3341,374480365,1751696628095,1,0.0125,0.01215784,35.88,BTC-25JUL25-115000-C,108244.53,buy,0.2,0.2,,,,,,,1751696628.095
3342,374481876,1751699831416,2,0.012,0.01197943,35.51,BTC-25JUL25-115000-C,108169.55,sell,0.1,0.1,,,,,,,1751699831.416
3343,374481894,1751699902427,3,0.012,0.0119453,35.55,BTC-25JUL25-115000-C,108159.0,sell,0.1,0.1,,,,,,,1751699902.427
3344,374494999,1751732873443,2,0.011,0.01102899,35.0,BTC-25JUL25-115000-C,108013.39,sell,0.3,0.3,,,,,,,1751732873.443
3345,374496252,1751735059986,3,0.011,0.01121541,34.78,BTC-25JUL25-115000-C,108093.37,sell,0.5,0.5,,,,,,,1751735059.986
3346,374498658,1751745377372,3,0.011,0.01125193,34.63,BTC-25JUL25-115000-C,108177.7,sell,0.5,0.5,,,,,,,1751745377.372
3347,374498659,1751745377374,3,0.011,0.01125193,34.63,BTC-25JUL25-115000-C,108177.7,buy,0.5,0.5,,,,,,,1751745377.374
3348,374498660,1751745377376,3,0.011,0.01125193,34.63,BTC-25JUL25-115000-C,108177.7,buy,0.3,0.3,,,,,,,1751745377.376
3349,374498664,1751745377378,3,0.011,0.01125193,34.63,BTC-25JUL25-115000-C,108177.7,buy,0.5,0.5,,,,,,,1751745377.378
3350,374498665,1751745377380,3,0.011,0.01125193,34.63,BTC-25JUL25-115000-C,108177.7,buy,0.3,0.3,,,,,,,1751745377.38
3351,374498666,1751745377383,3,0.011,0.01125193,34.63,BTC-25JUL25-115000-C,108177.7,buy,0.3,0.3,,,,,,,1751745377.383
3352,374498667,1751745377385,3,0.011,0.01125193,34.63,BTC-25JUL25-115000-C,108177.7,buy,0.3,0.3,,,,,,,1751745377.385
3353,374501391,1751755402230,0,0.0113,0.01116367,35.03,BTC-25JUL25-115000-C,108204.33,sell,5.0,5.0,,,,BTC-CS-25JUL25-110000_115000,374501389,,1751755402.23
3354,374501970,1751758774844,2,0.0105,0.01102837,33.94,BTC-25JUL25-115000-C,108225.53,sell,0.1,0.1,,,,,,,1751758774.844
3355,374501994,1751759015948,0,0.011,0.01108588,34.58,BTC-25JUL25-115000-C,108245.81,buy,16.0,16.0,,,,,,,1751759015.948
3356,374502004,1751759039871,1,0.011,0.01109325,34.56,BTC-25JUL25-115000-C,108249.19,buy,11.3,11.3,,,,,,,1751759039.871
3358,374502540,1751760513661,3,0.0105,0.01100793,34.09,BTC-25JUL25-115000-C,108189.71,sell,0.4,0.4,,,,,,,1751760513.661
3357,374502539,1751760513661,2,0.0105,0.01100793,34.09,BTC-25JUL25-115000-C,108189.71,sell,9.6,9.6,,,,,,,1751760513.661
3359,374504177,1751767735870,0,0.011,0.01103575,34.63,BTC-25JUL25-115000-C,108263.94,buy,0.1,0.1,,,,,,,1751767735.87
3360,374504616,1751769200186,0,0.0111,0.01088709,35.03,BTC-25JUL25-115000-C,108178.8,sell,0.3,0.3,,,,BTC-CBUT-25JUL25-115000_120000_125000,374504615,,1751769200.186
3361,374506583,1751775969838,2,0.0105,0.01053037,34.7,BTC-25JUL25-115000-C,108050.48,sell,0.1,0.1,,,,,,,1751775969.838
3362,374511754,1751790081907,3,0.0105,0.01048128,34.91,BTC-25JUL25-115000-C,108021.52,sell,0.1,0.1,,,,,,,1751790081.907
3363,374511759,1751790089528,3,0.0105,0.01046329,34.94,BTC-25JUL25-115000-C,108012.18,sell,0.4,0.4,,,,,,,1751790089.528
3364,374511760,1751790089534,3,0.0105,0.01046329,34.94,BTC-25JUL25-115000-C,108012.18,buy,0.1,0.1,,,,,,,1751790089.534
3365,374513806,1751796114649,2,0.01,0.01034316,34.69,BTC-25JUL25-115000-C,107853.48,sell,0.1,0.1,,,,,,,1751796114.649
3366,374514587,1751797852865,0,0.0105,0.01085094,34.58,BTC-25JUL25-115000-C,108136.47,buy,0.1,0.1,,,,,,,1751797852.865
3367,374515612,1751801509603,1,0.0105,0.01059825,34.98,BTC-25JUL25-115000-C,108021.56,sell,0.3,0.3,,,,,,,1751801509.603
3368,374515613,1751801509610,1,0.0105,0.01059825,34.98,BTC-25JUL25-115000-C,108021.56,buy,1.7,1.7,,,,,,,1751801509.61
3369,374516152,1751804892055,1,0.0105,0.01057066,34.72,BTC-25JUL25-115000-C,108121.75,buy,2.0,2.0,,,,,,,1751804892.055
3370,374518686,1751808627172,0,0.0115,0.01155975,34.9,BTC-25JUL25-115000-C,108532.16,buy,0.2,0.2,,,,,,,1751808627.172
3371,374518689,1751808627179,1,0.0115,0.01155975,34.9,BTC-25JUL25-115000-C,108532.16,buy,0.1,0.1,,,,,,,1751808627.179
3372,374518695,1751808627188,1,0.0115,0.01155975,34.9,BTC-25JUL25-115000-C,108532.16,buy,0.1,0.1,,,,,,,1751808627.188
3373,374520233,1751808977613,0,0.012,0.01196222,35.0,BTC-25JUL25-115000-C,108724.91,buy,0.5,0.5,,,,BTC-CBUT-25JUL25-115000_120000_125000,374520232,,1751808977.613
3374,374525413,1751810299056,0,0.0125,0.01253351,35.12,BTC-25JUL25-115000-C,108894.07,buy,0.2,0.2,,,,,,,1751810299.056
3375,374526009,1751810535698,1,0.0125,0.01243008,35.3,BTC-25JUL25-115000-C,108825.72,buy,0.3,0.3,,,,,,,1751810535.698
3376,374526033,1751810584850,1,0.0125,0.01248373,35.23,BTC-25JUL25-115000-C,108842.01,sell,0.2,0.2,,,,,,,1751810584.85
3377,374528112,1751812822161,1,0.0125,0.01248951,35.26,BTC-25JUL25-115000-C,108860.51,buy,0.1,0.1,,,,,,,1751812822.161
3378,374528113,1751812822167,1,0.0125,0.01248951,35.26,BTC-25JUL25-115000-C,108860.51,buy,0.1,0.1,,,,,,,1751812822.167
3379,374528119,1751812827116,1,0.0125,0.01251058,35.23,BTC-25JUL25-115000-C,108868.44,buy,0.2,0.2,,,,,,,1751812827.116
3380,374528120,1751812827561,1,0.0125,0.01251058,35.23,BTC-25JUL25-115000-C,108868.44,buy,0.1,0.1,,,,,,,1751812827.561
3381,374529100,1751813703610,1,0.0125,0.01250491,35.34,BTC-25JUL25-115000-C,108821.49,sell,0.5,0.5,,,,,,,1751813703.61
3382,374530201,1751815330585,1,0.0125,0.01249784,35.5,BTC-25JUL25-115000-C,108775.35,sell,0.5,0.5,,,,,,,1751815330.585
3383,374532765,1751818149083,1,0.0125,0.01263496,35.28,BTC-25JUL25-115000-C,108848.67,sell,1.0,1.0,,,,,,,1751818149.083
3384,374532766,1751818149086,1,0.0125,0.01263496,35.28,BTC-25JUL25-115000-C,108848.67,buy,9.0,9.0,,,,,,,1751818149.086
3385,374536715,1751826416729,2,0.0122,0.01211926,35.39,BTC-25JUL25-115000-C,108711.73,sell,0.5,0.5,,,,BTC-CBUT-25JUL25-115000_120000_125000,374536714,,1751826416.729
3386,374536792,1751826445648,2,0.012,0.01200567,35.31,BTC-25JUL25-115000-C,108651.67,sell,0.3,0.3,,,,,,,1751826445.648
3387,374537646,1751826892870,3,0.012,0.01179454,35.59,BTC-25JUL25-115000-C,108536.81,sell,0.5,0.5,,,,BTC-CBUT-25JUL25-115000_120000_125000,374537643,,1751826892.87
3388,374538270,1751827506056,2,0.0115,0.01148003,35.3,BTC-25JUL25-115000-C,108410.85,sell,0.1,0.1,,,,,,,1751827506.056
3389,374545858,1751830492695,3,0.0115,0.01156983,35.2,BTC-25JUL25-115000-C,108441.97,sell,1.5,1.5,,,,,,,1751830492.695
3390,374545859,1751830494803,3,0.0115,0.01157074,35.2,BTC-25JUL25-115000-C,108441.48,sell,1.5,1.5,,,,,,,1751830494.803
3391,374545860,1751830496271,3,0.0115,0.01157068,35.21,BTC-25JUL25-115000-C,108437.62,sell,1.0,1.0,,,,,,,1751830496.271
3392,374547710,1751833388991,0,0.012,0.01196097,34.91,BTC-25JUL25-115000-C,108773.91,buy,0.1,0.1,,,,,,,1751833388.991
3393,374547713,1751833394270,1,0.012,0.01192242,34.95,BTC-25JUL25-115000-C,108762.66,sell,0.5,0.5,,,,,,,1751833394.27
3394,374550533,1751837202465,0,0.013,0.01280231,35.14,BTC-25JUL25-115000-C,109124.02,buy,1.0,1.0,,,,,,,1751837202.465
3395,374551559,1751837431030,0,0.0135,0.01327102,35.09,BTC-25JUL25-115000-C,109340.64,buy,0.7,0.7,,,,,,,1751837431.03
3396,374551560,1751837431030,1,0.0135,0.01327102,35.09,BTC-25JUL25-115000-C,109340.64,buy,0.7,0.7,,,,,,,1751837431.03
3397,374553401,1751837681495,1,0.0135,0.01353047,34.71,BTC-25JUL25-115000-C,109479.59,buy,0.5,0.5,,,,,,,1751837681.495
3398,374556160,1751838574277,2,0.013,0.01287614,34.94,BTC-25JUL25-115000-C,109193.77,buy,0.5,0.5,,,,,,,1751838574.277
3399,374557433,1751839283639,0,0.0135,0.01331949,35.13,BTC-25JUL25-115000-C,109348.29,buy,0.5,0.5,,,,,,,1751839283.639
3400,374558537,1751839591017,1,0.0135,0.01345104,34.94,BTC-25JUL25-115000-C,109406.53,buy,0.5,0.5,,,,,,,1751839591.017
3401,374558980,1751840100994,1,0.0135,0.01348329,34.9,BTC-25JUL25-115000-C,109403.81,buy,0.3,0.3,,,,,,,1751840100.994
3402,374559216,1751840396121,0,0.014,0.01386511,35.19,BTC-25JUL25-115000-C,109518.47,buy,0.2,0.2,,,,,,,1751840396.121
3403,374559220,1751840408485,1,0.014,0.01386702,35.19,BTC-25JUL25-115000-C,109515.67,buy,0.5,0.5,,,,,,,1751840408.485
3404,374566885,1751849022633,2,0.0125,0.01251477,35.34,BTC-25JUL25-115000-C,108898.03,buy,0.4,0.4,,,,,,,1751849022.633
3405,374566949,1751849133414,3,0.0125,0.01252014,35.31,BTC-25JUL25-115000-C,108905.76,buy,0.1,0.1,,,,,,,1751849133.414
3406,374567936,1751850760792,3,0.0125,0.01218302,35.76,BTC-25JUL25-115000-C,108764.16,buy,0.5,0.5,,,,,,,1751850760.792
3407,374568759,1751851436126,3,0.0125,0.01256655,35.38,BTC-25JUL25-115000-C,108904.74,sell,2.0,2.0,,,,,,,1751851436.126
3408,374570247,1751852735092,0,0.013,0.01295534,35.3,BTC-25JUL25-115000-C,109112.27,buy,0.5,0.5,,,,,,,1751852735.092
3409,374575709,1751857207599,0,0.014,0.01395361,35.66,BTC-25JUL25-115000-C,109413.84,buy,0.5,0.5,,,,,,,1751857207.599
3410,374577354,1751858905788,0,0.0145,0.01443812,35.56,BTC-25JUL25-115000-C,109654.52,buy,0.5,0.5,,,,,,,1751858905.788
3411,374579424,1751861911153,2,0.014,0.01401532,36.11,BTC-25JUL25-115000-C,109311.29,sell,0.3,0.3,,,,,,,1751861911.153
3412,374579804,1751862625029,2,0.0135,0.01393129,35.61,BTC-25JUL25-115000-C,109246.22,sell,8.0,8.0,,,,,,,1751862625.029
3414,374579806,1751862625029,3,0.0135,0.01393129,35.61,BTC-25JUL25-115000-C,109246.22,sell,1.0,1.0,,,,,,,1751862625.029
3413,374579805,1751862625029,3,0.0135,0.01393129,35.61,BTC-25JUL25-115000-C,109246.22,sell,1.0,1.0,,,,,,,1751862625.029
3415,374581263,1751866350670,3,0.0135,0.01340873,36.29,BTC-25JUL25-115000-C,109080.83,buy,0.2,0.2,,,,,,,1751866350.67
3417,374584464,1751872136063,3,0.012,0.01258019,35.4,BTC-25JUL25-115000-C,108730.62,sell,1.0,1.0,,,,,,,1751872136.063
3418,374584465,1751872136063,3,0.012,0.01258019,35.4,BTC-25JUL25-115000-C,108730.62,sell,8.0,8.0,,,,,,,1751872136.063
3416,374584463,1751872136063,2,0.012,0.01258019,35.4,BTC-25JUL25-115000-C,108730.62,sell,1.0,1.0,,,,,,,1751872136.063
3419,374586282,1751874459270,0,0.013,0.01296479,36.0,BTC-25JUL25-115000-C,108972.77,buy,0.5,0.5,,,,,,,1751874459.27
3420,374587378,1751875394649,1,0.013,0.01315768,35.7,BTC-25JUL25-115000-C,109071.91,sell,0.2,0.2,,,,,,,1751875394.649
3421,374587726,1751875914651,1,0.013,0.01298437,35.9,BTC-25JUL25-115000-C,108967.01,buy,0.5,0.5,,,,,,,1751875914.651
3422,374591484,1751881435920,1,0.013,0.0131177,36.12,BTC-25JUL25-115000-C,108933.14,sell,0.2,0.2,,,,,,,1751881435.92
3423,374591823,1751882136951,2,0.0125,0.01295893,35.75,BTC-25JUL25-115000-C,108833.13,sell,8.0,8.0,,,,,,,1751882136.951
3425,374592251,1751883038669,3,0.0125,0.01292562,35.91,BTC-25JUL25-115000-C,108789.17,sell,6.8,6.8,,,,,,,1751883038.669
3424,374592250,1751883038669,3,0.0125,0.01292562,35.91,BTC-25JUL25-115000-C,108789.17,sell,3.2,3.2,,,,,,,1751883038.669
3426,374592313,1751883183787,3,0.0125,0.01280843,36.03,BTC-25JUL25-115000-C,108755.49,sell,1.7,1.7,,,,,,,1751883183.787
3427,374592314,1751883183789,3,0.0125,0.01280843,36.03,BTC-25JUL25-115000-C,108755.49,buy,6.3,6.3,,,,,,,1751883183.789
3428,374597223,1751890928573,2,0.0115,0.01184439,35.74,BTC-25JUL25-115000-C,108443.22,sell,10.0,10.0,,,,,,,1751890928.573
3429,374599029,1751893142856,3,0.0115,0.01165711,36.05,BTC-25JUL25-115000-C,108337.05,sell,0.8,0.8,,,,,,,1751893142.856
3430,374599030,1751893142856,3,0.0115,0.01165711,36.05,BTC-25JUL25-115000-C,108337.05,sell,1.5,1.5,,,,,,,1751893142.856
3431,374599031,1751893142858,3,0.0115,0.01165711,36.05,BTC-25JUL25-115000-C,108337.05,buy,7.7,7.7,,,,,,,1751893142.858
3432,374599432,1751893741273,2,0.0111,0.01152155,35.55,BTC-25JUL25-115000-C,108333.4,sell,25.0,25.0,1.0,BLOCK-208952,,,,,1751893741.273
3433,374599433,1751893741338,3,0.0111,0.01152155,35.55,BTC-25JUL25-115000-C,108333.4,sell,25.0,25.0,1.0,BLOCK-208953,,,,,1751893741.338
3434,374600786,1751894396641,2,0.011,0.01085013,36.34,BTC-25JUL25-115000-C,108056.1,sell,0.1,0.1,,,,,,,1751894396.641
3435,374607504,1751897383014,0,0.012,0.01200471,36.37,BTC-25JUL25-115000-C,108493.28,buy,0.1,0.1,,,,,,,1751897383.014
3436,374610889,1751899539387,2,0.0115,0.01140265,36.43,BTC-25JUL25-115000-C,108251.77,buy,0.1,0.1,,,,,,,1751899539.387
3437,374611208,1751899834063,3,0.0115,0.01147965,36.5,BTC-25JUL25-115000-C,108235.55,sell,1.9,1.9,,,,,,,1751899834.063
3438,374613749,1751901857403,3,0.0115,0.01146894,36.01,BTC-25JUL25-115000-C,108425.2,buy,0.1,0.1,,,,,,,1751901857.403
3439,374617741,1751905293724,2,0.0105,0.01045528,35.95,BTC-25JUL25-115000-C,108018.88,sell,0.1,0.1,,,,,,,1751905293.724
3440,374623100,1751908041734,3,0.0105,0.01016379,36.24,BTC-25JUL25-115000-C,107911.4,buy,1.0,1.0,,,,,,,1751908041.734
3441,374633144,1751913802479,2,0.01,0.00971845,35.93,BTC-25JUL25-115000-C,107800.3,buy,10.0,10.0,,,,,,,1751913802.479
3442,374635304,1751915665102,0,0.0105,0.01053745,35.57,BTC-25JUL25-115000-C,108177.73,buy,1.0,1.0,,,,,,,1751915665.102
3443,374640570,1751923144488,2,0.01,0.00996048,35.6,BTC-25JUL25-115000-C,107968.69,buy,0.1,0.1,,,,,,,1751923144.488
3444,374640800,1751923323817,3,0.01,0.00979476,36.01,BTC-25JUL25-115000-C,107846.72,sell,3.4,3.4,,,,,,,1751923323.817
3445,374641102,1751923527544,3,0.01,0.00990544,36.08,BTC-25JUL25-115000-C,107831.96,sell,12.0,12.0,,,,,,,1751923527.544
3446,374641201,1751923606211,3,0.01,0.00992796,36.09,BTC-25JUL25-115000-C,107829.28,sell,12.0,12.0,,,,,,,1751923606.211
3448,374642864,1751924670138,1,0.0105,0.01035835,36.08,BTC-25JUL25-115000-C,108075.48,buy,11.8,11.8,,,,,,,1751924670.138
3452,374642868,1751924670138,1,0.0105,0.01035835,36.08,BTC-25JUL25-115000-C,108075.48,buy,0.1,0.1,,,,,,,1751924670.138
3451,374642867,1751924670138,1,0.0105,0.01035835,36.08,BTC-25JUL25-115000-C,108075.48,buy,10.0,10.0,,,,,,,1751924670.138
3450,374642866,1751924670138,1,0.0105,0.01035835,36.08,BTC-25JUL25-115000-C,108075.48,buy,1.0,1.0,,,,,,,1751924670.138
3447,374642863,1751924670138,0,0.0105,0.01035835,36.08,BTC-25JUL25-115000-C,108075.48,buy,9.7,9.7,,,,,,,1751924670.138
3455,374642871,1751924670138,1,0.0105,0.01035835,36.08,BTC-25JUL25-115000-C,108075.48,buy,2.2,2.2,,,,,,,1751924670.138
3449,374642865,1751924670138,1,0.0105,0.01035835,36.08,BTC-25JUL25-115000-C,108075.48,buy,1.5,1.5,,,,,,,1751924670.138
3454,374642870,1751924670138,1,0.0105,0.01035835,36.08,BTC-25JUL25-115000-C,108075.48,buy,5.0,5.0,,,,,,,1751924670.138
3453,374642869,1751924670138,1,0.0105,0.01035835,36.08,BTC-25JUL25-115000-C,108075.48,buy,1.2,1.2,,,,,,,1751924670.138
3458,374642876,1751924670237,1,0.0105,0.01035835,36.08,BTC-25JUL25-115000-C,108075.48,buy,1.0,1.0,,,,,,,1751924670.237
3457,374642875,1751924670237,1,0.0105,0.01035835,36.08,BTC-25JUL25-115000-C,108075.48,buy,0.9,0.9,,,,,,,1751924670.237
3456,374642874,1751924670237,1,0.0105,0.01035835,36.08,BTC-25JUL25-115000-C,108075.48,buy,2.2,2.2,,,,,,,1751924670.237
3459,374642877,1751924670303,1,0.0105,0.01035835,36.08,BTC-25JUL25-115000-C,108075.48,buy,1.0,1.0,,,,,,,1751924670.303
3460,374642879,1751924671247,1,0.0105,0.01035844,36.08,BTC-25JUL25-115000-C,108075.48,buy,0.1,0.1,,,,,,,1751924671.247
3461,374650277,1751934370426,1,0.0105,0.01052761,35.6,BTC-25JUL25-115000-C,108263.02,buy,0.1,0.1,,,,,,,1751934370.426
3462,374651968,1751935436882,0,0.011,0.0109934,35.58,BTC-25JUL25-115000-C,108504.84,buy,0.5,0.5,,,,,,,1751935436.882
3463,374653945,1751937495376,2,0.0105,0.01033224,36.11,BTC-25JUL25-115000-C,108111.14,buy,1.3,1.3,,,,,,,1751937495.376
3464,374653946,1751937495387,3,0.0105,0.01033224,36.11,BTC-25JUL25-115000-C,108111.14,buy,1.3,1.3,,,,,,,1751937495.387
3465,374654188,1751937810343,3,0.0105,0.01033892,36.24,BTC-25JUL25-115000-C,108071.61,buy,1.0,1.0,,,,,,,1751937810.343
3466,374654559,1751938250349,3,0.0105,0.01051819,36.28,BTC-25JUL25-115000-C,108043.27,sell,1.0,1.0,,,,,,,1751938250.349
3467,374654560,1751938250352,3,0.0105,0.01051819,36.28,BTC-25JUL25-115000-C,108043.27,buy,1.5,1.5,,,,,,,1751938250.352
3469,374654943,1751938659228,3,0.0105,0.01051898,36.39,BTC-25JUL25-115000-C,108017.99,buy,5.0,5.0,,,,,,,1751938659.228
3470,374654944,1751938659228,3,0.0105,0.01051898,36.39,BTC-25JUL25-115000-C,108017.99,buy,2.9,2.9,,,,,,,1751938659.228
3468,374654942,1751938659228,3,0.0105,0.01051898,36.39,BTC-25JUL25-115000-C,108017.99,buy,2.1,2.1,,,,,,,1751938659.228
3471,374659639,1751941498002,2,0.01,0.0103126,36.12,BTC-25JUL25-115000-C,107869.61,sell,0.2,0.2,,,,,,,1751941498.002
3472,374660515,1751942311822,3,0.01,0.0102369,36.18,BTC-25JUL25-115000-C,107851.22,sell,0.1,0.1,,,,,,,1751942311.822
3473,374660817,1751942953048,2,0.0095,0.00979002,36.11,BTC-25JUL25-115000-C,107639.48,sell,0.1,0.1,,,,,,,1751942953.048
3474,374661583,1751944910922,0,0.01,0.01002527,36.36,BTC-25JUL25-115000-C,107813.75,buy,0.2,0.2,,,,,,,1751944910.922
3475,374663163,1751948119005,1,0.01,0.00997482,36.35,BTC-25JUL25-115000-C,107832.93,buy,0.1,0.1,,,,,,,1751948119.005
3476,374663330,1751948344289,1,0.01,0.0098392,36.61,BTC-25JUL25-115000-C,107763.55,sell,0.1,0.1,,,,,,,1751948344.289
3477,374663331,1751948344292,1,0.01,0.0098392,36.61,BTC-25JUL25-115000-C,107763.55,sell,0.1,0.1,,,,,,,1751948344.292
3478,374663334,1751948357054,1,0.01,0.0098419,36.61,BTC-25JUL25-115000-C,107761.59,sell,0.3,0.3,,,,,,,1751948357.054
3479,374663698,1751949058782,1,0.01,0.0101958,36.08,BTC-25JUL25-115000-C,107926.34,buy,0.1,0.1,,,,,,,1751949058.782
3480,374664455,1751950732147,1,0.01,0.00990994,35.93,BTC-25JUL25-115000-C,108013.07,buy,0.5,0.5,,,,,,,1751950732.147
3481,374666052,1751953467094,1,0.01,0.01006962,35.58,BTC-25JUL25-115000-C,108116.8,buy,0.5,0.5,,,,,,,1751953467.094
3482,374674736,1751963542815,1,0.01,0.01011492,34.79,BTC-25JUL25-115000-C,108412.74,sell,0.2,0.2,,,,,,,1751963542.815
3483,374675041,1751963971561,1,0.01,0.00995589,35.13,BTC-25JUL25-115000-C,108303.25,sell,0.8,0.8,,,,,,,1751963971.561
3484,374676821,1751967891560,1,0.01,0.00986308,34.53,BTC-25JUL25-115000-C,108483.15,buy,11.8,11.8,,,,,,,1751967891.56
3485,374676822,1751967891569,1,0.01,0.00986308,34.53,BTC-25JUL25-115000-C,108483.15,buy,11.8,11.8,,,,,,,1751967891.569
3486,374676832,1751967916123,1,0.01,0.00986129,34.53,BTC-25JUL25-115000-C,108483.71,buy,4.3,4.3,,,,,,,1751967916.123
3487,374676834,1751967924719,1,0.01,0.0098551,34.53,BTC-25JUL25-115000-C,108484.2,buy,27.3,27.3,,,,,,,1751967924.719
3488,374677068,1751968645853,1,0.01,0.00977175,34.6,BTC-25JUL25-115000-C,108470.77,buy,0.2,0.2,,,,,,,1751968645.853
3489,374677269,1751969198181,2,0.0097,0.0097608,34.19,BTC-25JUL25-115000-C,108463.06,buy,280.0,280.0,3.0,BLOCK-209063,8032.0,,,,1751969198.181
3490,374677282,1751969226066,0,0.0099,0.00976901,34.48,BTC-25JUL25-115000-C,108462.96,buy,140.0,140.0,3.0,BLOCK-209064,8034.0,,,,1751969226.066
3491,374677289,1751969308720,2,0.0097,0.0097789,34.16,BTC-25JUL25-115000-C,108465.72,buy,112.0,112.0,3.0,BLOCK-209065,8035.0,,,,1751969308.72
3492,374677335,1751969414097,0,0.0099,0.00978693,34.44,BTC-25JUL25-115000-C,108474.39,buy,70.0,70.0,3.0,BLOCK-209066,8037.0,,,,1751969414.097
3493,374677984,1751969905463,0,0.01,0.01007255,34.04,BTC-25JUL25-115000-C,108648.19,buy,11.8,11.8,,,,,,,1751969905.463
3494,374677985,1751969905474,1,0.01,0.01007255,34.04,BTC-25JUL25-115000-C,108648.19,buy,11.8,11.8,,,,,,,1751969905.474
3495,374678722,1751970909765,1,0.01,0.01006801,33.98,BTC-25JUL25-115000-C,108663.76,buy,0.5,0.5,,,,,,,1751970909.765
3496,374678723,1751970909765,1,0.01,0.01006801,33.98,BTC-25JUL25-115000-C,108663.76,buy,0.5,0.5,,,,,,,1751970909.765
3497,374678775,1751970924102,1,0.01,0.01013498,33.86,BTC-25JUL25-115000-C,108700.44,buy,10.5,10.5,,,,,,,1751970924.102
3498,374679467,1751971246676,0,0.0105,0.01037801,34.19,BTC-25JUL25-115000-C,108837.49,buy,0.1,0.1,,,,,,,1751971246.676
3499,374679468,1751971246676,1,0.0105,0.01037801,34.19,BTC-25JUL25-115000-C,108837.49,buy,0.1,0.1,,,,,,,1751971246.676
3501,374680084,1751971968316,1,0.0105,0.01038547,34.21,BTC-25JUL25-115000-C,108838.99,buy,1.3,1.3,,,,,,,1751971968.316
3500,374680083,1751971968316,1,0.0105,0.01038547,34.21,BTC-25JUL25-115000-C,108838.99,buy,0.1,0.1,,,,,,,1751971968.316
3502,374680089,1751971983103,1,0.0105,0.0103759,34.23,BTC-25JUL25-115000-C,108834.37,sell,0.6,0.6,,,,,,,1751971983.103
3503,374691256,1751982313670,0,0.0115,0.01151975,34.69,BTC-25JUL25-115000-C,109100.57,buy,0.2,0.2,,,,,,,1751982313.67
3504,374692131,1751982490634,1,0.0115,0.01161388,34.58,BTC-25JUL25-115000-C,109157.49,buy,1.0,1.0,,,,,,,1751982490.634
3505,374692132,1751982491405,1,0.0115,0.01161388,34.58,BTC-25JUL25-115000-C,109157.49,sell,0.1,0.1,,,,,,,1751982491.405
3506,374695321,1751984294204,2,0.0105,0.01049624,35.14,BTC-25JUL25-115000-C,108555.7,sell,0.4,0.4,,,,,,,1751984294.204
3507,374695347,1751984295296,3,0.0105,0.01048066,35.16,BTC-25JUL25-115000-C,108548.58,sell,0.3,0.3,,,,,,,1751984295.296
3508,374695367,1751984295417,3,0.0105,0.0104607,35.18,BTC-25JUL25-115000-C,108542.21,sell,0.2,0.2,,,,,,,1751984295.417
3509,374695369,1751984295439,3,0.0105,0.0104607,35.18,BTC-25JUL25-115000-C,108542.21,sell,0.2,0.2,,,,,,,1751984295.439
3510,374695371,1751984295550,3,0.0105,0.0104607,35.18,BTC-25JUL25-115000-C,108542.21,sell,0.3,0.3,,,,,,,1751984295.55
3511,374695379,1751984297323,3,0.0105,0.01044732,35.27,BTC-25JUL25-115000-C,108516.16,sell,0.4,0.4,,,,,,,1751984297.323
3513,374695382,1751984297940,3,0.0105,0.01038968,35.29,BTC-25JUL25-115000-C,108509.47,sell,0.5,0.5,,,,,,,1751984297.94
3512,374695381,1751984297940,3,0.0105,0.01038968,35.29,BTC-25JUL25-115000-C,108509.47,sell,0.2,0.2,,,,,,,1751984297.94
3515,374708560,1751991933102,3,0.009,0.00937738,33.57,BTC-25JUL25-115000-C,108360.59,sell,0.2,0.2,,,,,,,1751991933.102
3514,374708559,1751991933102,2,0.009,0.00937738,33.57,BTC-25JUL25-115000-C,108360.59,sell,0.1,0.1,,,,,,,1751991933.102
3516,374712327,1751994798437,0,0.01,0.00995304,33.6,BTC-25JUL25-115000-C,108844.55,buy,3.5,3.5,,,,,,,1751994798.437
3517,374712337,1751994798484,1,0.01,0.00995304,33.6,BTC-25JUL25-115000-C,108844.55,buy,0.1,0.1,,,,,,,1751994798.484
3518,374712339,1751994798496,1,0.01,0.00995304,33.6,BTC-25JUL25-115000-C,108844.55,buy,1.1,1.1,,,,,,,1751994798.496
3519,374712407,1751994810207,1,0.01,0.01006166,33.45,BTC-25JUL25-115000-C,108890.41,buy,5.3,5.3,,,,,,,1751994810.207
3520,374713440,1751995467563,0,0.0105,0.01033759,33.95,BTC-25JUL25-115000-C,108978.05,buy,0.1,0.1,,,,,,,1751995467.563
3521,374714316,1751995988899,2,0.01,0.01018428,33.6,BTC-25JUL25-115000-C,108864.1,sell,0.1,0.1,,,,,,,1751995988.899
3522,374714894,1751996790088,2,0.0094,0.01012377,32.73,BTC-25JUL25-115000-C,108868.03,sell,50.0,50.0,2.0,BLOCK-209141,,BTC-CDIAG-25JUL25_18JUL25-115000_113000,,,1751996790.088
3523,374714896,1751996790170,0,0.0104,0.01013583,34.2,BTC-25JUL25-115000-C,108869.11,sell,426.1,426.1,2.0,BLOCK-209142,,BTC-CDIAG-25JUL25_18JUL25-115000_113000,,,1751996790.17
3524,374725243,1752011498694,2,0.01,0.01011856,33.34,BTC-25JUL25-115000-C,108981.08,buy,0.9,0.9,,,,,,,1752011498.694
3525,374728392,1752020108059,2,0.0095,0.00980291,33.18,BTC-25JUL25-115000-C,108859.57,sell,0.3,0.3,,,,,,,1752020108.059
3526,374728393,1752020108059,3,0.0095,0.00980291,33.18,BTC-25JUL25-115000-C,108859.57,sell,0.9,0.9,,,,,,,1752020108.059
3527,374728394,1752020108061,3,0.0095,0.00980291,33.18,BTC-25JUL25-115000-C,108859.57,buy,3.8,3.8,,,,,,,1752020108.061
3528,374733439,1752026574799,3,0.0095,0.00956399,33.4,BTC-25JUL25-115000-C,108837.94,buy,0.1,0.1,,,,,,,1752026574.799
3529,374734862,1752030079038,2,0.009,0.00911216,33.23,BTC-25JUL25-115000-C,108642.75,buy,5.0,5.0,,,,,,,1752030079.038
3530,374734868,1752030096118,3,0.009,0.00910692,33.24,BTC-25JUL25-115000-C,108642.79,buy,5.0,5.0,,,,,,,1752030096.118
3532,374745314,1752041507464,1,0.0095,0.00952486,33.83,BTC-25JUL25-115000-C,108725.34,sell,0.8,0.8,,,,,,,1752041507.464
3531,374745313,1752041507464,0,0.0095,0.00952486,33.83,BTC-25JUL25-115000-C,108725.34,sell,0.1,0.1,,,,,,,1752041507.464
3533,374745315,1752041507467,1,0.0095,0.00952486,33.83,BTC-25JUL25-115000-C,108725.34,buy,4.1,4.1,,,,,,,1752041507.467
3534,374745388,1752041814814,1,0.0095,0.00955331,33.79,BTC-25JUL25-115000-C,108737.45,sell,0.3,0.3,,,,,,,1752041814.814
3536,374745390,1752041814816,1,0.0095,0.00955331,33.79,BTC-25JUL25-115000-C,108737.45,buy,2.4,2.4,,,,,,,1752041814.816
3535,374745389,1752041814816,1,0.0095,0.00955331,33.79,BTC-25JUL25-115000-C,108737.45,buy,2.3,2.3,,,,,,,1752041814.816
3537,374745975,1752043259485,2,0.0094,0.00951606,33.74,BTC-25JUL25-115000-C,108707.83,buy,5.0,5.0,,,,BTC-STRD-25JUL25-115000,374745974,,1752043259.485
3539,374746497,1752044335624,1,0.01,0.00971248,34.24,BTC-25JUL25-115000-C,108860.47,buy,1.0,1.0,,,,,,,1752044335.624
3538,374746496,1752044335624,0,0.01,0.00971248,34.24,BTC-25JUL25-115000-C,108860.47,buy,0.7,0.7,,,,,,,1752044335.624
3540,374746498,1752044336257,1,0.01,0.00971531,34.24,BTC-25JUL25-115000-C,108860.61,buy,1.0,1.0,,,,,,,1752044336.257
3542,374752926,1752055573153,3,0.0095,0.00922821,33.98,BTC-25JUL25-115000-C,108739.11,buy,1.4,1.4,,,,,,,1752055573.153
3543,374752927,1752055573153,3,0.0095,0.00922821,33.98,BTC-25JUL25-115000-C,108739.11,buy,0.1,0.1,,,,,,,1752055573.153
3541,374752925,1752055573153,2,0.0095,0.00922821,33.98,BTC-25JUL25-115000-C,108739.11,buy,0.2,0.2,,,,,,,1752055573.153
3544,374752928,1752055573153,3,0.0095,0.00922821,33.98,BTC-25JUL25-115000-C,108739.11,buy,0.3,0.3,,,,,,,1752055573.153
3545,374753818,1752057831136,0,0.0105,0.01028883,34.96,BTC-25JUL25-115000-C,108879.12,sell,0.1,0.1,,,,,,,1752057831.136
3546,374760974,1752063971695,0,0.0115,0.0115789,34.49,BTC-25JUL25-115000-C,109514.25,buy,0.1,0.1,,,,,,,1752063971.695
3547,374762112,1752064754047,0,0.012,0.01196535,34.97,BTC-25JUL25-115000-C,109530.47,buy,0.4,0.4,,,,,,,1752064754.047
3548,374763407,1752065664323,2,0.0115,0.01170182,34.59,BTC-25JUL25-115000-C,109425.38,sell,0.1,0.1,,,,,,,1752065664.323
3549,374766061,1752066635126,0,0.0125,0.01268683,34.78,BTC-25JUL25-115000-C,109766.44,sell,0.2,0.2,,,,,,,1752066635.126
3550,374766443,1752066743089,0,0.013,0.01261203,35.56,BTC-25JUL25-115000-C,109760.28,buy,50.0,50.0,1.0,BLOCK-209282,,,,,1752066743.089
3551,374773323,1752071383142,2,0.0105,0.01070786,34.55,BTC-25JUL25-115000-C,109047.08,sell,0.2,0.2,,,,,,,1752071383.142
3555,374776528,1752071915330,3,0.0095,0.00979552,34.42,BTC-25JUL25-115000-C,108613.4,sell,1.5,1.5,,,,,,,1752071915.33
3554,374776527,1752071915330,3,0.0095,0.00979552,34.42,BTC-25JUL25-115000-C,108613.4,sell,5.0,5.0,,,,,,,1752071915.33
3552,374776525,1752071915330,2,0.0095,0.00979552,34.42,BTC-25JUL25-115000-C,108613.4,sell,1.0,1.0,,,,,,,1752071915.33
3553,374776526,1752071915330,3,0.0095,0.00979552,34.42,BTC-25JUL25-115000-C,108613.4,sell,1.4,1.4,,,,,,,1752071915.33
3556,374776529,1752071915332,3,0.0095,0.00979552,34.42,BTC-25JUL25-115000-C,108613.4,buy,1.1,1.1,,,,,,,1752071915.332
3557,374776773,1752072063645,3,0.0095,0.00968411,34.42,BTC-25JUL25-115000-C,108627.26,buy,5.0,5.0,,,,,,,1752072063.645
3558,374778478,1752072969762,0,0.01,0.0099205,34.48,BTC-25JUL25-115000-C,108860.64,buy,0.1,0.1,,,,,,,1752072969.762
3559,374778479,1752072969762,1,0.01,0.0099205,34.48,BTC-25JUL25-115000-C,108860.64,buy,3.0,3.0,,,,,,,1752072969.762
3560,374786844,1752082346942,2,0.0095,0.00999978,32.97,BTC-25JUL25-115000-C,109127.76,sell,1.0,1.0,,,,,,,1752082346.942
3561,374791292,1752086033686,0,0.0112,0.01076524,34.22,BTC-25JUL25-115000-C,109524.94,buy,50.0,50.0,1.0,BLOCK-209332,,,,,1752086033.686
3562,374794670,1752088722145,0,0.0115,0.01146737,33.63,BTC-25JUL25-115000-C,109805.64,buy,1.0,1.0,,,,,,,1752088722.145
3563,374795212,1752088773106,0,0.012,0.01190749,33.82,BTC-25JUL25-115000-C,109964.59,buy,1.0,1.0,,,,,,,1752088773.106
3564,374796526,1752089046800,0,0.0125,0.01224478,34.0,BTC-25JUL25-115000-C,110112.78,buy,1.0,1.0,,,,,,,1752089046.8
3565,374797031,1752089110675,1,0.0125,0.01271696,33.52,BTC-25JUL25-115000-C,110246.84,sell,0.2,0.2,,,,,,,1752089110.675
3566,374797734,1752089348763,0,0.013,0.01287439,34.03,BTC-25JUL25-115000-C,110330.63,buy,0.2,0.2,,,,,,,1752089348.763
3567,374797735,1752089348763,1,0.013,0.01287439,34.03,BTC-25JUL25-115000-C,110330.63,buy,1.0,1.0,,,,,,,1752089348.763
3568,374801292,1752089835315,0,0.014,0.01348936,34.82,BTC-25JUL25-115000-C,110486.97,buy,1.5,1.5,,,,,,,1752089835.315
3569,374801293,1752089835315,1,0.014,0.01348936,34.82,BTC-25JUL25-115000-C,110486.97,buy,3.8,3.8,,,,,,,1752089835.315
3570,374801294,1752089835315,1,0.014,0.01348936,34.82,BTC-25JUL25-115000-C,110486.97,buy,0.1,0.1,,,,,,,1752089835.315
3571,374801295,1752089835330,1,0.014,0.01348936,34.82,BTC-25JUL25-115000-C,110486.97,buy,0.1,0.1,,,,,,,1752089835.33
3573,374802263,1752089838917,1,0.015,0.01379417,35.31,BTC-25JUL25-115000-C,110737.18,buy,0.1,0.1,,,,,,,1752089838.917
3572,374802262,1752089838917,0,0.015,0.01379417,35.31,BTC-25JUL25-115000-C,110737.18,buy,0.1,0.1,,,,,,,1752089838.917
3574,374804869,1752089889131,0,0.0155,0.01508503,35.0,BTC-25JUL25-115000-C,110945.18,buy,2.0,2.0,,,,,,,1752089889.131
3582,374806797,1752090016325,1,0.0165,0.01542512,36.02,BTC-25JUL25-115000-C,111023.75,buy,2.0,2.0,,,,,,,1752090016.325
3581,374806796,1752090016325,1,0.0165,0.01542512,36.02,BTC-25JUL25-115000-C,111023.75,buy,6.0,6.0,,,,,,,1752090016.325
3584,374806799,1752090016325,1,0.0165,0.01542512,36.02,BTC-25JUL25-115000-C,111023.75,buy,1.6,1.6,,,,,,,1752090016.325
3575,374806790,1752090016325,0,0.0165,0.01542512,36.02,BTC-25JUL25-115000-C,111023.75,buy,6.8,6.8,,,,,,,1752090016.325
3585,374806800,1752090016325,1,0.0165,0.01542512,36.02,BTC-25JUL25-115000-C,111023.75,buy,5.0,5.0,,,,,,,1752090016.325
3580,374806795,1752090016325,1,0.0165,0.01542512,36.02,BTC-25JUL25-115000-C,111023.75,buy,15.0,15.0,,,,,,,1752090016.325
3578,374806793,1752090016325,1,0.0165,0.01542512,36.02,BTC-25JUL25-115000-C,111023.75,buy,4.5,4.5,,,,,,,1752090016.325
3586,374806801,1752090016325,1,0.0165,0.01542512,36.02,BTC-25JUL25-115000-C,111023.75,buy,0.6,0.6,,,,,,,1752090016.325
3579,374806794,1752090016325,1,0.0165,0.01542512,36.02,BTC-25JUL25-115000-C,111023.75,buy,50.0,50.0,,,,,,,1752090016.325
3577,374806792,1752090016325,1,0.0165,0.01542512,36.02,BTC-25JUL25-115000-C,111023.75,buy,10.6,10.6,,,,,,,1752090016.325
3587,374806802,1752090016325,1,0.0165,0.01542512,36.02,BTC-25JUL25-115000-C,111023.75,buy,3.0,3.0,,,,,,,1752090016.325
3583,374806798,1752090016325,1,0.0165,0.01542512,36.02,BTC-25JUL25-115000-C,111023.75,buy,1.1,1.1,,,,,,,1752090016.325
3576,374806791,1752090016325,1,0.0165,0.01542512,36.02,BTC-25JUL25-115000-C,111023.75,buy,8.0,8.0,,,,,,,1752090016.325
3588,374806803,1752090016325,1,0.0165,0.01542512,36.02,BTC-25JUL25-115000-C,111023.75,buy,3.0,3.0,,,,,,,1752090016.325
3589,374806804,1752090016329,1,0.0165,0.01542512,36.02,BTC-25JUL25-115000-C,111023.75,sell,10.8,10.8,,,,,,,1752090016.329
3590,374806838,1752090017660,1,0.0165,0.01546012,35.99,BTC-25JUL25-115000-C,111031.99,buy,6.8,6.8,,,,,,,1752090017.66
3591,374809250,1752090104856,0,0.0175,0.01718974,35.74,BTC-25JUL25-115000-C,111389.99,buy,0.1,0.1,,,,,,,1752090104.856
3592,374810456,1752090215467,1,0.0175,0.01732702,35.68,BTC-25JUL25-115000-C,111419.36,sell,0.3,0.3,,,,,,,1752090215.467
3593,374810563,1752090234017,0,0.018,0.01731969,36.39,BTC-25JUL25-115000-C,111403.14,buy,0.3,0.3,,,,,,,1752090234.017
3594,374811068,1752090333605,0,0.0181,0.01734648,36.58,BTC-25JUL25-115000-C,111399.87,buy,25.0,25.0,1.0,BLOCK-209364,,,,,1752090333.605
3595,374811104,1752090337581,0,0.0184,0.01734484,36.93,BTC-25JUL25-115000-C,111407.56,buy,25.0,25.0,1.0,BLOCK-209365,,,,,1752090337.581
3596,374811174,1752090348531,2,0.018,0.01750547,36.31,BTC-25JUL25-115000-C,111433.21,buy,0.1,0.1,,,,,,,1752090348.531
3597,374813006,1752090538011,0,0.0185,0.01812048,36.47,BTC-25JUL25-115000-C,111531.69,buy,0.3,0.3,,,,,,,1752090538.011
3598,374813415,1752090564164,0,0.0195,0.01851685,37.3,BTC-25JUL25-115000-C,111634.42,buy,3.5,3.5,,,,,,T,1752090564.164
3599,374813663,1752090600138,1,0.0195,0.01839811,37.54,BTC-25JUL25-115000-C,111588.43,buy,0.4,0.4,,,,,,,1752090600.138
3600,374814525,1752090728684,1,0.0195,0.01892461,37.31,BTC-25JUL25-115000-C,111641.27,buy,0.1,0.1,,,,,,,1752090728.684
3602,374815298,1752090793182,1,0.02,0.01960774,37.14,BTC-25JUL25-115000-C,111816.57,buy,0.1,0.1,,,,,,,1752090793.182
3601,374815297,1752090793182,0,0.02,0.01960774,37.14,BTC-25JUL25-115000-C,111816.57,buy,0.2,0.2,,,,,,,1752090793.182
3604,374815377,1752090794170,0,0.021,0.01961253,38.41,BTC-25JUL25-115000-C,111815.08,buy,1.7,1.7,,,,,,T,1752090794.17
3603,374815376,1752090794170,0,0.0205,0.01961253,37.78,BTC-25JUL25-115000-C,111815.08,buy,1.4,1.4,,,,,,T,1752090794.17
3605,374815413,1752090796687,2,0.02,0.0197997,36.91,BTC-25JUL25-115000-C,111870.64,sell,0.1,0.1,,,,,,,1752090796.687
3606,374816492,1752090905999,0,0.021,0.0202336,37.97,BTC-25JUL25-115000-C,111922.86,buy,0.9,0.9,,,,,,,1752090905.999
3607,374816715,1752090925115,2,0.0205,0.02030287,37.22,BTC-25JUL25-115000-C,111949.95,sell,0.1,0.1,,,,,,,1752090925.115
3609,374817010,1752090935031,1,0.021,0.02066245,37.49,BTC-25JUL25-115000-C,112028.25,buy,2.5,2.5,,,,,,T,1752090935.031
3608,374817009,1752090935031,0,0.021,0.02066245,37.49,BTC-25JUL25-115000-C,112028.25,buy,0.3,0.3,,,,,,T,1752090935.031
3610,374817151,1752090937738,2,0.0205,0.02060716,37.19,BTC-25JUL25-115000-C,111952.51,sell,0.1,0.1,,,,,,,1752090937.738
3611,374817569,1752090957266,2,0.0195,0.01942981,37.22,BTC-25JUL25-115000-C,111646.58,sell,0.1,0.1,,,,,,,1752090957.266
3612,374818236,1752091051279,0,0.02,0.02011481,37.12,BTC-25JUL25-115000-C,111808.73,sell,0.1,0.1,,,,,,,1752091051.279
3613,374818846,1752091127757,1,0.02,0.01998915,37.35,BTC-25JUL25-115000-C,111766.57,buy,2.0,2.0,,,,,,,1752091127.757
3614,374821521,1752091442899,0,0.0205,0.02010254,38.0,BTC-25JUL25-115000-C,111780.94,buy,0.1,0.1,,,,,,,1752091442.899
3615,374821522,1752091442899,1,0.0205,0.02010254,38.0,BTC-25JUL25-115000-C,111780.94,buy,5.0,5.0,,,,,,,1752091442.899
3616,374821733,1752091449658,2,0.02,0.02010675,37.38,BTC-25JUL25-115000-C,111779.53,sell,1.5,1.5,,,,,,,1752091449.658
3617,374821805,1752091451040,3,0.02,0.02009044,37.65,BTC-25JUL25-115000-C,111776.05,buy,3.4,3.4,,,,BTC-STRD-25JUL25-115000,374821804,,1752091451.04
3618,374821864,1752091463787,2,0.0195,0.01974022,37.23,BTC-25JUL25-115000-C,111672.62,buy,1.6,1.6,,,,BTC-STRD-25JUL25-115000,374821863,,1752091463.787
3619,374821938,1752091473385,2,0.0194,0.01956869,37.33,BTC-25JUL25-115000-C,111626.09,sell,50.0,50.0,1.0,BLOCK-209371,,,,,1752091473.385
3620,374822163,1752091520878,3,0.0194,0.01969586,37.26,BTC-25JUL25-115000-C,111635.09,sell,25.0,25.0,1.0,BLOCK-209373,,,,,1752091520.878
3621,374822597,1752091572725,2,0.0189,0.01959483,36.78,BTC-25JUL25-115000-C,111600.84,sell,25.0,25.0,1.0,BLOCK-209374,,,,,1752091572.725
3622,374823950,1752091749918,2,0.018,0.01795246,37.34,BTC-25JUL25-115000-C,111196.08,buy,2.0,2.0,,,,,,,1752091749.918
3623,374825021,1752091933761,2,0.0175,0.01770053,36.41,BTC-25JUL25-115000-C,111247.32,sell,0.3,0.3,,,,,,,1752091933.761
3624,374825479,1752092037278,0,0.0181,0.01790183,36.81,BTC-25JUL25-115000-C,111338.21,sell,5.0,5.0,,,,BTC-STRD-25JUL25-115000,374825478,,1752092037.278
3625,374825942,1752092258596,2,0.0175,0.01771547,35.86,BTC-25JUL25-115000-C,111393.47,sell,0.1,0.1,,,,,,,1752092258.596
3626,374826198,1752092339876,2,0.017,0.01736941,35.62,BTC-25JUL25-115000-C,111287.48,sell,0.1,0.1,,,,,,,1752092339.876
3627,374829298,1752093413519,2,0.016,0.01617288,35.48,BTC-25JUL25-115000-C,110999.1,sell,0.2,0.2,,,,,,,1752093413.519
3628,374829400,1752093420178,3,0.016,0.01597393,35.82,BTC-25JUL25-115000-C,110923.56,sell,6.3,6.3,6.0,BLOCK-209379,,,,,1752093420.178
3629,374830696,1752094162563,2,0.0155,0.01563208,35.44,BTC-25JUL25-115000-C,110838.39,sell,0.3,0.3,,,,,,,1752094162.563
3630,374830703,1752094173079,3,0.0155,0.01563624,35.42,BTC-25JUL25-115000-C,110840.09,buy,0.1,0.1,,,,,,,1752094173.079
3631,374830802,1752094234809,3,0.0155,0.01565331,35.4,BTC-25JUL25-115000-C,110848.8,sell,0.1,0.1,,,,,,,1752094234.809
3632,374830847,1752094257248,3,0.0155,0.01565808,35.39,BTC-25JUL25-115000-C,110854.26,sell,0.2,0.2,,,,,,,1752094257.248
3633,374830848,1752094257250,3,0.0155,0.01565808,35.39,BTC-25JUL25-115000-C,110854.26,buy,0.3,0.3,,,,,,,1752094257.25
3634,374830914,1752094312771,3,0.0155,0.01562782,35.42,BTC-25JUL25-115000-C,110858.76,buy,0.8,0.8,,,,,,,1752094312.771
3635,374831133,1752094469245,2,0.015,0.01546876,34.97,BTC-25JUL25-115000-C,110788.61,sell,0.1,0.1,,,,,,,1752094469.245
3636,374831907,1752094551875,0,0.0155,0.01528764,35.83,BTC-25JUL25-115000-C,110733.99,buy,0.1,0.1,,,,,,,1752094551.875
3637,374832015,1752094593000,2,0.015,0.01540823,35.05,BTC-25JUL25-115000-C,110760.55,sell,0.2,0.2,,,,,,,1752094593.0
3639,374832129,1752094626468,3,0.015,0.01540872,35.09,BTC-25JUL25-115000-C,110754.35,sell,1.1,1.1,,,,,,,1752094626.468
3640,374832130,1752094626468,3,0.015,0.01540872,35.09,BTC-25JUL25-115000-C,110754.35,sell,3.3,3.3,,,,,,,1752094626.468
3638,374832128,1752094626468,3,0.015,0.01540872,35.09,BTC-25JUL25-115000-C,110754.35,sell,1.6,1.6,,,,,,,1752094626.468
3641,374832281,1752094716641,3,0.015,0.0152028,35.27,BTC-25JUL25-115000-C,110712.41,buy,0.1,0.1,,,,,,,1752094716.641
3642,374832544,1752094862231,3,0.015,0.01525156,35.17,BTC-25JUL25-115000-C,110729.26,sell,1.2,1.2,,,,,,,1752094862.231
3643,374833297,1752095037492,0,0.016,0.01622242,35.23,BTC-25JUL25-115000-C,111044.12,buy,1.6,1.6,,,,,,,1752095037.492
3645,374834890,1752095585752,3,0.0155,0.01599661,34.61,BTC-25JUL25-115000-C,111057.37,sell,0.8,0.8,,,,,,,1752095585.752
3644,374834889,1752095585752,2,0.0155,0.01599661,34.61,BTC-25JUL25-115000-C,111057.37,sell,0.2,0.2,,,,,,,1752095585.752
3646,374835839,1752096315565,0,0.0165,0.01646234,35.24,BTC-25JUL25-115000-C,111235.74,sell,0.6,0.6,,,,,,,1752096315.565
3647,374838566,1752097845955,2,0.016,0.01580932,35.41,BTC-25JUL25-115000-C,111050.31,buy,0.1,0.1,,,,,,,1752097845.955
3648,374840075,1752098991142,0,0.0165,0.01625499,35.55,BTC-25JUL25-115000-C,111154.52,buy,0.1,0.1,,,,,,,1752098991.142
3649,374841224,1752099246989,0,0.017,0.01695753,35.4,BTC-25JUL25-115000-C,111328.81,sell,0.1,0.1,,,,,,,1752099246.989
3650,374850629,1752100472953,1,0.017,0.01682334,35.93,BTC-25JUL25-115000-C,111193.47,buy,0.1,0.1,,,,,,,1752100472.953
3651,374851984,1752100819560,1,0.017,0.01698815,35.63,BTC-25JUL25-115000-C,111262.71,buy,0.1,0.1,,,,,,,1752100819.56
3652,374852455,1752100940708,1,0.017,0.0171399,35.39,BTC-25JUL25-115000-C,111327.46,sell,15.0,15.0,,,,,,,1752100940.708
3653,374856639,1752102943549,0,0.0175,0.01749965,35.67,BTC-25JUL25-115000-C,111418.4,sell,0.5,0.5,,,,,,,1752102943.549
3654,374856640,1752102943551,1,0.0175,0.01749965,35.67,BTC-25JUL25-115000-C,111418.4,buy,0.6,0.6,,,,,,,1752102943.551
3655,374859233,1752103662195,0,0.018,0.01811887,35.67,BTC-25JUL25-115000-C,111571.18,sell,0.1,0.1,,,,,,,1752103662.195
3656,374863292,1752105559104,2,0.017,0.01739369,35.52,BTC-25JUL25-115000-C,111281.68,sell,0.4,0.4,,,,,,,1752105559.104
3657,374863299,1752105559842,3,0.017,0.01737418,35.52,BTC-25JUL25-115000-C,111281.71,sell,0.1,0.1,,,,,,,1752105559.842
3658,374866101,1752108344351,2,0.0165,0.01670311,35.6,BTC-25JUL25-115000-C,111124.66,sell,0.1,0.1,,,,,,,1752108344.351
3660,374867833,1752110387865,3,0.0165,0.01630603,35.71,BTC-25JUL25-115000-C,111111.86,buy,1.5,1.5,,,,,,,1752110387.865
3659,374867832,1752110387865,3,0.0165,0.01630603,35.71,BTC-25JUL25-115000-C,111111.86,buy,1.5,1.5,,,,,,,1752110387.865
3661,374871556,1752112934862,0,0.0175,0.01719054,36.32,BTC-25JUL25-115000-C,111271.53,buy,0.1,0.1,,,,,,,1752112934.862
3662,374872503,1752113337626,0,0.018,0.01766187,36.67,BTC-25JUL25-115000-C,111341.22,buy,1.0,1.0,,,,,,,1752113337.626
3663,374872655,1752113422935,1,0.018,0.01777797,36.65,BTC-25JUL25-115000-C,111350.74,buy,0.3,0.3,,,,,,,1752113422.935
3664,374876162,1752115645732,2,0.0175,0.01746113,36.7,BTC-25JUL25-115000-C,111227.27,buy,5.0,5.0,,,,,,,1752115645.732
3665,374876803,1752116925556,0,0.0176,0.01750002,36.74,BTC-25JUL25-115000-C,111236.53,buy,200.0,200.0,2.0,BLOCK-209472,,BTC-CS-25JUL25-110000_115000,,,1752116925.556
3666,374876851,1752116959024,0,0.0177,0.01751678,36.85,BTC-25JUL25-115000-C,111246.07,buy,145.8,145.8,2.0,BLOCK-209473,,BTC-CS-25JUL25-110000_115000,,,1752116959.024
3667,374876872,1752116994855,2,0.0175,0.01746245,36.65,BTC-25JUL25-115000-C,111229.71,buy,80.0,80.0,2.0,BLOCK-209474,,BTC-CS-25JUL25-109000_115000,,,1752116994.855
3668,374880563,1752122109622,2,0.0165,0.01635627,36.1,BTC-25JUL25-115000-C,111149.12,buy,0.1,0.1,,,,,,,1752122109.622
3669,374880564,1752122109624,3,0.0165,0.01635627,36.1,BTC-25JUL25-115000-C,111149.12,sell,0.5,0.5,,,,,,,1752122109.624
3670,374880565,1752122109625,3,0.0165,0.01635627,36.1,BTC-25JUL25-115000-C,111149.12,sell,2.9,2.9,,,,,,,1752122109.625
3671,374885136,1752127630227,2,0.0164,0.01638266,35.83,BTC-25JUL25-115000-C,111155.54,buy,12.5,12.5,2.0,BLOCK-209495,,BTC-CS-25JUL25-115000_120000,,,1752127630.227
3672,374887272,1752128841547,0,0.0175,0.01709905,36.65,BTC-25JUL25-115000-C,111339.08,buy,0.1,0.1,,,,,,,1752128841.547
3673,374887486,1752129207501,1,0.0175,0.01736734,36.83,BTC-25JUL25-115000-C,111306.64,sell,2.9,2.9,,,,,,,1752129207.501
3674,374887657,1752129511206,1,0.0175,0.01748062,37.09,BTC-25JUL25-115000-C,111250.75,sell,7.0,7.0,,,,,,,1752129511.206
3675,374887680,1752129581097,1,0.0175,0.0175247,37.06,BTC-25JUL25-115000-C,111243.68,sell,2.9,2.9,,,,,,,1752129581.097
3676,374887730,1752129621861,1,0.0175,0.01744422,37.2,BTC-25JUL25-115000-C,111211.38,sell,0.1,0.1,,,,,,,1752129621.861
3677,374887731,1752129621877,1,0.0175,0.01744422,37.2,BTC-25JUL25-115000-C,111211.38,sell,0.7,0.7,,,,,,,1752129621.877
3678,374887732,1752129621881,1,0.0175,0.01744422,37.2,BTC-25JUL25-115000-C,111211.38,sell,0.3,0.3,,,,,,,1752129621.881
3679,374887734,1752129624861,1,0.0175,0.01744541,37.22,BTC-25JUL25-115000-C,111205.87,sell,0.1,0.1,,,,,,,1752129624.861
3680,374887778,1752129770298,1,0.0175,0.0175538,37.18,BTC-25JUL25-115000-C,111205.65,sell,0.1,0.1,,,,,,,1752129770.298
3681,374887782,1752129773295,1,0.0175,0.01755422,37.21,BTC-25JUL25-115000-C,111197.67,sell,0.1,0.1,,,,,,,1752129773.295
3682,374887783,1752129773297,1,0.0175,0.01755422,37.21,BTC-25JUL25-115000-C,111197.67,sell,0.4,0.4,,,,,,,1752129773.297
3683,374887784,1752129776299,1,0.0175,0.01752828,37.22,BTC-25JUL25-115000-C,111196.45,sell,0.1,0.1,,,,,,,1752129776.299
3684,374887815,1752129900263,1,0.0175,0.0175494,37.26,BTC-25JUL25-115000-C,111190.21,sell,5.0,5.0,,,,,,,1752129900.263
3685,374887833,1752129978448,1,0.0175,0.01766466,37.14,BTC-25JUL25-115000-C,111215.06,sell,2.0,2.0,,,,,,,1752129978.448
3686,374888649,1752130539535,1,0.0175,0.01783771,36.76,BTC-25JUL25-115000-C,111295.63,sell,5.0,5.0,,,,,,,1752130539.535
3689,374891640,1752133159294,1,0.018,0.01770809,37.45,BTC-25JUL25-115000-C,111304.37,buy,0.2,0.2,,,,,,,1752133159.294
3690,374891641,1752133159294,1,0.018,0.01770809,37.45,BTC-25JUL25-115000-C,111304.37,buy,0.1,0.1,,,,,,,1752133159.294
3691,374891642,1752133159294,1,0.018,0.01770809,37.45,BTC-25JUL25-115000-C,111304.37,buy,0.7,0.7,,,,,,,1752133159.294
3688,374891639,1752133159294,1,0.018,0.01770809,37.45,BTC-25JUL25-115000-C,111304.37,buy,3.3,3.3,,,,,,,1752133159.294
3687,374891638,1752133159294,0,0.018,0.01770809,37.45,BTC-25JUL25-115000-C,111304.37,buy,0.1,0.1,,,,,,,1752133159.294
3692,374892043,1752133399114,1,0.018,0.01780991,37.44,BTC-25JUL25-115000-C,111289.83,sell,0.5,0.5,,,,,,,1752133399.114
3693,374892044,1752133399118,1,0.018,0.01780991,37.44,BTC-25JUL25-115000-C,111289.83,sell,3.0,3.0,,,,,,,1752133399.118
3694,374892045,1752133399953,1,0.018,0.01781541,37.44,BTC-25JUL25-115000-C,111290.23,sell,3.9,3.9,,,,,,,1752133399.953
3695,374892057,1752133412630,2,0.0175,0.01781631,36.79,BTC-25JUL25-115000-C,111285.17,sell,0.1,0.1,,,,,,,1752133412.63
3696,374892827,1752133825655,0,0.018,0.0177608,37.47,BTC-25JUL25-115000-C,111265.78,buy,0.1,0.1,,,,,,,1752133825.655
3700,374898388,1752140195661,3,0.0175,0.01717849,37.24,BTC-25JUL25-115000-C,111186.36,buy,0.1,0.1,,,,,,,1752140195.661
3698,374898386,1752140195661,3,0.0175,0.01717849,37.24,BTC-25JUL25-115000-C,111186.36,buy,1.5,1.5,,,,,,,1752140195.661
3697,374898385,1752140195661,2,0.0175,0.01717849,37.24,BTC-25JUL25-115000-C,111186.36,buy,0.1,0.1,,,,,,,1752140195.661
3701,374898389,1752140195661,3,0.0175,0.01717849,37.24,BTC-25JUL25-115000-C,111186.36,buy,0.6,0.6,,,,,,,1752140195.661
3699,374898387,1752140195661,3,0.0175,0.01717849,37.24,BTC-25JUL25-115000-C,111186.36,buy,1.1,1.1,,,,,,,1752140195.661
3702,374898390,1752140195664,3,0.0175,0.01717849,37.24,BTC-25JUL25-115000-C,111186.36,sell,0.5,0.5,,,,,,,1752140195.664
3703,374898391,1752140197696,3,0.0175,0.01719194,37.24,BTC-25JUL25-115000-C,111185.64,sell,0.4,0.4,,,,,,,1752140197.696
3704,374898397,1752140209550,3,0.0175,0.01727521,37.24,BTC-25JUL25-115000-C,111185.14,sell,0.3,0.3,,,,,,,1752140209.55
3705,374899017,1752141387750,3,0.0175,0.01765417,37.52,BTC-25JUL25-115000-C,111122.3,sell,15.0,15.0,,,,,,,1752141387.75
3706,374899018,1752141387764,3,0.0175,0.01765417,37.52,BTC-25JUL25-115000-C,111122.3,sell,10.4,10.4,,,,,,,1752141387.764
3707,374907699,1752150897566,2,0.016,0.01608465,36.72,BTC-25JUL25-115000-C,110890.97,sell,1.5,1.5,,,,,,,1752150897.566
3708,374909388,1752152993890,3,0.016,0.01592019,36.67,BTC-25JUL25-115000-C,110915.22,buy,0.7,0.7,,,,,,,1752152993.89
3709,374909389,1752152993890,3,0.016,0.01592019,36.67,BTC-25JUL25-115000-C,110915.22,buy,0.1,0.1,,,,,,,1752152993.89
3710,374911179,1752154551538,2,0.0155,0.01545203,36.67,BTC-25JUL25-115000-C,110761.7,buy,0.5,0.5,,,,,,,1752154551.538
3711,374911180,1752154551547,3,0.0155,0.01545203,36.67,BTC-25JUL25-115000-C,110761.7,buy,0.5,0.5,,,,,,,1752154551.547
3712,374911185,1752154551563,3,0.0155,0.01545203,36.67,BTC-25JUL25-115000-C,110761.7,buy,0.5,0.5,,,,,,,1752154551.563
3713,374911187,1752154553568,3,0.0155,0.01546383,36.65,BTC-25JUL25-115000-C,110763.35,buy,0.5,0.5,,,,,,,1752154553.568
3714,374913334,1752155127208,0,0.016,0.01584725,36.84,BTC-25JUL25-115000-C,110887.2,buy,0.1,0.1,,,,,,,1752155127.208
3715,374916199,1752156493225,0,0.0165,0.01634207,37.06,BTC-25JUL25-115000-C,111014.38,buy,0.1,0.1,,,,,,,1752156493.225
3716,374918171,1752157498699,0,0.017,0.01680455,37.27,BTC-25JUL25-115000-C,111124.58,sell,0.1,0.1,,,,,,,1752157498.699
3718,374919975,1752158235262,1,0.017,0.01676587,37.13,BTC-25JUL25-115000-C,111147.03,buy,0.6,0.6,,,,,,,1752158235.262
3717,374919974,1752158235262,1,0.017,0.01676587,37.13,BTC-25JUL25-115000-C,111147.03,buy,3.0,3.0,,,,,,,1752158235.262
3719,374919976,1752158235262,1,0.017,0.01676587,37.13,BTC-25JUL25-115000-C,111147.03,buy,0.1,0.1,,,,,,,1752158235.262
3720,374937053,1752164668043,0,0.02,0.01957678,37.43,BTC-25JUL25-115000-C,112051.65,buy,0.1,0.1,,,,,,,1752164668.043
3723,374938588,1752164738513,1,0.0215,0.02094622,37.73,BTC-25JUL25-115000-C,112425.18,buy,1.3,1.3,,,,,,T,1752164738.513
3721,374938586,1752164738513,0,0.0215,0.02094622,37.73,BTC-25JUL25-115000-C,112425.18,buy,0.9,0.9,,,,,,T,1752164738.513
3722,374938587,1752164738513,1,0.0215,0.02094622,37.73,BTC-25JUL25-115000-C,112425.18,buy,0.3,0.3,,,,,,T,1752164738.513
3724,374939769,1752164859531,1,0.0215,0.02145285,37.17,BTC-25JUL25-115000-C,112541.8,sell,10.2,10.2,,,,,,,1752164859.531
3725,374941072,1752165013678,0,0.0225,0.02200893,37.98,BTC-25JUL25-115000-C,112634.16,buy,0.3,0.3,,,,,,T,1752165013.678
3726,374941073,1752165013678,0,0.023,0.02200893,38.62,BTC-25JUL25-115000-C,112634.16,buy,2.0,2.0,,,,,,T,1752165013.678
3728,374942341,1752165207877,1,0.023,0.0225262,38.46,BTC-25JUL25-115000-C,112683.85,buy,0.1,0.1,,,,,,,1752165207.877
3727,374942340,1752165207877,1,0.023,0.0225262,38.46,BTC-25JUL25-115000-C,112683.85,buy,0.3,0.3,,,,,,,1752165207.877
3729,374942342,1752165207877,1,0.023,0.0225262,38.46,BTC-25JUL25-115000-C,112683.85,buy,1.0,1.0,,,,,,,1752165207.877
