trade_seq,trade_id,timestamp,tick_direction,price,mark_price,iv,instrument_name,index_price,direction,contracts,amount,block_trade_leg_count,block_trade_id,combo_trade_id,combo_id,unix_sec
2001,373878057,1751313553627,3,0.0006,0.00062964,45.06,BTC-25JUL25-140000-C,107702.87,sell,2.0,2.0,,,,,1751313553.627
2002,373892825,1751325590071,2,0.0005,0.0005954,44.72,BTC-25JUL25-140000-C,107222.36,sell,0.1,0.1,,,,,1751325590.071
2004,373899999,1751338507707,3,0.0005,0.00058691,44.93,BTC-25JUL25-140000-C,107154.89,sell,1.5,1.5,,,,,1751338507.707
2003,373899998,1751338507707,3,0.0005,0.00058691,44.93,BTC-25JUL25-140000-C,107154.89,sell,2.9,2.9,,,,,1751338507.707
2005,373900000,1751338507707,3,0.0005,0.00058691,44.93,BTC-25JUL25-140000-C,107154.89,sell,1.0,1.0,,,,,1751338507.707
2006,373900004,1751338514873,3,0.0005,0.00058821,44.92,BTC-25JUL25-140000-C,107158.88,sell,0.1,0.1,,,,,1751338514.873
2007,373925214,1751359485968,3,0.0005,0.00044108,45.74,BTC-25JUL25-140000-C,106780.56,buy,0.1,0.1,,,,,1751359485.968
2008,374028032,1751425834628,3,0.0005,0.00049648,47.6,BTC-25JUL25-140000-C,105962.02,buy,0.1,0.1,,,,,1751425834.628
2009,374039220,1751440199950,0,0.0006,0.00054841,47.43,BTC-25JUL25-140000-C,107001.08,buy,4.0,4.0,,,,,1751440199.95
2010,374039288,1751440402026,1,0.0006,0.00057615,47.49,BTC-25JUL25-140000-C,106974.56,sell,0.4,0.4,,,,,1751440402.026
2012,374095825,1751469622455,1,0.0008,0.00067476,47.43,BTC-25JUL25-140000-C,108505.4,buy,6.2,6.2,,,,,1751469622.455
2011,374095824,1751469622455,0,0.0008,0.00067476,47.43,BTC-25JUL25-140000-C,108505.4,buy,7.0,7.0,,,,,1751469622.455
2013,374095826,1751469622457,1,0.0008,0.00067476,47.43,BTC-25JUL25-140000-C,108505.4,sell,7.1,7.1,,,,,1751469622.457
2014,374222609,1751533787269,1,0.0008,0.00096,46.57,BTC-25JUL25-140000-C,109574.73,sell,0.1,0.1,,,,,1751533787.269
2015,374223048,1751533970047,1,0.0008,0.00096874,46.47,BTC-25JUL25-140000-C,109649.25,sell,0.1,0.1,,,,,1751533970.047
2016,374233498,1751535786313,0,0.001,0.00103143,47.16,BTC-25JUL25-140000-C,110222.03,buy,0.1,0.1,,,,,1751535786.313
2017,374254411,1751540932125,0,0.0011,0.00105599,48.69,BTC-25JUL25-140000-C,109712.57,sell,1.0,1.0,,,,,1751540932.125
2018,374269572,1751546360719,2,0.001,0.000988,49.02,BTC-25JUL25-140000-C,109066.67,sell,0.5,0.5,,,,,1751546360.719
2019,374284121,1751550611947,0,0.0012,0.00109205,48.36,BTC-25JUL25-140000-C,110430.87,buy,1.0,1.0,,,,,1751550611.947
2020,374293564,1751552047632,2,0.001,0.00101497,47.63,BTC-25JUL25-140000-C,110033.3,sell,2.2,2.2,,,,,1751552047.632
2021,374293799,1751552138073,3,0.001,0.00103195,47.66,BTC-25JUL25-140000-C,110004.67,sell,2.0,2.0,,,,,1751552138.073
2022,374293800,1751552138084,3,0.001,0.00103195,47.66,BTC-25JUL25-140000-C,110004.67,sell,2.0,2.0,,,,,1751552138.084
2023,374375648,1751606461636,2,0.0009,0.00087396,49.23,BTC-25JUL25-140000-C,109102.35,sell,14.0,14.0,11.0,BLOCK-208623,,,1751606461.636
2024,374396173,1751616085472,2,0.0007,0.00081631,48.03,BTC-25JUL25-140000-C,108755.58,sell,1.0,1.0,,,,,1751616085.472
2025,374463497,1751665247953,2,0.0005,0.00054192,48.0,BTC-25JUL25-140000-C,107800.89,sell,2.0,2.0,,,,,1751665247.953
2026,374470897,1751676909514,3,0.0005,0.00059816,47.51,BTC-25JUL25-140000-C,108234.33,sell,1.0,1.0,,,,,1751676909.514
2027,374472954,1751681489919,3,0.0005,0.00055707,48.07,BTC-25JUL25-140000-C,107890.27,sell,1.0,1.0,,,,,1751681489.919
2028,374492524,1751722969105,2,0.0003,0.0005024,45.3,BTC-25JUL25-140000-C,108180.29,sell,0.1,0.1,,,,,1751722969.105
2029,374511825,1751790355226,0,0.0005,0.00039675,49.56,BTC-25JUL25-140000-C,108009.5,buy,0.1,0.1,,,,,1751790355.226
2030,374515877,1751803633696,2,0.0004,0.00045848,48.18,BTC-25JUL25-140000-C,108120.58,sell,1.0,1.0,,,,,1751803633.696
2031,374515878,1751803633705,3,0.0004,0.00045848,48.18,BTC-25JUL25-140000-C,108120.58,sell,1.0,1.0,,,,,1751803633.705
2032,374578264,1751860044301,0,0.0005,0.00048669,48.25,BTC-25JUL25-140000-C,109446.43,sell,2.2,2.2,,,,,1751860044.301
2033,374582603,1751870245611,1,0.0005,0.00047799,49.17,BTC-25JUL25-140000-C,108978.65,sell,2.2,2.2,,,,,1751870245.611
2034,374593428,1751884090618,1,0.0005,0.00056049,49.59,BTC-25JUL25-140000-C,108779.76,sell,2.1,2.1,,,,,1751884090.618
2035,374593429,1751884090629,1,0.0005,0.00056049,49.59,BTC-25JUL25-140000-C,108779.76,sell,2.1,2.1,,,,,1751884090.629
2036,374593430,1751884091109,1,0.0005,0.00056049,49.59,BTC-25JUL25-140000-C,108779.76,sell,2.1,2.1,,,,,1751884091.109
2037,374593431,1751884093174,1,0.0005,0.00056062,49.59,BTC-25JUL25-140000-C,108779.79,sell,2.1,2.1,,,,,1751884093.174
2038,374608246,1751897733654,2,0.0003,0.00040659,47.63,BTC-25JUL25-140000-C,108172.95,sell,1.0,1.0,,,,,1751897733.654
2039,374610285,1751899221411,0,0.0004,0.00041902,49.6,BTC-25JUL25-140000-C,108024.9,sell,2.0,2.0,,,,,1751899221.411
2040,374621236,1751907331280,1,0.0004,0.00038137,49.87,BTC-25JUL25-140000-C,107997.71,sell,2.1,2.1,,,,,1751907331.28
2041,374621323,1751907396900,1,0.0004,0.00037959,49.92,BTC-25JUL25-140000-C,107959.66,sell,2.2,2.2,,,,,1751907396.9
2042,374621357,1751907434014,1,0.0004,0.0003796,49.93,BTC-25JUL25-140000-C,107947.36,sell,2.0,2.0,,,,,1751907434.014
2043,374621445,1751907489390,1,0.0004,0.00038056,49.94,BTC-25JUL25-140000-C,107947.34,sell,2.3,2.3,,,,,1751907489.39
2044,374621514,1751907513980,1,0.0004,0.00038451,49.88,BTC-25JUL25-140000-C,107984.92,sell,2.4,2.4,,,,,1751907513.98
2047,374622621,1751907860630,3,0.0003,0.00037964,48.33,BTC-25JUL25-140000-C,107874.2,sell,7.0,7.0,,,,,1751907860.63
2046,374622620,1751907860630,3,0.0003,0.00037964,48.33,BTC-25JUL25-140000-C,107874.2,sell,0.1,0.1,,,,,1751907860.63
2045,374622619,1751907860630,2,0.0003,0.00037964,48.33,BTC-25JUL25-140000-C,107874.2,sell,3.9,3.9,,,,,1751907860.63
2048,374622623,1751907862691,3,0.0003,0.00037996,48.33,BTC-25JUL25-140000-C,107871.85,sell,7.0,7.0,,,,,1751907862.691
2049,374638498,1751919842895,0,0.0004,0.00033342,49.93,BTC-25JUL25-140000-C,108091.4,buy,0.1,0.1,,,,,1751919842.895
2050,374652676,1751935799162,1,0.0004,0.0003773,49.93,BTC-25JUL25-140000-C,108300.36,sell,2.1,2.1,,,,,1751935799.162
2051,374654432,1751938136291,1,0.0004,0.00038589,50.35,BTC-25JUL25-140000-C,108048.27,sell,0.1,0.1,,,,,1751938136.291
2052,374654437,1751938136470,1,0.0004,0.0003859,50.35,BTC-25JUL25-140000-C,108048.48,sell,2.4,2.4,,,,,1751938136.47
2053,374668109,1751955713744,2,0.0003,0.00038394,48.79,BTC-25JUL25-140000-C,108160.29,sell,0.1,0.1,,,,,1751955713.744
2054,374675351,1751964694179,0,0.0004,0.00036537,50.35,BTC-25JUL25-140000-C,108324.25,sell,14.0,14.0,,,,,1751964694.179
2055,374675447,1751964951003,0,0.0005,0.00034688,51.89,BTC-25JUL25-140000-C,108293.59,buy,0.2,0.2,,,,,1751964951.003
2056,374675448,1751964951003,1,0.0005,0.00034688,51.89,BTC-25JUL25-140000-C,108293.59,buy,2.8,2.8,,,,,1751964951.003
2057,374675449,1751964952194,1,0.0005,0.00034691,51.88,BTC-25JUL25-140000-C,108293.59,buy,3.0,3.0,,,,,1751964952.194
2058,374675450,1751964977853,1,0.0005,0.00034627,51.88,BTC-25JUL25-140000-C,108288.5,buy,3.0,3.0,,,,,1751964977.853
2059,374719180,1752000318019,2,0.0003,0.00032822,48.07,BTC-25JUL25-140000-C,109034.23,sell,0.1,0.1,,,,,1752000318.019
2060,374729646,1752022197066,0,0.0004,0.00029131,50.39,BTC-25JUL25-140000-C,108921.81,buy,0.2,0.2,,,,,1752022197.066
2061,374752340,1752054134035,2,0.0003,0.00032657,49.64,BTC-25JUL25-140000-C,108634.9,sell,0.1,0.1,,,,,1752054134.035
2062,374753798,1752057783744,0,0.0004,0.00032646,51.06,BTC-25JUL25-140000-C,108871.0,buy,0.2,0.2,,,,,1752057783.744
2063,374753854,1752057906357,2,0.0003,0.0003285,49.27,BTC-25JUL25-140000-C,108886.9,sell,0.1,0.1,,,,,1752057906.357
2064,374753855,1752057911088,3,0.0003,0.0003285,49.27,BTC-25JUL25-140000-C,108887.07,buy,0.1,0.1,,,,,1752057911.088
2065,374836317,1752096438724,0,0.0005,0.00040675,49.38,BTC-25JUL25-140000-C,111213.65,buy,0.5,0.5,,,,,1752096438.724
2066,374871769,1752113016487,2,0.0004,0.00038624,47.94,BTC-25JUL25-140000-C,111311.4,sell,4.0,4.0,,,,,1752113016.487
2067,374903166,1752145586578,3,0.0004,0.0004376,48.92,BTC-25JUL25-140000-C,111182.11,buy,0.1,0.1,,,,,1752145586.578
2068,374998209,1752181495149,3,0.0004,0.00042458,45.55,BTC-25JUL25-140000-C,113664.98,buy,1.0,1.0,,,,,1752181495.149
2069,375071394,1752187935619,0,0.0006,0.00052441,44.07,BTC-25JUL25-140000-C,116121.42,buy,0.1,0.1,,,,,1752187935.619
2070,375078345,1752191352766,1,0.0006,0.00050408,44.61,BTC-25JUL25-140000-C,115812.0,buy,0.4,0.4,,,,,1752191352.766
2071,375078346,1752191352766,1,0.0006,0.00050408,44.61,BTC-25JUL25-140000-C,115812.0,buy,1.6,1.6,,,,,1752191352.766
2072,375113717,1752203418066,2,0.0005,0.00049492,42.43,BTC-25JUL25-140000-C,116559.58,sell,8.6,8.6,,,,,1752203418.066
2073,375114129,1752203717881,3,0.0005,0.00048803,42.58,BTC-25JUL25-140000-C,116483.66,sell,2.7,2.7,,,,,1752203717.881
2074,375114302,1752203840145,3,0.0005,0.00048956,42.58,BTC-25JUL25-140000-C,116481.7,buy,3.0,3.0,,,,,1752203840.145
2075,375114933,1752204147636,3,0.0005,0.00049038,42.51,BTC-25JUL25-140000-C,116534.9,buy,1.9,1.9,,,,,1752204147.636
2076,375115342,1752204192872,3,0.0005,0.00048993,42.49,BTC-25JUL25-140000-C,116551.83,buy,2.1,2.1,,,,,1752204192.872
2077,375135742,1752211520889,0,0.0006,0.00067488,42.13,BTC-25JUL25-140000-C,117315.49,sell,5.8,5.8,,,,,1752211520.889
2078,375182684,1752215370639,0,0.0007,0.00071121,41.72,BTC-25JUL25-140000-C,118188.43,buy,3.0,3.0,,,,,1752215370.639
2079,375183986,1752215674994,0,0.0009,0.00067228,43.57,BTC-25JUL25-140000-C,118105.31,buy,3.0,3.0,,,,,1752215674.994
2080,375184074,1752215692243,1,0.0009,0.00067629,43.56,BTC-25JUL25-140000-C,118110.06,buy,3.0,3.0,,,,,1752215692.243
2081,375184368,1752215756366,2,0.0006,0.00070272,40.7,BTC-25JUL25-140000-C,118207.04,sell,0.1,0.1,,,,,1752215756.366
2082,375193301,1752217813881,0,0.0007,0.00084639,42.87,BTC-25JUL25-140000-C,117536.92,sell,0.1,0.1,,,,,1752217813.881
2083,375213014,1752221735716,0,0.001,0.0009003,44.86,BTC-25JUL25-140000-C,117841.49,buy,0.1,0.1,,,,,1752221735.716
2084,375213015,1752221735718,1,0.001,0.0009003,44.86,BTC-25JUL25-140000-C,117841.49,sell,9.9,9.9,,,,,1752221735.718
2085,375225491,1752226657216,0,0.0012,0.00110958,44.56,BTC-25JUL25-140000-C,118798.16,buy,0.1,0.1,,,,,1752226657.216
2086,375225851,1752226737286,1,0.0012,0.00110926,44.66,BTC-25JUL25-140000-C,118747.05,sell,0.9,0.9,,,,,1752226737.286
2087,375226780,1752226937430,1,0.0012,0.00106315,44.86,BTC-25JUL25-140000-C,118623.36,buy,2.0,2.0,,,,,1752226937.43
2088,375226804,1752226955744,1,0.0012,0.00106395,44.85,BTC-25JUL25-140000-C,118625.71,sell,8.0,8.0,,,,,1752226955.744
2089,375239239,1752232184568,2,0.0006,0.0007471,41.35,BTC-25JUL25-140000-C,118019.04,sell,0.1,0.1,,,,,1752232184.568
2090,375286595,1752245529764,3,0.0006,0.00065031,42.06,BTC-25JUL25-140000-C,117809.54,buy,0.1,0.1,,,,,1752245529.764
2091,375298567,1752247918358,3,0.0006,0.00055772,42.6,BTC-25JUL25-140000-C,117510.25,buy,2.1,2.1,,,,,1752247918.358
2092,375302503,1752248246370,3,0.0006,0.0005733,42.67,BTC-25JUL25-140000-C,117488.47,buy,2.0,2.0,,,,,1752248246.37
2093,375302982,1752248292051,3,0.0006,0.00057266,42.7,BTC-25JUL25-140000-C,117457.96,buy,2.2,2.2,,,,,1752248292.051
2094,375303352,1752248325602,3,0.0006,0.00059331,42.44,BTC-25JUL25-140000-C,117586.34,buy,2.1,2.1,,,,,1752248325.602
2095,375304830,1752248417208,3,0.0006,0.00059288,42.51,BTC-25JUL25-140000-C,117553.07,buy,2.1,2.1,,,,,1752248417.208
2096,375305356,1752248529926,3,0.0006,0.0005942,42.5,BTC-25JUL25-140000-C,117557.96,buy,2.4,2.4,,,,,1752248529.926
2097,375341540,1752262771166,3,0.0006,0.00058111,42.17,BTC-25JUL25-140000-C,117933.52,buy,0.4,0.4,,,,,1752262771.166
2098,375369063,1752291574268,3,0.0006,0.00065418,42.96,BTC-25JUL25-140000-C,117782.43,sell,0.1,0.1,,,,,1752291574.268
2099,375399118,1752327306255,3,0.0006,0.00057475,44.11,BTC-25JUL25-140000-C,117465.27,buy,1.3,1.3,,,,,1752327306.255
2100,375399453,1752327685777,3,0.0006,0.00055043,44.25,BTC-25JUL25-140000-C,117401.1,buy,1.0,1.0,,,,,1752327685.777
2101,375399454,1752327698218,3,0.0006,0.00054966,44.27,BTC-25JUL25-140000-C,117392.3,buy,1.6,1.6,,,,,1752327698.218
2102,375399835,1752327998920,3,0.0006,0.00053334,44.42,BTC-25JUL25-140000-C,117323.82,buy,1.0,1.0,,,,,1752327998.92
2103,375399917,1752328054166,3,0.0006,0.00055811,44.12,BTC-25JUL25-140000-C,117464.18,buy,1.0,1.0,,,,,1752328054.166
2104,375400041,1752328227249,3,0.0006,0.00054377,44.25,BTC-25JUL25-140000-C,117414.38,buy,1.6,1.6,,,,,1752328227.249
2105,375400110,1752328389077,3,0.0006,0.00054209,44.23,BTC-25JUL25-140000-C,117427.23,buy,1.0,1.0,,,,,1752328389.077
2106,375410368,1752337466397,0,0.0007,0.00063055,45.58,BTC-25JUL25-140000-C,117346.36,buy,4.0,4.0,,,,,1752337466.397
2110,375410620,1752337779401,1,0.0008,0.00064502,46.56,BTC-25JUL25-140000-C,117321.74,buy,7.0,7.0,,,,,1752337779.401
2108,375410618,1752337779401,1,0.0008,0.00064502,46.56,BTC-25JUL25-140000-C,117321.74,buy,0.2,0.2,,,,,1752337779.401
2107,375410617,1752337779401,0,0.0008,0.00064502,46.56,BTC-25JUL25-140000-C,117321.74,buy,0.3,0.3,,,,,1752337779.401
2109,375410619,1752337779401,1,0.0008,0.00064502,46.56,BTC-25JUL25-140000-C,117321.74,buy,23.7,23.7,,,,,1752337779.401
2111,375410621,1752337779404,1,0.0008,0.00064502,46.56,BTC-25JUL25-140000-C,117321.74,sell,4.8,4.8,,,,,1752337779.404
2112,375412327,1752339995578,1,0.0008,0.00064747,46.66,BTC-25JUL25-140000-C,117293.75,buy,0.2,0.2,,,,,1752339995.578
2113,375412333,1752339998823,1,0.0008,0.0006477,46.66,BTC-25JUL25-140000-C,117294.86,buy,0.2,0.2,,,,,1752339998.823
2114,375412334,1752340001328,1,0.0008,0.00064794,46.66,BTC-25JUL25-140000-C,117294.86,buy,0.2,0.2,,,,,1752340001.328
2115,375412379,1752340110887,1,0.0008,0.00065042,46.61,BTC-25JUL25-140000-C,117324.93,buy,0.3,0.3,,,,,1752340110.887
2116,375436618,1752392709805,2,0.0007,0.00074814,45.59,BTC-25JUL25-140000-C,118002.73,sell,1.0,1.0,,,,,1752392709.805
2117,375436636,1752392738199,3,0.0007,0.00074915,45.6,BTC-25JUL25-140000-C,118002.75,sell,1.0,1.0,,,,,1752392738.199
2118,375468007,1752412055664,0,0.0012,0.00116463,49.39,BTC-25JUL25-140000-C,118373.17,sell,23.5,23.5,,,,,1752412055.664
2119,375468822,1752412620574,1,0.0012,0.0012544,49.61,BTC-25JUL25-140000-C,118273.82,sell,1.0,1.0,,,,,1752412620.574
2120,375469688,1752413707140,0,0.0013,0.00136468,49.72,BTC-25JUL25-140000-C,118580.65,sell,5.6,5.6,,,,,1752413707.14
2121,375470034,1752413903777,1,0.0013,0.0013451,49.91,BTC-25JUL25-140000-C,118493.01,sell,1.0,1.0,,,,,1752413903.777
2122,375470037,1752413916748,1,0.0013,0.00136387,49.79,BTC-25JUL25-140000-C,118539.35,sell,1.1,1.1,,,,,1752413916.748
2123,375470224,1752414103531,1,0.0013,0.00139629,49.61,BTC-25JUL25-140000-C,118627.64,sell,1.3,1.3,,,,,1752414103.531
2124,375470225,1752414111842,1,0.0013,0.00139919,49.59,BTC-25JUL25-140000-C,118635.62,sell,1.0,1.0,,,,,1752414111.842
2125,375483649,1752417803326,1,0.0013,0.00137511,49.14,BTC-25JUL25-140000-C,118940.66,sell,1.1,1.1,,,,,1752417803.326
2126,375488834,1752421026166,2,0.001,0.00109228,47.32,BTC-25JUL25-140000-C,118798.79,sell,1.0,1.0,,,,,1752421026.166
2127,375489111,1752421177245,3,0.001,0.00105633,47.6,BTC-25JUL25-140000-C,118667.08,sell,1.2,1.2,,,,,1752421177.245
2128,375498141,1752423998313,0,0.0012,0.00102699,48.58,BTC-25JUL25-140000-C,118928.72,buy,1.0,1.0,,,,,1752423998.313
2129,375499402,1752424689405,2,0.0009,0.00102561,46.37,BTC-25JUL25-140000-C,118883.32,sell,0.1,0.1,,,,,1752424689.405
2130,375514875,1752433684190,0,0.0011,0.00109373,47.82,BTC-25JUL25-140000-C,119033.75,sell,1.1,1.1,,,,,1752433684.19
2131,375515022,1752433764537,1,0.0011,0.00109993,47.8,BTC-25JUL25-140000-C,119044.38,sell,1.1,1.1,,,,,1752433764.537
2132,375520204,1752435167660,0,0.0013,0.00133545,48.33,BTC-25JUL25-140000-C,119463.81,sell,1.0,1.0,,,,,1752435167.66
2133,375520205,1752435170768,1,0.0013,0.00133993,48.33,BTC-25JUL25-140000-C,119460.47,sell,1.1,1.1,,,,,1752435170.768
2134,375520314,1752435200725,1,0.0013,0.00132626,48.45,BTC-25JUL25-140000-C,119412.03,sell,1.2,1.2,,,,,1752435200.725
2135,375520593,1752435284185,2,0.0012,0.00129446,48.03,BTC-25JUL25-140000-C,119292.53,sell,1.0,1.0,,,,,1752435284.185
2136,375520637,1752435293887,3,0.0012,0.00127534,48.14,BTC-25JUL25-140000-C,119218.32,sell,1.0,1.0,,,,,1752435293.887
2137,375521360,1752435495608,3,0.0012,0.00127276,48.18,BTC-25JUL25-140000-C,119214.96,sell,1.0,1.0,,,,,1752435495.608
2138,375523523,1752436683281,3,0.0012,0.00124915,48.43,BTC-25JUL25-140000-C,119107.93,sell,1.0,1.0,,,,,1752436683.281
2139,375523528,1752436697630,3,0.0012,0.00125118,48.42,BTC-25JUL25-140000-C,119112.21,sell,1.0,1.0,,,,,1752436697.63
2140,375539017,1752442528006,2,0.0011,0.00098667,48.29,BTC-25JUL25-140000-C,118867.98,buy,0.1,0.1,,,,,1752442528.006
2141,375586355,1752456431711,2,0.001,0.00093508,47.83,BTC-25JUL25-140000-C,118999.12,sell,0.1,0.1,,,,,1752456431.711
2143,375592367,1752460074854,3,0.001,0.00112296,46.02,BTC-25JUL25-140000-C,119908.66,sell,2.4,2.4,,,,,1752460074.854
2142,375592366,1752460074854,3,0.001,0.00112296,46.02,BTC-25JUL25-140000-C,119908.66,sell,13.0,13.0,,,,,1752460074.854
2144,375592368,1752460074854,3,0.001,0.00112296,46.02,BTC-25JUL25-140000-C,119908.66,sell,23.5,23.5,,,,,1752460074.854
2147,375592579,1752460090097,3,0.001,0.0011175,46.07,BTC-25JUL25-140000-C,119880.08,sell,13.0,13.0,,,,,1752460090.097
2145,375592577,1752460090097,3,0.001,0.0011175,46.07,BTC-25JUL25-140000-C,119880.08,sell,1.0,1.0,,,,,1752460090.097
2146,375592578,1752460090097,3,0.001,0.0011175,46.07,BTC-25JUL25-140000-C,119880.08,sell,2.4,2.4,,,,,1752460090.097
2148,375604725,1752464549616,0,0.0012,0.00121554,46.25,BTC-25JUL25-140000-C,120455.27,buy,10.0,10.0,,,,,1752464549.616
2149,375617032,1752464848722,0,0.0015,0.00140096,47.1,BTC-25JUL25-140000-C,120879.82,sell,2.0,2.0,,,,,1752464848.722
2150,375631909,1752467358867,0,0.0016,0.00158166,47.63,BTC-25JUL25-140000-C,121011.18,buy,0.1,0.1,,,,,1752467358.867
2151,375637548,1752468197138,0,0.0018,0.00166433,48.38,BTC-25JUL25-140000-C,121185.66,buy,0.1,0.1,,,,,1752468197.138
2152,375637582,1752468203707,1,0.0018,0.00167701,48.32,BTC-25JUL25-140000-C,121211.42,buy,0.2,0.2,,,,,1752468203.707
2153,375661097,1752470786639,0,0.002,0.00203921,46.64,BTC-25JUL25-140000-C,122409.59,buy,0.5,0.5,,,,,1752470786.639
2154,375661545,1752470835147,1,0.002,0.00207144,46.44,BTC-25JUL25-140000-C,122499.41,buy,1.0,1.0,,,,,1752470835.147
2155,375674968,1752472702113,0,0.0021,0.00204249,46.96,BTC-25JUL25-140000-C,122507.35,buy,0.1,0.1,,,,,1752472702.113
2156,375680991,1752474130095,2,0.0019,0.00198815,46.45,BTC-25JUL25-140000-C,122350.96,buy,0.1,0.1,,,,,1752474130.095
2157,375683544,1752475228777,0,0.0021,0.00194753,47.63,BTC-25JUL25-140000-C,122248.42,buy,0.1,0.1,,,,,1752475228.777
2158,375686076,1752476039412,2,0.0019,0.00194779,47.01,BTC-25JUL25-140000-C,122118.15,sell,2.0,2.0,,,,,1752476039.412
2159,375690643,1752477722265,0,0.002,0.00205276,46.9,BTC-25JUL25-140000-C,122382.44,sell,5.0,5.0,,,,,1752477722.265
2160,375690649,1752477725285,1,0.002,0.0020533,46.9,BTC-25JUL25-140000-C,122386.03,sell,5.0,5.0,,,,,1752477725.285
2161,375695318,1752478606705,0,0.0021,0.00214115,46.5,BTC-25JUL25-140000-C,122779.37,buy,1.8,1.8,,,,,1752478606.705
2162,375695319,1752478606705,1,0.0021,0.00214115,46.5,BTC-25JUL25-140000-C,122779.37,buy,0.1,0.1,,,,,1752478606.705
2163,375703750,1752479815677,1,0.0021,0.00218402,46.52,BTC-25JUL25-140000-C,122794.9,sell,1.0,1.0,,,,,1752479815.677
2164,375708593,1752480701918,2,0.0018,0.00192472,46.2,BTC-25JUL25-140000-C,122364.89,sell,2.2,2.2,,,,,1752480701.918
2165,375716349,1752481943185,2,0.0017,0.0017975,45.22,BTC-25JUL25-140000-C,122590.42,buy,0.1,0.1,,,,,1752481943.185
2166,375716352,1752481953977,2,0.0016,0.00180133,44.64,BTC-25JUL25-140000-C,122606.67,sell,1.2,1.2,,,,,1752481953.977
2168,375719782,1752483478079,1,0.0019,0.00177542,46.29,BTC-25JUL25-140000-C,122587.97,buy,0.7,0.7,,,,,1752483478.079
2167,375719781,1752483478079,0,0.0019,0.00177542,46.29,BTC-25JUL25-140000-C,122587.97,buy,0.3,0.3,,,,,1752483478.079
2169,375721371,1752484268081,2,0.0017,0.00173695,45.67,BTC-25JUL25-140000-C,122421.28,sell,2.2,2.2,,,,,1752484268.081
2170,375721387,1752484291873,2,0.0016,0.00173637,45.13,BTC-25JUL25-140000-C,122418.86,sell,9.0,9.0,,,,,1752484291.873
2171,375724984,1752485407477,2,0.0015,0.00157395,45.58,BTC-25JUL25-140000-C,121992.35,sell,1.0,1.0,,,,,1752485407.477
2172,375728587,1752486397408,0,0.0016,0.00160019,46.13,BTC-25JUL25-140000-C,122005.07,buy,0.1,0.1,,,,,1752486397.408
2173,375728719,1752486428330,1,0.0016,0.00162001,46.0,BTC-25JUL25-140000-C,122071.64,buy,0.1,0.1,,,,,1752486428.33
2174,375728730,1752486428641,1,0.0016,0.00162001,46.0,BTC-25JUL25-140000-C,122071.64,buy,0.1,0.1,,,,,1752486428.641
2175,375732460,1752487682724,2,0.0015,0.00155454,46.23,BTC-25JUL25-140000-C,121708.77,sell,0.1,0.1,,,,,1752487682.724
2176,375761459,1752497261785,0,0.0018,0.00147993,47.83,BTC-25JUL25-140000-C,121868.96,buy,0.1,0.1,,,375761457,BTC-ICOND-25JUL25-110000_114000_135000_140000,1752497261.785
2177,375794409,1752503976548,2,0.0014,0.00144097,48.12,BTC-25JUL25-140000-C,120870.89,sell,13.0,13.0,,,,,1752503976.548
2178,375794410,1752503977629,3,0.0014,0.00144161,48.09,BTC-25JUL25-140000-C,120871.25,buy,0.1,0.1,,,,,1752503977.629
2179,375794432,1752503981627,3,0.0014,0.00145508,48.08,BTC-25JUL25-140000-C,120871.67,buy,0.1,0.1,,,,,1752503981.627
2181,375802935,1752504607795,3,0.0012,0.00129378,47.16,BTC-25JUL25-140000-C,120680.37,sell,1.0,1.0,,,,,1752504607.795
2180,375802934,1752504607795,2,0.0012,0.00129378,47.16,BTC-25JUL25-140000-C,120680.37,sell,13.0,13.0,,,,,1752504607.795
2182,375805283,1752504744717,0,0.0014,0.00133873,48.17,BTC-25JUL25-140000-C,120846.63,buy,0.1,0.1,,,,,1752504744.717
2183,375805284,1752504745011,1,0.0014,0.00133789,48.11,BTC-25JUL25-140000-C,120855.97,buy,0.1,0.1,,,,,1752504745.011
2184,375805291,1752504745476,1,0.0014,0.00133789,48.11,BTC-25JUL25-140000-C,120855.97,buy,0.7,0.7,,,,,1752504745.476
2185,375805293,1752504745544,1,0.0014,0.00133789,48.11,BTC-25JUL25-140000-C,120855.97,buy,0.1,0.1,,,,,1752504745.544
2186,375805604,1752504771047,1,0.0014,0.00134539,48.11,BTC-25JUL25-140000-C,120859.72,buy,0.3,0.3,,,,,1752504771.047
2187,375807106,1752505151128,2,0.0013,0.00138185,46.81,BTC-25JUL25-140000-C,121166.08,buy,0.1,0.1,,,,,1752505151.128
2188,375809552,1752505610207,0,0.0014,0.00130963,48.4,BTC-25JUL25-140000-C,120747.35,buy,0.5,0.5,,,,,1752505610.207
2189,375820357,1752507446634,2,0.0011,0.00119634,47.43,BTC-25JUL25-140000-C,120232.9,sell,0.1,0.1,,,,,1752507446.634
2190,375822453,1752507906918,2,0.001,0.00115369,46.89,BTC-25JUL25-140000-C,120123.15,sell,0.1,0.1,,,,,1752507906.918
2191,375835145,1752509989628,2,0.0009,0.00103312,47.67,BTC-25JUL25-140000-C,119314.08,sell,0.1,0.1,,,,,1752509989.628
2192,375852586,1752516920497,0,0.0012,0.00105685,49.18,BTC-25JUL25-140000-C,119805.93,buy,0.3,0.3,,,,,1752516920.497
2193,375862805,1752522225193,2,0.001,0.00099759,47.9,BTC-25JUL25-140000-C,119767.47,sell,0.1,0.1,,,,,1752522225.193
2194,375862806,1752522225193,3,0.001,0.00099759,47.9,BTC-25JUL25-140000-C,119767.47,sell,1.0,1.0,,,,,1752522225.193
2195,375874486,1752533190707,3,0.001,0.00094648,47.31,BTC-25JUL25-140000-C,120164.75,sell,0.1,0.1,,,,,1752533190.707
2196,375876121,1752536871608,2,0.0009,0.00098426,47.24,BTC-25JUL25-140000-C,119863.02,sell,2.0,2.0,,,,,1752536871.608
2197,375878349,1752538816080,0,0.0011,0.00095075,49.42,BTC-25JUL25-140000-C,119655.97,buy,1.0,1.0,,,,,1752538816.08
2198,375883409,1752540482954,1,0.0011,0.00086122,50.2,BTC-25JUL25-140000-C,119352.71,buy,2.0,2.0,,,,,1752540482.954
2199,375893309,1752542551567,2,0.0008,0.00086027,48.6,BTC-25JUL25-140000-C,118854.25,sell,0.2,0.2,,,,,1752542551.567
2200,375905095,1752546051850,2,0.0007,0.00073991,49.53,BTC-25JUL25-140000-C,117993.08,sell,1.0,1.0,,,,,1752546051.85
2201,375950399,1752556431134,0,0.0008,0.00081377,51.5,BTC-25JUL25-140000-C,117677.1,sell,0.1,0.1,,,,,1752556431.134
2202,375950402,1752556433711,1,0.0008,0.00081392,51.5,BTC-25JUL25-140000-C,117677.05,sell,0.1,0.1,,,,,1752556433.711
2203,375950407,1752556436727,1,0.0008,0.00081382,51.51,BTC-25JUL25-140000-C,117676.15,sell,0.1,0.1,,,,,1752556436.727
2204,375950409,1752556440799,1,0.0008,0.00081389,51.51,BTC-25JUL25-140000-C,117673.12,sell,0.1,0.1,,,,,1752556440.799
2205,375950411,1752556443782,1,0.0008,0.00081306,51.52,BTC-25JUL25-140000-C,117671.42,sell,0.3,0.3,,,,,1752556443.782
2206,375950412,1752556454448,1,0.0008,0.00081353,51.52,BTC-25JUL25-140000-C,117672.05,sell,0.1,0.1,,,,,1752556454.448
2207,375961501,1752562020539,2,0.0006,0.00065618,50.93,BTC-25JUL25-140000-C,116973.46,sell,1.0,1.0,,,,,1752562020.539
2208,375962331,1752562719329,0,0.0007,0.00060852,51.95,BTC-25JUL25-140000-C,117055.6,sell,0.1,0.1,,,375962329,BTC-CS-25JUL25-130000_140000,1752562719.329
2209,375962334,1752562719371,1,0.0007,0.00060852,51.95,BTC-25JUL25-140000-C,117055.6,buy,0.2,0.2,,,375962332,BTC-CS-25JUL25-130000_140000,1752562719.371
2210,375962339,1752562722315,1,0.0007,0.00060845,51.95,BTC-25JUL25-140000-C,117055.4,buy,9.7,9.7,,,375962337,BTC-CS-25JUL25-130000_140000,1752562722.315
2211,375963059,1752563167090,2,0.0006,0.00057646,51.01,BTC-25JUL25-140000-C,116956.79,sell,2.9,2.9,,,,,1752563167.09
2212,375980125,1752568332305,3,0.0006,0.00056066,51.51,BTC-25JUL25-140000-C,116806.04,sell,44.5,44.5,,,,,1752568332.305
2213,375986144,1752570975420,2,0.0005,0.00052141,49.53,BTC-25JUL25-140000-C,117190.19,sell,0.1,0.1,,,,,1752570975.42
2214,375986145,1752570975423,3,0.0005,0.00052141,49.53,BTC-25JUL25-140000-C,117190.19,buy,0.1,0.1,,,,,1752570975.423
2215,375986239,1752571006162,2,0.0004,0.00050985,48.11,BTC-25JUL25-140000-C,117146.94,buy,0.1,0.1,,,,,1752571006.162
2216,375986240,1752571006189,3,0.0004,0.00050985,48.11,BTC-25JUL25-140000-C,117146.94,buy,1.4,1.4,,,,,1752571006.189
2217,375986241,1752571006302,3,0.0004,0.00050985,48.11,BTC-25JUL25-140000-C,117146.94,buy,4.8,4.8,,,,,1752571006.302
2218,375986242,1752571007752,3,0.0004,0.00050955,48.12,BTC-25JUL25-140000-C,117134.29,buy,9.3,9.3,,,,,1752571007.752
2219,375986521,1752571154543,3,0.0004,0.0004792,48.3,BTC-25JUL25-140000-C,117044.9,buy,0.1,0.1,,,,,1752571154.543
2220,375986524,1752571154860,3,0.0004,0.0004756,48.3,BTC-25JUL25-140000-C,117045.59,buy,0.1,0.1,,,,,1752571154.86
2221,375986525,1752571155082,3,0.0004,0.0004756,48.3,BTC-25JUL25-140000-C,117045.59,buy,0.1,0.1,,,,,1752571155.082
2222,375986532,1752571158175,3,0.0004,0.00047532,48.31,BTC-25JUL25-140000-C,117038.58,buy,0.1,0.1,,,,,1752571158.175
2223,375986625,1752571193125,3,0.0004,0.00046108,48.37,BTC-25JUL25-140000-C,117013.35,buy,2.2,2.2,,,,,1752571193.125
2224,375986626,1752571194128,3,0.0004,0.00046081,48.37,BTC-25JUL25-140000-C,117013.01,buy,2.2,2.2,,,,,1752571194.128
2225,375986628,1752571194848,3,0.0004,0.00046047,48.37,BTC-25JUL25-140000-C,117012.86,buy,2.2,2.2,,,,,1752571194.848
2226,375986630,1752571194858,3,0.0004,0.00046047,48.37,BTC-25JUL25-140000-C,117012.86,buy,2.2,2.2,,,,,1752571194.858
2227,376008794,1752582690252,3,0.0004,0.00040359,48.08,BTC-25JUL25-140000-C,117310.57,buy,4.0,4.0,,,,,1752582690.252
2228,376008862,1752582700686,3,0.0004,0.00040479,47.99,BTC-25JUL25-140000-C,117343.21,buy,3.0,3.0,,,,,1752582700.686
2229,376008949,1752582715256,3,0.0004,0.00040532,47.9,BTC-25JUL25-140000-C,117397.0,buy,5.0,5.0,,,,,1752582715.256
2230,376015373,1752584842350,0,0.0005,0.00044886,48.64,BTC-25JUL25-140000-C,117803.38,buy,2.0,2.0,,,,,1752584842.35
2231,376015431,1752584849649,1,0.0005,0.00044909,48.63,BTC-25JUL25-140000-C,117805.2,buy,2.0,2.0,,,,,1752584849.649
2232,376036110,1752588622905,0,0.0006,0.00056791,48.73,BTC-25JUL25-140000-C,118335.42,buy,4.9,4.9,,,,,1752588622.905
2233,376036773,1752588757602,1,0.0006,0.00056487,48.74,BTC-25JUL25-140000-C,118347.67,buy,4.9,4.9,,,,,1752588757.602
2234,376082956,1752600915455,2,0.0005,0.00046388,50.33,BTC-25JUL25-140000-C,117190.92,sell,0.1,0.1,,,,,1752600915.455
2235,376084862,1752602459269,3,0.0005,0.00044284,50.1,BTC-25JUL25-140000-C,117327.9,buy,0.9,0.9,,,,,1752602459.269
2236,376084863,1752602459269,3,0.0005,0.00044284,50.1,BTC-25JUL25-140000-C,117327.9,buy,2.1,2.1,,,,,1752602459.269
2237,376084871,1752602461808,3,0.0005,0.00044258,50.1,BTC-25JUL25-140000-C,117327.91,buy,2.1,2.1,,,,,1752602461.808
2238,376084873,1752602462504,3,0.0005,0.00044257,50.1,BTC-25JUL25-140000-C,117327.93,sell,0.1,0.1,,,,,1752602462.504
2239,376084945,1752602464656,3,0.0005,0.00044263,50.11,BTC-25JUL25-140000-C,117322.14,buy,12.8,12.8,,,,,1752602464.656
2240,376084990,1752602479213,3,0.0005,0.00044067,50.16,BTC-25JUL25-140000-C,117305.26,buy,2.0,2.0,,,,,1752602479.213
2241,376085008,1752602508301,3,0.0005,0.0004434,50.16,BTC-25JUL25-140000-C,117301.59,buy,2.2,2.2,,,,,1752602508.301
2242,376085012,1752602520675,3,0.0005,0.00044511,50.16,BTC-25JUL25-140000-C,117299.72,buy,2.2,2.2,,,,,1752602520.675
2243,376085026,1752602535070,3,0.0005,0.0004455,50.16,BTC-25JUL25-140000-C,117297.61,buy,2.0,2.0,,,,,1752602535.07
2244,376085039,1752602547457,3,0.0005,0.00044747,50.15,BTC-25JUL25-140000-C,117300.7,buy,2.4,2.4,,,,,1752602547.457
2245,376085140,1752602583280,3,0.0005,0.00045068,50.15,BTC-25JUL25-140000-C,117300.56,buy,2.2,2.2,,,,,1752602583.28
2246,376085229,1752602636294,3,0.0005,0.00045695,50.12,BTC-25JUL25-140000-C,117305.89,buy,2.1,2.1,,,,,1752602636.294
2247,376113697,1752609217946,3,0.0005,0.00041965,52.18,BTC-25JUL25-140000-C,116449.63,sell,0.1,0.1,,,,,1752609217.946
2248,376114122,1752609406321,3,0.0005,0.00045566,51.96,BTC-25JUL25-140000-C,116552.27,buy,2.0,2.0,,,,,1752609406.321
2250,376130280,1752617669244,1,0.0006,0.00050732,51.67,BTC-25JUL25-140000-C,117483.4,buy,1.2,1.2,,,,,1752617669.244
2249,376130279,1752617669244,0,0.0006,0.00050732,51.67,BTC-25JUL25-140000-C,117483.4,buy,3.1,3.1,,,,,1752617669.244
2251,376130281,1752617669246,1,0.0006,0.00050732,51.67,BTC-25JUL25-140000-C,117483.4,sell,0.4,0.4,,,,,1752617669.246
2252,376138224,1752625482160,0,0.0007,0.00060472,52.83,BTC-25JUL25-140000-C,117645.36,buy,0.2,0.2,,,,,1752625482.16
2253,376143055,1752628901988,2,0.0006,0.00054869,51.37,BTC-25JUL25-140000-C,117813.55,sell,0.3,0.3,,,,,1752628901.988
2254,376179821,1752655648585,2,0.0005,0.00048512,48.8,BTC-25JUL25-140000-C,118710.79,sell,0.1,0.1,,,,,1752655648.585
2255,376182519,1752657292395,3,0.0005,0.00052144,48.27,BTC-25JUL25-140000-C,119006.02,sell,0.1,0.1,,,,,1752657292.395
2256,376188539,1752660587497,0,0.0006,0.00055459,49.27,BTC-25JUL25-140000-C,119191.48,buy,2.5,2.5,,,,,1752660587.497
2257,376194305,1752666488983,0,0.0007,0.00056693,51.28,BTC-25JUL25-140000-C,118921.13,buy,0.1,0.1,,,,,1752666488.983
2258,376213172,1752675870936,2,0.0005,0.0004919,50.2,BTC-25JUL25-140000-C,118405.84,sell,0.1,0.1,,,,,1752675870.936
2259,376217910,1752677732636,3,0.0005,0.00051031,48.97,BTC-25JUL25-140000-C,118972.43,buy,2.1,2.1,,,,,1752677732.636
2260,376218182,1752677792872,3,0.0005,0.00053975,48.56,BTC-25JUL25-140000-C,119151.17,buy,2.8,2.8,,,,,1752677792.872
2261,376218313,1752677813239,3,0.0005,0.00054902,48.45,BTC-25JUL25-140000-C,119204.15,buy,2.1,2.1,,,,,1752677813.239
2263,376220408,1752678189313,3,0.0005,0.00053935,48.47,BTC-25JUL25-140000-C,119213.64,sell,0.2,0.2,,,,,1752678189.313
2262,376220407,1752678189313,3,0.0005,0.00053935,48.47,BTC-25JUL25-140000-C,119213.64,sell,0.1,0.1,,,,,1752678189.313
2264,376240760,1752680303419,0,0.0007,0.00071184,52.56,BTC-25JUL25-140000-C,118500.52,sell,7.9,7.9,,,,,1752680303.419
2265,376240799,1752680311764,1,0.0007,0.00071309,52.5,BTC-25JUL25-140000-C,118533.44,sell,0.1,0.1,,,,,1752680311.764
2266,376258585,1752686488908,2,0.0006,0.00061795,49.4,BTC-25JUL25-140000-C,119493.39,buy,1.0,1.0,,,,,1752686488.908
2267,376261470,1752687788514,0,0.0007,0.00062293,50.83,BTC-25JUL25-140000-C,119404.88,sell,0.1,0.1,,,,,1752687788.514
2268,376266232,1752691320233,1,0.0007,0.00066346,50.27,BTC-25JUL25-140000-C,119727.14,buy,2.4,2.4,,,,,1752691320.233
2269,376268461,1752691840699,0,0.0008,0.00068925,51.16,BTC-25JUL25-140000-C,119810.68,buy,1.0,1.0,,,,,1752691840.699
2270,376304367,1752714892695,2,0.0005,0.0005061,49.88,BTC-25JUL25-140000-C,119084.72,sell,0.1,0.1,,,,,1752714892.695
2271,376318497,1752721374623,2,0.0004,0.00038633,50.31,BTC-25JUL25-140000-C,118281.51,sell,0.1,0.1,,,,,1752721374.623
2272,376318498,1752721374639,3,0.0004,0.00038633,50.31,BTC-25JUL25-140000-C,118281.51,buy,0.9,0.9,,,,,1752721374.639
2273,376318509,1752721398934,3,0.0004,0.00038508,50.33,BTC-25JUL25-140000-C,118270.16,buy,2.0,2.0,,,,,1752721398.934
2276,376326515,1752731489117,1,0.0005,0.00040647,51.5,BTC-25JUL25-140000-C,118661.27,buy,14.5,14.5,,,,,1752731489.117
2274,376326513,1752731489117,0,0.0005,0.00040647,51.5,BTC-25JUL25-140000-C,118661.27,buy,4.9,4.9,,,,,1752731489.117
2275,376326514,1752731489117,1,0.0005,0.00040647,51.5,BTC-25JUL25-140000-C,118661.27,buy,0.1,0.1,,,,,1752731489.117
2277,376327339,1752731874266,0,0.0006,0.00055528,52.95,BTC-25JUL25-140000-C,118656.61,sell,4.0,4.0,,,,,1752731874.266
2278,376328107,1752732501398,1,0.0006,0.0006007,52.66,BTC-25JUL25-140000-C,118789.89,sell,0.1,0.1,,,,,1752732501.398
2279,376328378,1752732801421,1,0.0006,0.00057173,53.13,BTC-25JUL25-140000-C,118597.16,sell,0.1,0.1,,,,,1752732801.421
2280,376328656,1752733101444,1,0.0006,0.00056968,53.37,BTC-25JUL25-140000-C,118485.63,sell,0.1,0.1,,,,,1752733101.444
2281,376328965,1752733401463,1,0.0006,0.00059751,53.12,BTC-25JUL25-140000-C,118606.68,sell,0.1,0.1,,,,,1752733401.463
2282,376329766,1752733806304,1,0.0006,0.00057157,52.93,BTC-25JUL25-140000-C,118698.53,sell,0.1,0.1,,,,,1752733806.304
2283,376330158,1752734106620,1,0.0006,0.00056468,53.19,BTC-25JUL25-140000-C,118581.81,sell,0.1,0.1,,,,,1752734106.62
2284,376330523,1752734406669,1,0.0006,0.00056819,53.46,BTC-25JUL25-140000-C,118473.27,sell,0.1,0.1,,,,,1752734406.669
2285,376330775,1752734706691,1,0.0006,0.00058526,53.43,BTC-25JUL25-140000-C,118483.12,sell,0.1,0.1,,,,,1752734706.691
2286,376331147,1752735006719,1,0.0006,0.00058785,53.41,BTC-25JUL25-140000-C,118491.59,sell,0.1,0.1,,,,,1752735006.719
2287,376331259,1752735404815,1,0.0006,0.00058702,53.5,BTC-25JUL25-140000-C,118475.56,sell,0.1,0.1,,,,,1752735404.815
2288,376331903,1752735704869,1,0.0006,0.00056809,53.86,BTC-25JUL25-140000-C,118323.81,sell,0.1,0.1,,,,,1752735704.869
2289,376333741,1752736870537,2,0.0005,0.00049456,53.27,BTC-25JUL25-140000-C,117976.91,sell,0.1,0.1,,,,,1752736870.537
2290,376334525,1752737377685,3,0.0005,0.00050156,53.27,BTC-25JUL25-140000-C,117987.39,sell,0.1,0.1,,,,,1752737377.685
2291,376352801,1752746809666,3,0.0005,0.00046363,52.16,BTC-25JUL25-140000-C,118655.06,sell,0.1,0.1,,,,,1752746809.666
2292,376354497,1752748557450,3,0.0005,0.00048322,52.52,BTC-25JUL25-140000-C,118524.45,sell,0.1,0.1,,,,,1752748557.45
2293,376355882,1752749450057,3,0.0005,0.00048044,53.0,BTC-25JUL25-140000-C,118329.28,sell,0.1,0.1,,,,,1752749450.057
2294,376356096,1752749750119,3,0.0005,0.00048925,52.98,BTC-25JUL25-140000-C,118337.13,sell,0.1,0.1,,,,,1752749750.119
2295,376357313,1752750213583,3,0.0005,0.00048049,53.14,BTC-25JUL25-140000-C,118301.72,sell,0.1,0.1,,,,,1752750213.583
2296,376358753,1752750574997,3,0.0005,0.00047043,53.19,BTC-25JUL25-140000-C,118301.95,sell,0.1,0.1,,,,,1752750574.997
2297,376359562,1752751013105,3,0.0005,0.00047598,53.32,BTC-25JUL25-140000-C,118269.54,sell,0.1,0.1,,,,,1752751013.105
2298,376360827,1752752670835,3,0.0005,0.00049175,53.56,BTC-25JUL25-140000-C,118183.22,sell,0.1,0.1,,,,,1752752670.835
2299,376361395,1752753066829,3,0.0005,0.00047064,53.7,BTC-25JUL25-140000-C,118130.57,sell,0.1,0.1,,,,,1752753066.829
2300,376361795,1752753366850,3,0.0005,0.00047883,53.72,BTC-25JUL25-140000-C,118092.54,sell,0.1,0.1,,,,,1752753366.85
2301,376362145,1752753666896,3,0.0005,0.00048068,53.85,BTC-25JUL25-140000-C,118047.03,sell,0.1,0.1,,,,,1752753666.896
2302,376362674,1752753975514,3,0.0005,0.00046466,54.06,BTC-25JUL25-140000-C,117969.87,sell,0.1,0.1,,,,,1752753975.514
2303,376363462,1752754275558,3,0.0005,0.00047451,54.2,BTC-25JUL25-140000-C,117898.83,sell,0.1,0.1,,,,,1752754275.558
2304,376371150,1752757202537,2,0.0004,0.00041747,52.64,BTC-25JUL25-140000-C,117899.83,sell,0.1,0.1,,,,,1752757202.537
2305,376372077,1752757775368,3,0.0004,0.00039687,52.89,BTC-25JUL25-140000-C,117803.18,sell,0.1,0.1,,,,,1752757775.368
2306,376374534,1752759183115,3,0.0004,0.000434,53.21,BTC-25JUL25-140000-C,117699.12,sell,2.3,2.3,,,,,1752759183.115
2307,376382568,1752761087046,3,0.0004,0.0004625,51.65,BTC-25JUL25-140000-C,118455.71,sell,0.1,0.1,,,,,1752761087.046
2308,376382569,1752761087046,3,0.0004,0.0004625,51.65,BTC-25JUL25-140000-C,118455.71,sell,4.0,4.0,,,,,1752761087.046
2309,376384342,1752761546837,3,0.0004,0.00036166,51.99,BTC-25JUL25-140000-C,118330.77,sell,0.1,0.1,,,,,1752761546.837
2310,376388117,1752762926357,3,0.0004,0.00036486,50.84,BTC-25JUL25-140000-C,118837.12,buy,10.4,10.4,,,,,1752762926.357
2311,376391943,1752765384918,3,0.0004,0.00037939,51.65,BTC-25JUL25-140000-C,118490.25,sell,4.9,4.9,,,,,1752765384.918
2312,376397739,1752767390498,3,0.0004,0.00038154,50.64,BTC-25JUL25-140000-C,118970.45,sell,2.2,2.2,,,,,1752767390.498
2313,376397935,1752767453046,3,0.0004,0.00037789,50.75,BTC-25JUL25-140000-C,118926.05,sell,2.1,2.1,,,,,1752767453.046
2314,376398040,1752767494808,3,0.0004,0.00037598,50.82,BTC-25JUL25-140000-C,118894.15,sell,2.3,2.3,,,,,1752767494.808
2315,376398398,1752767513499,3,0.0004,0.00036823,50.95,BTC-25JUL25-140000-C,118840.66,sell,2.1,2.1,,,,,1752767513.499
2316,376403466,1752770900884,3,0.0004,0.00038071,51.86,BTC-25JUL25-140000-C,118481.33,sell,2.1,2.1,,,,,1752770900.884
2317,376403467,1752770913501,3,0.0004,0.00038216,51.87,BTC-25JUL25-140000-C,118477.94,sell,2.1,2.1,,,,,1752770913.501
2318,376403481,1752770939829,3,0.0004,0.00038711,51.77,BTC-25JUL25-140000-C,118514.68,sell,2.1,2.1,,,,,1752770939.829
2319,376403729,1752771335803,3,0.0004,0.00038142,51.92,BTC-25JUL25-140000-C,118455.21,sell,2.5,2.5,,,,,1752771335.803
2320,376405518,1752772920760,3,0.0004,0.00039269,51.22,BTC-25JUL25-140000-C,118787.76,sell,2.2,2.2,,,,,1752772920.76
2321,376405975,1752773292295,3,0.0004,0.00038135,51.44,BTC-25JUL25-140000-C,118707.76,sell,2.2,2.2,,,,,1752773292.295
2322,376405989,1752773302831,3,0.0004,0.00038304,51.42,BTC-25JUL25-140000-C,118719.86,sell,2.1,2.1,,,,,1752773302.831
2323,376405993,1752773317438,3,0.0004,0.00038343,51.42,BTC-25JUL25-140000-C,118721.81,sell,2.1,2.1,,,,,1752773317.438
2324,376407414,1752774399997,2,0.0003,0.00039007,49.56,BTC-25JUL25-140000-C,118713.07,sell,2.0,2.0,,,,,1752774399.997
2326,376411542,1752775472042,1,0.0004,0.00036314,50.05,BTC-25JUL25-140000-C,119374.23,buy,2.0,2.0,,,,,1752775472.042
2325,376411541,1752775472042,0,0.0004,0.00036314,50.05,BTC-25JUL25-140000-C,119374.23,buy,1.0,1.0,,,,,1752775472.042
2327,376411543,1752775472045,1,0.0004,0.00036314,50.05,BTC-25JUL25-140000-C,119374.23,sell,1.0,1.0,,,,,1752775472.045
2328,376411680,1752775495856,1,0.0004,0.0003683,49.94,BTC-25JUL25-140000-C,119419.35,buy,4.0,4.0,,,,,1752775495.856
2329,376417019,1752778355824,1,0.0004,0.00040384,49.56,BTC-25JUL25-140000-C,119639.75,sell,0.1,0.1,,,,,1752778355.824
2331,376419553,1752780253147,1,0.0004,0.00040446,49.51,BTC-25JUL25-140000-C,119720.43,sell,2.2,2.2,,,,,1752780253.147
2330,376419552,1752780253147,1,0.0004,0.00040446,49.51,BTC-25JUL25-140000-C,119720.43,sell,0.1,0.1,,,,,1752780253.147
2332,376419556,1752780253169,1,0.0004,0.00040446,49.51,BTC-25JUL25-140000-C,119720.43,sell,2.2,2.2,,,,,1752780253.169
2333,376420117,1752780753166,0,0.0006,0.00042108,52.62,BTC-25JUL25-140000-C,119686.94,buy,1.0,1.0,,,,,1752780753.166
2334,376423222,1752782101085,2,0.0004,0.0003871,50.8,BTC-25JUL25-140000-C,119187.14,sell,0.1,0.1,,,,,1752782101.085
2335,376423321,1752782136891,3,0.0004,0.00038087,50.91,BTC-25JUL25-140000-C,119141.68,sell,2.0,2.0,,,,,1752782136.891
2336,376424512,1752782401154,3,0.0004,0.00037869,51.14,BTC-25JUL25-140000-C,119018.06,sell,0.1,0.1,,,,,1752782401.154
2337,376428916,1752783452802,3,0.0004,0.00039211,51.44,BTC-25JUL25-140000-C,118895.85,sell,0.1,0.1,,,,,1752783452.802
2338,376443040,1752786847320,3,0.0004,0.00039409,49.06,BTC-25JUL25-140000-C,120075.63,buy,0.3,0.3,,,,,1752786847.32
2339,376449831,1752787432576,0,0.0005,0.00049865,48.52,BTC-25JUL25-140000-C,120922.01,buy,2.5,2.5,,,,,1752787432.576
2340,376449964,1752787442629,1,0.0005,0.00049045,48.54,BTC-25JUL25-140000-C,120917.95,buy,2.1,2.1,,,,,1752787442.629
2341,376450520,1752787473781,1,0.0005,0.00050544,48.34,BTC-25JUL25-140000-C,121000.52,buy,2.0,2.0,,,,,1752787473.781
2342,376450613,1752787477452,1,0.0005,0.00050454,48.34,BTC-25JUL25-140000-C,121002.92,buy,0.1,0.1,,,,,1752787477.452
2343,376450621,1752787477785,1,0.0005,0.00050447,48.34,BTC-25JUL25-140000-C,121003.19,buy,1.9,1.9,,,,,1752787477.785
2344,376450909,1752787500487,1,0.0005,0.00049826,48.42,BTC-25JUL25-140000-C,120978.68,buy,2.2,2.2,,,,,1752787500.487
2345,376457500,1752788638127,0,0.0006,0.00055743,50.7,BTC-25JUL25-140000-C,120589.69,buy,1.5,1.5,,,,,1752788638.127
2346,376461434,1752789882559,0,0.0007,0.00065355,52.37,BTC-25JUL25-140000-C,120421.59,sell,0.1,0.1,,,,,1752789882.559
2347,376462173,1752790271141,2,0.0006,0.00060501,51.7,BTC-25JUL25-140000-C,120206.0,sell,0.1,0.1,,,,,1752790271.141
2348,376462735,1752790478881,0,0.0007,0.00064175,52.3,BTC-25JUL25-140000-C,120466.06,buy,2.6,2.6,,,,,1752790478.881
2349,376463399,1752790649256,1,0.0007,0.00068171,51.57,BTC-25JUL25-140000-C,120749.86,buy,6.7,6.7,,,,,1752790649.256
2350,376463404,1752790653251,1,0.0007,0.00068447,51.54,BTC-25JUL25-140000-C,120753.89,buy,2.5,2.5,,,,,1752790653.251
2351,376463413,1752790657340,1,0.0007,0.00068376,51.57,BTC-25JUL25-140000-C,120746.67,buy,2.1,2.1,,,,,1752790657.34
2352,376463501,1752790669426,1,0.0007,0.00067184,51.74,BTC-25JUL25-140000-C,120682.86,buy,2.4,2.4,,,,,1752790669.426
2353,376463844,1752790768262,2,0.0006,0.00065859,50.54,BTC-25JUL25-140000-C,120672.98,sell,0.1,0.1,,,,,1752790768.262
2354,376464872,1752791068352,3,0.0006,0.00058958,51.58,BTC-25JUL25-140000-C,120249.93,sell,0.1,0.1,,,,,1752791068.352
2355,376464878,1752791075943,3,0.0006,0.00059042,51.57,BTC-25JUL25-140000-C,120255.37,buy,2.1,2.1,,,,,1752791075.943
2356,376464889,1752791087488,3,0.0006,0.00059188,51.55,BTC-25JUL25-140000-C,120262.78,buy,2.2,2.2,,,,,1752791087.488
2357,376464998,1752791147536,3,0.0006,0.00060138,51.44,BTC-25JUL25-140000-C,120310.13,buy,2.0,2.0,,,,,1752791147.536
2358,376465180,1752791245317,2,0.0005,0.0005872,50.24,BTC-25JUL25-140000-C,120237.02,sell,0.2,0.2,,,,,1752791245.317
2361,376466303,1752791929176,3,0.0005,0.00058951,50.3,BTC-25JUL25-140000-C,120215.71,sell,0.1,0.1,,,,,1752791929.176
2359,376466301,1752791929176,3,0.0005,0.00058951,50.3,BTC-25JUL25-140000-C,120215.71,sell,0.6,0.6,,,,,1752791929.176
2360,376466302,1752791929176,3,0.0005,0.00058951,50.3,BTC-25JUL25-140000-C,120215.71,sell,3.3,3.3,,,,,1752791929.176
2362,376466304,1752791929184,3,0.0005,0.00058951,50.3,BTC-25JUL25-140000-C,120215.71,buy,1.0,1.0,,,,,1752791929.184
2363,376466640,1752792292067,3,0.0005,0.000571,50.13,BTC-25JUL25-140000-C,120285.68,sell,0.1,0.1,,,,,1752792292.067
2364,376467418,1752792592408,3,0.0005,0.00052897,50.53,BTC-25JUL25-140000-C,120128.01,sell,0.1,0.1,,,,,1752792592.408
2365,376468881,1752792892569,3,0.0005,0.00049772,51.55,BTC-25JUL25-140000-C,119695.61,sell,0.1,0.1,,,,,1752792892.569
2366,376469483,1752793192585,3,0.0005,0.00052739,51.27,BTC-25JUL25-140000-C,119811.32,sell,0.1,0.1,,,,,1752793192.585
2367,376470154,1752793492618,3,0.0005,0.0005409,51.1,BTC-25JUL25-140000-C,119898.29,sell,0.1,0.1,,,,,1752793492.618
2368,376470574,1752793792634,2,0.0004,0.00045502,49.55,BTC-25JUL25-140000-C,119885.04,sell,0.1,0.1,,,,,1752793792.634
2369,376470945,1752794183006,0,0.0005,0.00044551,51.17,BTC-25JUL25-140000-C,119888.17,sell,0.1,0.1,,,,,1752794183.006
2370,376474230,1752796175485,1,0.0005,0.00046927,52.29,BTC-25JUL25-140000-C,119484.56,buy,0.1,0.1,,,,,1752796175.485
2371,376477361,1752798870288,2,0.0004,0.00042005,50.32,BTC-25JUL25-140000-C,119675.5,sell,0.1,0.1,,,,,1752798870.288
2372,376477658,1752799170362,3,0.0004,0.0004149,50.16,BTC-25JUL25-140000-C,119762.85,sell,0.1,0.1,,,,,1752799170.362
2373,376477997,1752799470394,3,0.0004,0.0004076,50.11,BTC-25JUL25-140000-C,119780.64,sell,0.1,0.1,,,,,1752799470.394
2374,376478421,1752799770424,3,0.0004,0.0003996,50.17,BTC-25JUL25-140000-C,119760.52,sell,0.1,0.1,,,,,1752799770.424
2375,376478424,1752799772732,3,0.0004,0.00039912,50.19,BTC-25JUL25-140000-C,119756.25,sell,0.4,0.4,,,,,1752799772.732
2376,376480459,1752801091085,0,0.0005,0.00046621,50.57,BTC-25JUL25-140000-C,120292.72,sell,0.1,0.1,,,,,1752801091.085
2377,376503099,1752814094797,0,0.0006,0.00058249,51.97,BTC-25JUL25-140000-C,120504.16,sell,0.1,0.1,,,,,1752814094.797
2378,376504238,1752815103680,1,0.0006,0.00056472,52.42,BTC-25JUL25-140000-C,120330.23,sell,0.1,0.1,,,,,1752815103.68
2379,376530314,1752825196051,2,0.0004,0.00042364,51.39,BTC-25JUL25-140000-C,119610.28,buy,0.1,0.1,,,,,1752825196.051
2380,376530315,1752825196188,3,0.0004,0.00042364,51.39,BTC-25JUL25-140000-C,119610.28,buy,0.1,0.1,,,,,1752825196.188
2381,376530388,1752825199052,3,0.0004,0.00042322,51.4,BTC-25JUL25-140000-C,119603.78,buy,0.1,0.1,,,,,1752825199.052
2382,376530428,1752825202054,3,0.0004,0.00042176,51.44,BTC-25JUL25-140000-C,119590.86,buy,0.1,0.1,,,,,1752825202.054
2383,376530858,1752825234929,3,0.0004,0.00040932,51.57,BTC-25JUL25-140000-C,119536.63,buy,1.6,1.6,,,,,1752825234.929
2384,376531017,1752825248102,3,0.0004,0.00041558,51.47,BTC-25JUL25-140000-C,119578.45,sell,2.0,2.0,,,,,1752825248.102
2385,376538210,1752826315416,3,0.0004,0.00043451,51.95,BTC-25JUL25-140000-C,119403.93,sell,0.1,0.1,,,,,1752826315.416
2386,376538263,1752826351701,2,0.0003,0.00042915,49.95,BTC-25JUL25-140000-C,119413.57,sell,0.1,0.1,,,,,1752826351.701
2387,376543803,1752827702458,0,0.0004,0.00045291,53.31,BTC-25JUL25-140000-C,118887.95,sell,20.0,20.0,,,,,1752827702.458
2388,376543804,1752827702458,1,0.0004,0.00045291,53.31,BTC-25JUL25-140000-C,118887.95,sell,0.1,0.1,,,,,1752827702.458
2389,376545998,1752828056541,1,0.0004,0.00038934,54.02,BTC-25JUL25-140000-C,118610.72,sell,0.2,0.2,,,,,1752828056.541
2390,376565014,1752839951754,0,0.0005,0.00040106,54.71,BTC-25JUL25-140000-C,119239.25,buy,1.0,1.0,,,,,1752839951.754
2391,376571410,1752842342036,2,0.0004,0.00035549,52.72,BTC-25JUL25-140000-C,119423.71,buy,10.7,10.7,,,,,1752842342.036
2392,376605877,1752849530127,3,0.0004,0.00040132,57.08,BTC-25JUL25-140000-C,117776.36,sell,2.9,2.9,,,,,1752849530.127
2393,376605939,1752849535173,3,0.0004,0.00039636,57.22,BTC-25JUL25-140000-C,117713.94,sell,2.2,2.2,,,,,1752849535.173
2394,376606090,1752849549766,3,0.0004,0.00038869,57.36,BTC-25JUL25-140000-C,117663.9,sell,2.0,2.0,,,,,1752849549.766
2395,376606970,1752849610311,3,0.0004,0.00037912,57.65,BTC-25JUL25-140000-C,117554.52,sell,2.2,2.2,,,,,1752849610.311
2396,376610286,1752849890741,3,0.0004,0.00041871,57.08,BTC-25JUL25-140000-C,117792.65,sell,2.0,2.0,,,,,1752849890.741
2397,376611409,1752850068080,3,0.0004,0.00043815,56.64,BTC-25JUL25-140000-C,117975.73,sell,2.1,2.1,,,,,1752850068.08
2398,376611436,1752850079338,3,0.0004,0.00043352,56.7,BTC-25JUL25-140000-C,117959.66,sell,2.4,2.4,,,,,1752850079.338
2399,376613577,1752850317250,3,0.0004,0.00045906,56.1,BTC-25JUL25-140000-C,118200.77,sell,2.1,2.1,,,,,1752850317.25
2400,376613729,1752850343945,3,0.0004,0.00045901,56.05,BTC-25JUL25-140000-C,118226.83,sell,2.1,2.1,,,,,1752850343.945
2401,376613971,1752850384452,3,0.0004,0.0004496,56.2,BTC-25JUL25-140000-C,118168.95,sell,2.2,2.2,,,,,1752850384.452
2402,376620891,1752852114548,3,0.0004,0.00037582,57.67,BTC-25JUL25-140000-C,117615.33,sell,2.1,2.1,,,,,1752852114.548
2403,376620952,1752852138082,3,0.0004,0.000385,57.51,BTC-25JUL25-140000-C,117677.01,sell,2.3,2.3,,,,,1752852138.082
2404,376640972,1752862967443,2,0.0003,0.00037122,56.19,BTC-25JUL25-140000-C,117584.9,sell,2.9,2.9,,,,,1752862967.443
2405,376640973,1752862967443,3,0.0003,0.00037122,56.19,BTC-25JUL25-140000-C,117584.9,sell,30.0,30.0,,,,,1752862967.443
2406,376678113,1752876655298,2,0.0002,0.00028259,54.04,BTC-25JUL25-140000-C,117545.23,sell,0.1,0.1,,,,,1752876655.298
2407,376679441,1752877694663,3,0.0002,0.00030446,53.11,BTC-25JUL25-140000-C,117999.41,sell,0.1,0.1,,,,,1752877694.663
2408,376679442,1752877694663,3,0.0002,0.00030446,53.11,BTC-25JUL25-140000-C,117999.41,sell,0.9,0.9,,,,,1752877694.663
2409,376683336,1752881420880,0,0.0003,0.00025064,56.16,BTC-25JUL25-140000-C,117931.11,buy,1.0,1.0,,,,,1752881420.88
2410,376683337,1752881420880,0,0.0004,0.00025064,58.36,BTC-25JUL25-140000-C,117931.11,buy,30.0,30.0,,,,,1752881420.88
2411,376695122,1752905443087,1,0.0004,0.00041402,58.58,BTC-25JUL25-140000-C,118361.34,sell,8.5,8.5,,,,,1752905443.087
2412,376695883,1752907577795,2,0.0003,0.00036436,56.8,BTC-25JUL25-140000-C,118218.32,sell,1.1,1.1,,,,,1752907577.795
2413,376695886,1752907589301,3,0.0003,0.00036432,56.8,BTC-25JUL25-140000-C,118218.17,sell,1.1,1.1,,,,,1752907589.301
2414,376695891,1752907593982,3,0.0003,0.00036431,56.8,BTC-25JUL25-140000-C,118218.24,sell,1.1,1.1,,,,,1752907593.982
2415,376695894,1752907599776,3,0.0003,0.00036414,56.8,BTC-25JUL25-140000-C,118221.34,sell,1.1,1.1,,,,,1752907599.776
2416,376695897,1752907604025,3,0.0003,0.00036465,56.79,BTC-25JUL25-140000-C,118221.83,sell,1.1,1.1,,,,,1752907604.025
2417,376695901,1752907608048,3,0.0003,0.00036464,56.79,BTC-25JUL25-140000-C,118222.34,sell,1.1,1.1,,,,,1752907608.048
2418,376695907,1752907611810,3,0.0003,0.00036469,56.79,BTC-25JUL25-140000-C,118223.47,sell,1.1,1.1,,,,,1752907611.81
2419,376695911,1752907616409,3,0.0003,0.00036481,56.79,BTC-25JUL25-140000-C,118223.52,sell,1.1,1.1,,,,,1752907616.409
2420,376695922,1752907620540,3,0.0003,0.00036473,56.78,BTC-25JUL25-140000-C,118226.57,sell,1.1,1.1,,,,,1752907620.54
2421,376695923,1752907622691,3,0.0003,0.00036495,56.78,BTC-25JUL25-140000-C,118226.07,sell,1.1,1.1,,,,,1752907622.691
2422,376695924,1752907624148,3,0.0003,0.00036513,56.78,BTC-25JUL25-140000-C,118225.87,sell,1.1,1.1,,,,,1752907624.148
2423,376695925,1752907625673,3,0.0003,0.0003651,56.78,BTC-25JUL25-140000-C,118225.87,buy,1.1,1.1,,,,,1752907625.673
2424,376695927,1752907627077,3,0.0003,0.00036504,56.78,BTC-25JUL25-140000-C,118225.87,buy,0.7,0.7,,,,,1752907627.077
2425,376695928,1752907627079,3,0.0003,0.00036504,56.78,BTC-25JUL25-140000-C,118225.87,buy,0.4,0.4,,,,,1752907627.079
2426,376695938,1752907652150,3,0.0003,0.00036319,56.78,BTC-25JUL25-140000-C,118222.2,sell,1.1,1.1,,,,,1752907652.15
2427,376695946,1752907660745,3,0.0003,0.00036169,56.8,BTC-25JUL25-140000-C,118218.46,sell,1.0,1.0,,,,,1752907660.745
2428,376695962,1752907683872,3,0.0003,0.00036003,56.8,BTC-25JUL25-140000-C,118218.76,sell,1.1,1.1,,,,,1752907683.872
2429,376698887,1752911335449,3,0.0003,0.00037954,56.85,BTC-25JUL25-140000-C,118265.91,sell,1.0,1.0,,,,,1752911335.449
2430,376698888,1752911335449,3,0.0003,0.00037954,56.85,BTC-25JUL25-140000-C,118265.91,sell,29.0,29.0,,,,,1752911335.449
2431,376700650,1752912066790,0,0.0004,0.00038174,59.13,BTC-25JUL25-140000-C,118274.55,buy,0.2,0.2,,,,,1752912066.79
2432,376700651,1752912066790,0,0.0005,0.00038174,61.01,BTC-25JUL25-140000-C,118274.55,buy,0.3,0.3,,,,,1752912066.79
2434,376700653,1752912066790,1,0.0005,0.00038174,61.01,BTC-25JUL25-140000-C,118274.55,buy,0.5,0.5,,,,,1752912066.79
2433,376700652,1752912066790,1,0.0005,0.00038174,61.01,BTC-25JUL25-140000-C,118274.55,buy,29.0,29.0,,,,,1752912066.79
2435,376700886,1752912225720,2,0.0004,0.00035139,59.11,BTC-25JUL25-140000-C,118285.52,buy,30.0,30.0,,,,,1752912225.72
2436,376706178,1752916520733,3,0.0004,0.00035128,59.48,BTC-25JUL25-140000-C,118215.2,buy,0.3,0.3,,,,,1752916520.733
2437,376706179,1752916520735,3,0.0004,0.00035128,59.48,BTC-25JUL25-140000-C,118215.2,sell,0.5,0.5,,,,,1752916520.735
2438,376706180,1752916520737,3,0.0004,0.00035128,59.48,BTC-25JUL25-140000-C,118215.2,sell,0.2,0.2,,,,,1752916520.737
2439,376706184,1752916528477,3,0.0004,0.00035185,59.47,BTC-25JUL25-140000-C,118215.52,sell,1.0,1.0,,,,,1752916528.477
2440,376706185,1752916538506,3,0.0004,0.00035233,59.48,BTC-25JUL25-140000-C,118215.5,sell,1.0,1.0,,,,,1752916538.506
2441,376706188,1752916548481,3,0.0004,0.0003523,59.49,BTC-25JUL25-140000-C,118210.67,sell,1.0,1.0,,,,,1752916548.481
2442,376706189,1752916558518,3,0.0004,0.00035217,59.49,BTC-25JUL25-140000-C,118209.72,sell,1.0,1.0,,,,,1752916558.518
2443,376706878,1752917286409,3,0.0004,0.00036297,59.32,BTC-25JUL25-140000-C,118288.28,sell,0.5,0.5,,,,,1752917286.409
2444,376716985,1752930420673,2,0.0003,0.00033935,57.86,BTC-25JUL25-140000-C,118254.71,sell,0.3,0.3,,,,,1752930420.673
2445,376717319,1752931161603,3,0.0003,0.00034684,57.8,BTC-25JUL25-140000-C,118323.43,sell,0.7,0.7,,,,,1752931161.603
2446,376738853,1752964034988,2,0.0002,0.00018981,58.04,BTC-25JUL25-140000-C,117804.35,buy,0.1,0.1,,,,,1752964034.988
2447,376738854,1752964035204,3,0.0002,0.00018981,58.04,BTC-25JUL25-140000-C,117804.35,buy,0.1,0.1,,,,,1752964035.204
2449,376738856,1752964039242,3,0.0002,0.00018977,58.04,BTC-25JUL25-140000-C,117803.22,buy,0.1,0.1,,,,,1752964039.242
2448,376738855,1752964039242,3,0.0002,0.00018977,58.04,BTC-25JUL25-140000-C,117803.22,buy,0.1,0.1,,,,,1752964039.242
2451,376739033,1752964808810,0,0.0003,0.00017215,61.11,BTC-25JUL25-140000-C,117817.41,buy,1.0,1.0,,,,,1752964808.81
2450,376739032,1752964808810,3,0.0002,0.00017215,58.09,BTC-25JUL25-140000-C,117817.41,buy,1.5,1.5,,,,,1752964808.81
2452,376752329,1752995569318,2,0.0002,0.00018415,59.81,BTC-25JUL25-140000-C,117912.65,sell,0.1,0.1,,,,,1752995569.318
2453,376769854,1753011161883,3,0.0002,0.00024463,60.92,BTC-25JUL25-140000-C,117924.86,sell,4.0,4.0,,,,,1753011161.883
2454,376774341,1753015960152,3,0.0002,0.00019685,60.74,BTC-25JUL25-140000-C,118135.1,sell,0.1,0.1,,,,,1753015960.152
2455,376774347,1753015966327,3,0.0002,0.00019723,60.73,BTC-25JUL25-140000-C,118135.77,buy,0.1,0.1,,,,,1753015966.327
2458,376776343,1753019376755,3,0.0002,0.00020058,60.84,BTC-25JUL25-140000-C,118197.13,sell,0.1,0.1,,,,,1753019376.755
2457,376776342,1753019376755,3,0.0002,0.00020058,60.84,BTC-25JUL25-140000-C,118197.13,sell,0.1,0.1,,,,,1753019376.755
2456,376776341,1753019376755,3,0.0002,0.00020058,60.84,BTC-25JUL25-140000-C,118197.13,sell,0.1,0.1,,,,,1753019376.755
2459,376782354,1753023304369,0,0.0003,0.00017866,63.59,BTC-25JUL25-140000-C,118450.54,buy,4.6,4.6,,,,,1753023304.369
2460,376786643,1753027342998,2,0.0002,0.00031688,59.65,BTC-25JUL25-140000-C,118836.41,sell,0.1,0.1,,,,,1753027342.998
2461,376789997,1753030483760,0,0.0004,0.00028654,66.09,BTC-25JUL25-140000-C,118683.47,buy,1.0,1.0,,,,,1753030483.76
2462,376796418,1753037348772,2,0.0003,0.00029528,64.8,BTC-25JUL25-140000-C,118427.14,buy,0.2,0.2,,,,,1753037348.772
2463,376796930,1753038268606,3,0.0003,0.00033429,64.68,BTC-25JUL25-140000-C,118485.05,sell,0.1,0.1,,,,,1753038268.606
2464,376797972,1753039799535,3,0.0003,0.00033297,64.53,BTC-25JUL25-140000-C,118581.83,sell,0.2,0.2,,,,,1753039799.535
2465,376800061,1753042582640,3,0.0003,0.00031842,65.89,BTC-25JUL25-140000-C,118196.52,sell,0.5,0.5,,,,,1753042582.64
2466,376802324,1753046112746,3,0.0003,0.00031187,66.61,BTC-25JUL25-140000-C,118034.82,sell,0.1,0.1,,,,,1753046112.746
2467,376845877,1753067357657,3,0.0003,0.00025482,67.56,BTC-25JUL25-140000-C,118487.89,buy,0.1,0.1,,,,,1753067357.657
2468,376854311,1753076393197,2,0.0002,0.00021597,65.32,BTC-25JUL25-140000-C,118361.91,sell,0.1,0.1,,,,,1753076393.197
2469,376854312,1753076393199,3,0.0002,0.00021597,65.32,BTC-25JUL25-140000-C,118361.91,buy,0.4,0.4,,,,,1753076393.199
2470,376854313,1753076393202,3,0.0002,0.00021597,65.32,BTC-25JUL25-140000-C,118361.91,buy,0.4,0.4,,,,,1753076393.202
2471,376854314,1753076393203,3,0.0002,0.00021597,65.32,BTC-25JUL25-140000-C,118361.91,buy,0.1,0.1,,,,,1753076393.203
2472,376897795,1753101835526,3,0.0002,0.00018436,68.03,BTC-25JUL25-140000-C,118311.74,sell,0.1,0.1,,,,,1753101835.526
2473,376910676,1753108001006,3,0.0002,0.00017386,67.11,BTC-25JUL25-140000-C,118854.48,sell,0.1,0.1,,,,,1753108001.006
2474,376916129,1753110806539,3,0.0002,0.00017963,67.44,BTC-25JUL25-140000-C,118856.87,sell,0.1,0.1,,,,,1753110806.539
2475,376919920,1753112849521,3,0.0002,0.00017532,68.86,BTC-25JUL25-140000-C,118447.14,sell,0.1,0.1,,,,,1753112849.521
2476,376929113,1753118232616,3,0.0002,0.00015703,70.89,BTC-25JUL25-140000-C,117949.37,buy,0.1,0.1,,,,,1753118232.616
2477,376929114,1753118233824,3,0.0002,0.00015561,70.9,BTC-25JUL25-140000-C,117950.48,buy,0.1,0.1,,,,,1753118233.824
2478,376929115,1753118235043,3,0.0002,0.00015561,70.89,BTC-25JUL25-140000-C,117949.38,buy,0.1,0.1,,,,,1753118235.043
2479,376929116,1753118236231,3,0.0002,0.00015515,70.9,BTC-25JUL25-140000-C,117951.13,buy,0.1,0.1,,,,,1753118236.231
2480,376929117,1753118237372,3,0.0002,0.00015495,70.89,BTC-25JUL25-140000-C,117950.78,buy,0.1,0.1,,,,,1753118237.372
2481,376929118,1753118238491,3,0.0002,0.0001549,70.89,BTC-25JUL25-140000-C,117950.76,buy,0.1,0.1,,,,,1753118238.491
2482,376929119,1753118239982,3,0.0002,0.00015491,70.89,BTC-25JUL25-140000-C,117951.13,buy,0.1,0.1,,,,,1753118239.982
2483,376932418,1753121087505,3,0.0002,0.00018999,71.16,BTC-25JUL25-140000-C,117952.73,sell,0.1,0.1,,,,,1753121087.505
2484,376932419,1753121087518,3,0.0002,0.00018999,71.16,BTC-25JUL25-140000-C,117952.73,buy,0.1,0.1,,,,,1753121087.518
2486,376933330,1753122054892,3,0.0002,0.0001887,71.06,BTC-25JUL25-140000-C,118052.65,sell,0.3,0.3,,,,,1753122054.892
2485,376933329,1753122054892,3,0.0002,0.0001887,71.06,BTC-25JUL25-140000-C,118052.65,sell,0.1,0.1,,,,,1753122054.892
2487,376933331,1753122054899,3,0.0002,0.0001887,71.06,BTC-25JUL25-140000-C,118052.65,buy,0.1,0.1,,,,,1753122054.899
2488,376933332,1753122055003,3,0.0002,0.0001887,71.06,BTC-25JUL25-140000-C,118052.65,buy,0.1,0.1,,,,,1753122055.003
2489,376960606,1753136405323,2,0.0001,0.00013992,69.67,BTC-25JUL25-140000-C,117254.97,sell,0.5,0.5,,,,,1753136405.323
2490,376964405,1753140770651,0,0.0002,0.00015702,75.01,BTC-25JUL25-140000-C,117540.59,buy,0.5,0.5,,,,,1753140770.651
2491,376964406,1753140770651,1,0.0002,0.00015702,75.01,BTC-25JUL25-140000-C,117540.59,buy,2.5,2.5,,,,,1753140770.651
2492,376964558,1753141143467,1,0.0002,0.0001534,75.09,BTC-25JUL25-140000-C,117527.15,buy,2.0,2.0,,,,,1753141143.467
2493,376977305,1753148930820,1,0.0002,0.0001503,75.07,BTC-25JUL25-140000-C,117864.49,buy,0.3,0.3,,,,,1753148930.82
2494,376977306,1753148930820,1,0.0002,0.0001503,75.07,BTC-25JUL25-140000-C,117864.49,buy,7.7,7.7,,,,,1753148930.82
2495,376992977,1753162682783,2,0.0001,0.00018426,72.85,BTC-25JUL25-140000-C,117314.71,sell,0.5,0.5,,,,,1753162682.783
2497,376992979,1753162682783,3,0.0001,0.00018426,72.85,BTC-25JUL25-140000-C,117314.71,sell,0.1,0.1,,,,,1753162682.783
2498,376992980,1753162682783,3,0.0001,0.00018426,72.85,BTC-25JUL25-140000-C,117314.71,sell,30.0,30.0,,,,,1753162682.783
2499,376992981,1753162682783,3,0.0001,0.00018426,72.85,BTC-25JUL25-140000-C,117314.71,sell,0.1,0.1,,,,,1753162682.783
2496,376992978,1753162682783,3,0.0001,0.00018426,72.85,BTC-25JUL25-140000-C,117314.71,sell,0.5,0.5,,,,,1753162682.783
2500,377023318,1753174698798,3,0.0001,0.00015291,71.39,BTC-25JUL25-140000-C,118307.61,buy,0.1,0.1,,,,,1753174698.798
2501,377023335,1753174707604,3,0.0001,0.00015285,71.4,BTC-25JUL25-140000-C,118309.64,sell,0.1,0.1,,,,,1753174707.604
2502,377023336,1753174707604,3,0.0001,0.00015285,71.4,BTC-25JUL25-140000-C,118309.64,sell,0.1,0.1,,,,,1753174707.604
2503,377023337,1753174707606,3,0.0001,0.00015285,71.4,BTC-25JUL25-140000-C,118309.64,buy,0.2,0.2,,,,,1753174707.606
2504,377026048,1753176334288,3,0.0001,0.00014247,71.99,BTC-25JUL25-140000-C,118188.21,sell,0.2,0.2,,,,,1753176334.288
2505,377026049,1753176334290,3,0.0001,0.00014247,71.99,BTC-25JUL25-140000-C,118188.21,buy,0.8,0.8,,,,,1753176334.29
2506,377037955,1753181881740,0,0.0002,0.0001711,76.25,BTC-25JUL25-140000-C,118947.87,buy,0.7,0.7,,,,,1753181881.74
2507,377048581,1753186570855,2,0.0001,0.00018182,69.92,BTC-25JUL25-140000-C,119294.93,buy,0.1,0.1,,,,,1753186570.855
2508,377079826,1753198011640,0,0.0002,0.00014667,78.72,BTC-25JUL25-140000-C,118899.44,buy,0.3,0.3,,,,,1753198011.64
2509,377114971,1753212574904,1,0.0002,0.00015268,78.93,BTC-25JUL25-140000-C,119586.44,buy,0.1,0.1,,,,,1753212574.904
2510,377115377,1753212837429,1,0.0002,0.00015231,79.24,BTC-25JUL25-140000-C,119507.5,buy,0.1,0.1,,,,,1753212837.429
2511,377122902,1753219636169,1,0.0002,0.00013945,80.08,BTC-25JUL25-140000-C,119589.12,buy,0.1,0.1,,,,,1753219636.169
2512,377122903,1753219638191,1,0.0002,0.00013949,80.08,BTC-25JUL25-140000-C,119589.51,buy,0.1,0.1,,,,,1753219638.191
2513,377122904,1753219639385,1,0.0002,0.00013948,80.08,BTC-25JUL25-140000-C,119589.13,buy,0.1,0.1,,,,,1753219639.385
2514,377122905,1753219640518,1,0.0002,0.00013949,80.08,BTC-25JUL25-140000-C,119587.05,buy,0.1,0.1,,,,,1753219640.518
2515,377122906,1753219641598,1,0.0002,0.0001395,80.09,BTC-25JUL25-140000-C,119586.24,buy,0.1,0.1,,,,,1753219641.598
2516,377127269,1753223735995,1,0.0002,0.00014841,79.52,BTC-25JUL25-140000-C,119956.57,buy,0.1,0.1,,,,,1753223735.995
2518,377145449,1753241244581,3,0.0001,0.00014792,80.18,BTC-25JUL25-140000-C,118990.12,sell,0.1,0.1,,,,,1753241244.581
2517,377145448,1753241244581,2,0.0001,0.00014792,80.18,BTC-25JUL25-140000-C,118990.12,sell,0.3,0.3,,,,,1753241244.581
2520,377161038,1753257953309,3,0.0001,7.117e-05,86.81,BTC-25JUL25-140000-C,118306.91,sell,0.3,0.3,,,,,1753257953.309
2519,377161037,1753257953309,3,0.0001,7.117e-05,86.81,BTC-25JUL25-140000-C,118306.91,sell,0.4,0.4,,,,,1753257953.309
2521,377161039,1753257953314,3,0.0001,7.117e-05,86.81,BTC-25JUL25-140000-C,118306.91,buy,0.1,0.1,,,,,1753257953.314
2522,377161040,1753257953435,3,0.0001,7.117e-05,86.81,BTC-25JUL25-140000-C,118306.91,buy,0.1,0.1,,,,,1753257953.435
2525,377179704,1753266011097,3,0.0001,4.631e-05,90.52,BTC-25JUL25-140000-C,117984.9,buy,0.6,0.6,,,,,1753266011.097
2523,377179702,1753266011097,3,0.0001,4.631e-05,90.52,BTC-25JUL25-140000-C,117984.9,buy,0.1,0.1,,,,,1753266011.097
2524,377179703,1753266011097,3,0.0001,4.631e-05,90.52,BTC-25JUL25-140000-C,117984.9,buy,0.3,0.3,,,,,1753266011.097
2526,377182335,1753268694927,3,0.0001,5.298e-05,89.39,BTC-25JUL25-140000-C,118435.34,sell,16.0,16.0,128.0,BLOCK-212796,,,1753268694.927
2527,377363050,1753366641557,3,0.0001,3e-08,143.92,BTC-25JUL25-140000-C,118137.56,buy,0.3,0.3,,,,,1753366641.557
